1985 3308
605 692 892 724 CLARISSIMO
924 692 1041 723 VIRO

399 813 668 861 THOMAE
713 813 1092 873 SYDENHAM,
1135 813 1258 861 M.D.

155 936 336 976 NEMO
364 937 524 989 uspiam
558 936 829 986 Medicorum,
869 937 943 976 Vir
971 937 1277 986 Eruditissime,
1309 935 1443 978 adhuc
1476 937 1557 977 vim

99 1004 208 1044 aeris
233 1008 273 1044 et
299 1003 552 1057 influentiam
581 1004 626 1044 in
647 1005 823 1044 humana
845 1017 1017 1057 corpora
1038 1007 1191 1045 attente
1208 1005 1427 1056 perpendit
1440 1022 1453 1051 ;
1484 1018 1557 1046 nec

95 1072 140 1112 in
171 1073 257 1112 vita
287 1076 428 1112 nostra
451 1072 719 1124 perennanda
754 1085 854 1126 quas
884 1073 971 1125 aqit
993 1076 1152 1124 partes,
1184 1085 1322 1112 eorum
1356 1073 1556 1125 quispiam

98 1139 370 1180 consideravit
398 1140 528 1185 satis,·
559 1140 742 1192 viresque
767 1153 868 1192 quas
898 1140 1029 1180 exerit
1058 1140 1102 1180 in
1119 1139 1422 1192 fermentando,
1454 1142 1554 1182 alte-

94 1207 238 1257 rando,
259 1211 298 1247 et
319 1207 665 1256 circumducendo,
687 1207 937 1260 sanquinem,
959 1211 1032 1248 aut
1051 1208 1096 1247 in
1115 1207 1290 1247 motibus
1311 1208 1556 1248 animalibus

95 1275 392 1327 quibuscunque
412 1275 662 1327 peraqendis
691 1275 805 1327 cujus
824 1276 880 1315 sit
907 1275 1094 1328 enerqiae
1115 1279 1154 1316 et
1174 1276 1390 1330 efficaciae,
1413 1276 1556 1316 liorum

93 1356 173 1383 non
193 1343 342 1395 aliquis
368 1343 524 1382 notavit
537 1360 551 1390 ;
581 1355 707 1394 neque
734 1343 910 1395 ejusdem
932 1343 1166 1395 temperiem
1196 1344 1438 1393 naturalem,
1455 1345 1554 1384 alte-

92 1411 273 1451 rationes
303 1410 548 1462 multiplices
579 1414 619 1450 et
648 1411 904 1460 mutationes,
941 1423 1043 1463 quas
1075 1410 1414 1451 Constitutiones
1445 1412 1559 1452 haud

84 1491 306 1531 perperam
329 1479 540 1531 indiqitas,
562 1491 612 1518 ne
639 1479 782 1519 leviter
802 1479 962 1531 quidem
985 1479 1051 1519 vel
1067 1479 1239 1529 Medici,
1260 1480 1325 1520 vel
1341 1479 1555 1520 Historiae

91 1548 313 1588 Naturalis
337 1547 571 1600 Scriptores
590 1548 828 1600 attiqerunt,
850 1548 975 1588 multo
1002 1547 1134 1587 minus
1155 1548 1416 1599 perscrutari
1446 1553 1552 1589 sate-

87 1619 248 1668 yemnt.
319 1616 432 1656 Fieri
466 1629 564 1656 sane
598 1616 749 1670 nequit,
791 1628 881 1656 cum
921 1616 966 1656 in
1006 1629 1141 1656 omnes
1181 1616 1365 1668 corporis
1390 1620 1551 1668 partes,

91 1685 213 1725 etiam
241 1685 600 1734 reconditissimas,
627 1687 700 1724 ae'r
727 1697 814 1724 sese
843 1684 1032 1733 insinuet,
1065 1684 1161 1738 quin
1186 1697 1288 1736 quas
1314 1684 1422 1724 subit
1450 1686 1550 1725 alte-

90 1753 271 1793 rationes
309 1756 349 1793 et
387 1753 631 1793 mutationes
665 1766 691 1792 a
726 1752 846 1792 rebus
884 1752 1027 1804 quibus
1060 1752 1354 1804 impregnatur,
1390 1753 1551 1800 easdem

89 1821 280 1874 sanquim'
300 1824 339 1860 et
365 1821 496 1861 succis
523 1821 786 1861 communicet
806 1824 846 1860 et
866 1821 1102 1872 imprimat;
1133 1820 1239 1861 unde
1258 1824 1304 1860 ut
1325 1821 1551 1872 plurimum

90 1888 143 1928 ab
163 1889 241 1929 hac
259 1889 324 1928 vel
341 1889 414 1928 illa
433 1901 569 1941 prava
597 1889 706 1928 ae'ris
735 1889 1020 1928 constitutione
1048 1888 1182 1928 oritur
1208 1888 1329 1940 liujus
1348 1890 1413 1929 vel
1439 1890 1551 1930 illius

90 1956 238 1996 indolis
272 1969 409 2008 prava
453 1957 665 2009 sanquinis
704 1957 914 1997 diathesis.
1000 1957 1161 2009 Optimo
1206 1957 1344 2010 itaque
1383 1959 1549 1998 consilio

90 2023 416 2064 Observationes
436 2024 629 2064 Medicas
650 2024 761 2065 circa
781 2024 1034 2079 Morborum
1054 2024 1294 2065 Acutorum
1312 2024 1548 2066 Historiam

89 2096 133 2132 et
152 2091 428 2133 Curationem
437 2093 566 2145 juoeta
585 2093 726 2133 varias
741 2106 939 2132 annorum
960 2096 999 2132 et
1015 2093 1231 2132 eorundem
1248 2094 1432 2144 partium
1453 2107 1545 2135 con-

87 2160 317 2200 stitutiones
338 2161 565 2210 instituisti,
583 2173 671 2200 cum
692 2160 735 2200 in
755 2161 898 2201 iisdem
915 2160 1024 2200 ae'ris
1045 2160 1222 2199 actiones
1242 2160 1284 2199 in
1296 2162 1545 2213 sanquinem,

87 2240 239 2279 succos,
261 2232 300 2268 et
323 2229 493 2280 spiritus
505 2229 766 2280 praesertim,
793 2227 849 2282 (si
876 2229 961 2280 ipse
988 2241 1067 2268 non
1094 2228 1149 2266 sit
1178 2228 1396 2279 spirituum
1420 2234 1545 2270 mate-

86 2296 182 2349 ria,)
207 2296 520 2348 conspiciantur.
581 2296 642 2335 Et
662 2296 796 2335 nullus
818 2295 957 2336 dubito
979 2296 1073 2348 quin
1095 2295 1287 2335 Febrium
1304 2296 1471 2348 indoles,
1494 2298 1545 2337 ab

88 2376 283 2404 annorum
298 2364 487 2416 temperie
504 2365 544 2403 in
560 2363 703 2416 quibus
714 2363 1017 2416 qi·assaba72tzii·
1033 2362 1258 2413 observata,
1272 2365 1544 2416 utilissimam,

86 2431 123 2471 si
158 2445 236 2471 non
265 2432 439 2482 unicam,
466 2431 695 2472 methodum
725 2432 935 2471 constituit
966 2431 1023 2471 ad
1042 2426 1215 2483 prai'im
1245 2432 1544 2473 stabiliendam.

86 2498 221 2551 Perqe
250 2499 398 2551 itaque,
429 2503 468 2539 et
497 2500 638 2552 siquae
668 2499 801 2539 adhuc
830 2503 988 2539 restant
1024 2499 1332 2539 Observationes
1360 2500 1549 2540 Febrium

86 2579 283 2606 annorum
308 2567 537 2618 nuperrime
561 2568 801 2619 elapsorum,
820 2567 900 2619 fac
929 2571 974 2607 ut
996 2567 1142 2619 palam
1162 2565 1285 2617 fiant,
1318 2581 1397 2620 qua
1430 2568 1474 2608 in
1502 2582 1548 2608 re

86 2647 206 2686 quam
225 2635 400 2674 maxime
421 2635 587 2675 humani
604 2636 768 2688 ,qeneris
787 2636 912 2674 saluti
926 2635 1169 2687 prospicies.

140 2702 192 2742 In
208 2702 315 2742 Sect.
329 2703 482 2754 prima,
500 2715 588 2754 cap.
607 2703 757 2755 quinto,
783 2703 825 2757 [ξ
849 2704 903 2743 33
920 2703 999 2756 sq.]
1022 2703 1141 2743 Libri
1162 2705 1249 2755 Tui,
1260 2705 1410 2757 paucis
1426 2705 1545 2756 eqisti

85 2769 134 2810 de
147 2783 222 2810 usu
239 2770 412 2810 Corticis
431 2770 578 2820 Indici,
600 2774 638 2810 et
660 2771 835 2823 ejusdem
859 2770 1073 2810 exhibendi
1094 2773 1290 2813 methodo.
1343 2773 1544 2825 Equidem

84 2837 166 2877 scio
182 2837 375 2890 quosdam
391 2838 504 2877 haud
516 2837 645 2890 infimi
660 2838 840 2877 subsellii
857 2838 1053 2887 Affeclicos,
1072 2839 1139 2891 qui
1160 2840 1203 2879 in
1219 2854 1366 2892 maqna
1383 2842 1542 2893 quanti-

85 2907 168 2945 tate
183 2909 222 2945 et
243 2906 330 2946 dosi
351 2906 511 2958 saepius
533 2907 703 2958 repetita
726 2920 810 2946 eum
830 2906 1042 2952 eivlcibenm
1076 2908 1178 2947 alios
1200 2909 1306 2959 item,
1325 2910 1392 2961 qui
1413 2923 1463 2949 ex
1479 2923 1541 2949 eo-

778 2987 804 3013 N
830 2988 858 3013 ιι
