1985 3308
494 147 592 189 DIS
599 145 888 188 SERTATIO
918 145 1323 187 EPISTOLARIS.
1524 144 1613 186 '385

513 264 593 287 cum
611 252 802 287 sufficiente
819 253 1016 297 quantitate
1034 251 1190 286 Balsami
1208 251 1415 292 Peruviaui3
1655 259 1709 289 DE
1727 259 1795 290 Ap-

353 310 458 345 Fiant
473 310 601 355 pilulae
617 321 636 344 e
653 309 798 354 singulis
815 309 989 343 drachmis
1010 308 1194 342 duodecim
1208 321 1216 348 3
1248 314 1364 342 sumat
1386 314 1452 341 tres
1469 309 1615 353 sing-ulis
1635 309 1727 333 mer.
1744 302 1817 332 HY-

349 368 519 408 noctibus‚
546 366 796 412 superbibendo
822 366 944 410 Aquae
970 365 1144 411 Bryoniac
1171 365 1394 410 Compositae
1426 364 1618 399 cochlearia
1649 353 1806 374 summ·

350 426 417 460 tria
435 425 485 459 vel
502 431 648 470 quatuor
663 435 724 470 per
739 430 852 458 totum
870 422 1053 458 decursum
1070 423 1173 468 hujus
1189 433 1374 468 processus.

224 515 301 556 Sin
331 520 475 556 autem
504 514 660 569 pilulae
690 514 841 555 ultimo
870 513 1152 567 praescriptae
1172 517 1366 553 ventrem
1394 513 1618 563 moverint,

166 583 296 637 (quod
325 583 370 623 in
400 583 643 636 corporibus
677 595 783 636 quae
818 580 1014 622 facillime
1042 584 1294 634 purgantur,
1325 593 1425 633 prae
1457 580 1619 632 gummi

163 665 270 705 quae
291 651 452 701 insunt,
475 650 727 704 quandoque
747 649 825 702 fit,)
849 653 942 690 tum
963 653 1186 702 sequentes
1208 647 1521 689 substituantur
1536 665 1603 688 :—

162 750 295 791 [Form.
313 748 410 794 81.]¹’
459 749 500 800 R
528 751 684 785 Castorei
700 749 901 784 drachmam
919 760 1038 789 unam,

529 808 618 842 Salis
636 808 775 841 Succini
792 806 952 840 volatilis
968 805 1270 847 semifflachmam,

528 877 609 899 cum
627 865 820 898 sufficiente
838 864 1032 908 quantitate
1050 863 1209 896 Extracti
1229 862 1362 902 Rutae;

350 924 454 958 Fiant
490 924 618 969 pilulae
656 924 804 968 exiguae
845 932 989 956 numero
1022 921 1147 966 viginti
1191 926 1360 965 quatuor-3
1400 922 1516 966 capiat
1549 927 1617 956 tres

347 982 494 1027 singulis
510 981 680 1015 noctibus.

226 1066 362 1120 [105.]
377 1073 392 1094 c
425 1066 508 1108 Hic
530 1070 672 1107 autem
693 1065 1016 1115 observandum,
1035 1063 1145 1118 quod
1165 1063 1427 1118 chalybeata,
1447 1062 1492 1103 in
1514 1076 1614 1116 qua·
1635 1067 1669 1098 Si
1685 1069 1796 1109 chaly-

159 1146 329 1187 cunque
368 1133 505 1174 forma
546 1139 620 1174 aut
661 1133 751 1174 dosi
791 1133 1084 1182 exhibeantur,
1126 1131 1321 1172 foeminis
1363 1130 1615 1185 quandoque
1632 1111 1808 1191 ffisssssslff’t‘fr‘

158 1214 336 1253 magnas
367 1205 462 1241 tum
497 1201 627 1241 animi
660 1205 755 1241 tum
787 1200 971 1254 corporis
1010 1199 1355 1253 perturbationes
1394 1198 1614 1250 inducant,
1633 1195 1811 1269 laudapum

157 1267 285 1321 idque
315 1282 403 1309 non
428 1268 563 1309 solum
594 1268 740 1322 primis
768 1267 928 1318 diebus,
956 1266 1084 1321 (quod
1113 1266 1200 1306 fere
1222 1265 1418 1306 omnibus
1441 1267 1614 1307 solenne
1631 1249 1780 1312 {ffc‘tiilbitss

157 1336 250 1388 est,)
276 1336 349 1376 sed
374 1336 502 1377 etiam
528 1350 605 1390 per
624 1341 764 1377 totum
785 1339 954 1389 tempus
980 1348 1062 1388 quo
1089 1333 1170 1374 illis
1200 1337 1397 1373 utuntur.
1459 1333 1514 1373 In
1534 1333 1614 1374 hoc
1631 1333 1762 1398 {ffissl‘fn‘

156 1415 257 1444 casu
291 1417 380 1444 non
415 1404 557 1445 statim
591 1403 779 1458 chalybis
808 1417 911 1444 usus
942 1401 1063 1442 dictis
1092 1399 1354 1454 temporibus
1384 1400 1614 1440 interrum-

155 1471 333 1525 pendus,
371 1472 457 1524 sed,
490 1487 573 1527 quo
603 1472 755 1513 melius
789 1471 975 1513 eundem
1005 1470 1115 1510 ferre
1146 1468 1349 1523 poterint,
1380 1468 1615 1510 laudanum

155 1552 265 1592 aqua
296 1539 436 1593 aliqua
466 1539 693 1595 Hysterica
716 1539 893 1580 mistum
924 1538 1101 1591 singulis
1134 1537 1331 1578 noctibus
1362 1536 1416 1578 ad
1444 1541 1614 1591 tempus

155 1607 326 1661 aliquod
344 1608 672 1662 propinandum.

219 1680 357 1734 [106.]
394 1682 455 1722 At
490 1681 566 1722 ubi
593 1686 880 1736 symptomata
909 1680 1079 1722 mitiora
1106 1685 1220 1732 sunt,
1248 1685 1291 1722 et
1318 1694 1384 1721 res
1416 1681 1505 1721 sine
1533 1681 1613 1722 fer·
1634 1695 1699 1726 Ubi
1715 1706 1803 1737 sym-

154 1763 202 1790 ro
235 1749 523 1804 introsumpto
552 1750 732 1804 transigi
766 1764 888 1804 posse
918 1750 1123 1801 videatur,
1159 1751 1219 1803 (in
1254 1751 1420 1791 minore
1455 1750 1614 1791 scilicet
1630 1743 1775 1812 Εξξῑζῖῗὲἃ

154 1817 330 1871 morbo,)
356 1819 457 1858 satis
484 1818 620 1859 habeo
646 1819 897 1872 sanguinem
923 1819 1108 1869 mittere,
1132 1823 1258 1872 atque
1287 1818 1428 1858 alvum
1455 1818 1614 1859 solvere
1631 1829 1716 1859 sunt,
1734 1824 1815 1864 pilu-

155 1885 208 1925 ad
230 1885 318 1926 dies
338 1891 424 1926 tres
447 1890 690 1939 quatuorve,
711 1892 760 1927 ut
782 1900 909 1940 supra
935 1886 1118 1926 diximus
1130 1903 1143 1936 ς
1165 1886 1264 1926 dein
1283 1886 1436 1939 pilulas
1455 1886 1612 1939 Hyste-
1630 1865 1815 1939 Ῑῐῗὲἃξῖξζξῗ

154 1952 261 1993 ricas
283 1954 511 1994 alterantes
538 1959 893 2007 praememoratas
923 1968 1049 1994 mane
1071 1958 1113 1994 et
1135 1968 1227 1994 sero
1247 1967 1322 2007 per
1350 1953 1497 1994 decem
1525 1954 1614 1994 dies
1630 1951 1748 1982 ficiam·

155 2020 379 2074 capiendas
422 2021 644 2074 imperare.
726 2020 847 2062 Quae
888 2021 1060 2074 quidem
1104 2020 1331 2061 methodus
1373 2020 1420 2061 in
1460 2021 1614 2061 affectu
1748 2019 1750 2021 ’

154 2087 307 2128 leviore
341 2102 436 2129 raro
468 2102 492 2128 a
522 2102 646 2142 scopo
679 2088 870 2129 aberrat:
914 2087 1027 2128 imod
1061 2088 1216 2142 pilulae
1249 2088 1355 2128 istae
1386 2088 1512 2138 solae,
1548 2089 1613 2129 vel

155 2156 318 2197 omissis
338 2156 626 2210 phlebotomia
646 2162 688 2197 et
709 2156 903 2207 catharsi,
922 2170 1045 2210 saepe
1065 2170 1244 2210 magnos
1265 2156 1439 2196 effectus
1460 2156 1608 2198 edunt.

219 2225 358 2278 [107]
397 2224 514 2265 Serio
567 2225 740 2266 interim
792 2224 1215 2266 animadvertendum
1262 2229 1338 2274 est,
1382 2224 1608 2265 nonnullas
1625 2233 1775 2283 Idiosyn-

153 2291 359 2333 foeminas
398 2292 700 2346 idiosynerasia
739 2292 921 2346 quadam
956 2292 1008 2333 ab
1046 2291 1282 2346 Hystericis
1314 2292 1395 2332 illis
1426 2292 1607 2333 medica·
1625 2287 1813 2350 {fflffi‘ssser-

154 2360 309 2400 mentis
354 2361 476 2413 (quae
510 2357 718 2414 plerisque
756 2360 884 2415 hujus
918 2359 1055 2400 morbi
1090 2358 1385 2414 symptomatis
1418 2359 1610 2401 levamen
1626 2363 1756 2393 vandae.

154 2426 338 2466 afferunt
369 2432 411 2467 et
442 2426 669 2480 solatium,)
702 2427 763 2468 ita
796 2427 967 2481 penitus
1003 2427 1241 2478 abhorrere,
1270 2433 1318 2468 ut
1349 2441 1437 2468 non
1472 2427 1609 2468 solum

153 2509 241 2536 non
264 2495 478 2549 juventur,
501 2494 574 2535 sed
601 2495 730 2535 etiam
757 2494 984 2547 insigniter
1014 2494 1066 2534 ab
1095 2508 1241 2535 eorum
1268 2509 1348 2535 usu
1372 2494 1609 2536 laedantur.

153 2563 209 2603 In
248 2562 314 2603 his
353 2563 498 2616 itaque
538 2563 712 2603 omnino
753 2568 854 2603 sunt
889 2562 1127 2604 omittenda
1166 2564 1271 2613 ista,
1317 2562 1486 2607 Φύσεως
1526 2562 1609 2618 *γὰρ

151 2629 511 2686 ἀντιπραττούσης
541 2632 603 2684 (111;
630 2631 810 2671 Divinus
839 2630 1005 2683 Senex,)
1037 2628 1155 2671 κενεὰ
1179 2629 1332 2681 πάντα,
1361 2631 1496 2671 Invita
1521 2631 1608 2670 Mi-

151 2713 287 2750 nerva,
309 2700 415 2740 nihil
442 2700 653 2752 quicquam
683 2699 937 2739 moliendum.
988 2696 1213 2753 [Hippocr.
1235 2698 1336 2748 Leoe,
1357 2702 1389 2739 t.
1411 2698 1438 2738 i.
1460 2712 1502 2752 p.
1524 2698 1604 2754 45]

195 2820 208 2839 ¹³
232 2821 281 2852 Cf.
298 2821 389 2852 form.
409 2822 478 2852 142.
951 2825 963 2839 Ε
989 2820 1037 2850 Cf.
1055 2822 1175 2852 observ.
1188 2822 1270 2850 Med.
1285 2821 1328 2851 iii.
1341 2823 1368 2852 2.
1384 2823 1442 2858 5⁸„
1460 2832 1487 2852 v.
1501 2823 1603 2857 2.16;

195 2868 207 2882 '³
230 2863 331 2894 Deest
347 2866 362 2902 ξ
382 2865 441 2894 105
459 2864 490 2894 in
507 2863 554 2894 ed.
573 2865 634 2894 ⁷82.
909 2864 1006 2902 Epist.
1026 2865 1166 2902 Respons.
1186 2865 1229 2894 II.
1248 2866 1262 2901 §
1282 2865 1330 2894 32.

195 2905 209 2923 ‘¹
232 2906 440 2947 imo—edunt]
459 2916 519 2938 om.
537 2907 584 2937 ed.
604 2908 664 2936 '82.

867 2960 893 2999 3
918 2972 943 2998 n
