<?xml version="1.0" encoding="UTF-8"?>
<!DOCTYPE html PUBLIC "-//W3C//DTD XHTML 1.0 Transitional//EN"
    "http://www.w3.org/TR/xhtml1/DTD/xhtml1-transitional.dtd">
<html xmlns="http://www.w3.org/1999/xhtml" xml:lang="en" lang="en">
 <head>
  <title>
</title>
<meta http-equiv="Content-Type" content="text/html;charset=utf-8" />
  <meta name='ocr-system' content='tesseract 3.04.00' />
  <meta name='ocr-capabilities' content='ocr_page ocr_carea ocr_par ocr_line ocrx_word'/>
</head>
<body>
  <div class='ocr_page' id='page_1' title='image "./thomaesydenhammd00sydeuoft_0139.png"; bbox 0 0 1985 3308; ppageno 0'>
   <div class='ocr_carea' id='block_1_1' title="bbox 258 151 1526 196">
    <p class='ocr_par' dir='ltr' id='par_1_1' title="bbox 258 151 1526 196">
     <span class='ocr_line' id='line_1_1' title="bbox 258 151 1526 196; baseline -0.004 0"><span class='ocrx_word' id='word_1_1' title='bbox 258 153 785 196; x_wconf 83' lang='lat' dir='ltr'><strong>OBSERVATIONUM</strong></span> <span class='ocrx_word' id='word_1_2' title='bbox 819 151 1195 193; x_wconf 83' lang='lat' dir='ltr'><strong>MEDICARUM</strong></span> <span class='ocrx_word' id='word_1_3' title='bbox 1229 156 1280 189; x_wconf 92' lang='lat'>11.</span> <span class='ocrx_word' id='word_1_4' title='bbox 1307 159 1339 189; x_wconf 78' lang='lat'>2.</span> <span class='ocrx_word' id='word_1_5' title='bbox 1445 152 1526 191; x_wconf 81' lang='lat'>103</span> 
     </span>
    </p>
   </div>
   <div class='ocr_carea' id='block_1_2' title="bbox 21 257 1745 1337">
    <p class='ocr_par' dir='ltr' id='par_1_2' title="bbox 21 257 1730 1200">
     <span class='ocr_line' id='line_1_2' title="bbox 137 257 1703 317; baseline -0.005 -13"><span class='ocrx_word' id='word_1_6' title='bbox 137 263 244 317; x_wconf 84' lang='lat'>[18.]</span> <span class='ocrx_word' id='word_1_7' title='bbox 284 261 411 304; x_wconf 77' lang='lat' dir='ltr'>Quod</span> <span class='ocrx_word' id='word_1_8' title='bbox 431 261 484 302; x_wconf 87' lang='lat' dir='ltr'>ad</span> <span class='ocrx_word' id='word_1_9' title='bbox 511 261 664 301; x_wconf 89' lang='lat' dir='ltr'>harum</span> <span class='ocrx_word' id='word_1_10' title='bbox 687 259 888 301; x_wconf 83' lang='lat' dir='ltr'>Febrium</span> <span class='ocrx_word' id='word_1_11' title='bbox 916 257 1177 311; x_wconf 88' lang='lat' dir='ltr'>therapeiam</span> <span class='ocrx_word' id='word_1_12' title='bbox 1209 257 1377 306; x_wconf 82' lang='lat' dir='ltr'>attinet,</span> <span class='ocrx_word' id='word_1_13' title='bbox 1401 262 1527 297; x_wconf 90' lang='lat' dir='ltr'>erunt</span> <span class='ocrx_word' id='word_1_14' title='bbox 1575 268 1703 297; x_wconf 64' lang='lat' dir='ltr'>anus</span> 
     </span>
     <span class='ocr_line' id='line_1_3' title="bbox 71 311 1724 384; baseline -0.005 -12"><span class='ocrx_word' id='word_1_15' title='bbox 71 332 248 372; x_wconf 88' lang='lat' dir='ltr'>fortasse</span> <span class='ocrx_word' id='word_1_16' title='bbox 271 330 342 384; x_wconf 92' lang='lat' dir='ltr'>qui</span> <span class='ocrx_word' id='word_1_17' title='bbox 361 343 430 370; x_wconf 91' lang='lat' dir='ltr'>me</span> <span class='ocrx_word' id='word_1_18' title='bbox 457 328 710 370; x_wconf 87' lang='lat' dir='ltr'>temeritatis</span> <span class='ocrx_word' id='word_1_19' title='bbox 733 332 859 381; x_wconf 89' lang='lat' dir='ltr'>atque</span> <span class='ocrx_word' id='word_1_20' title='bbox 881 326 1148 380; x_wconf 85' lang='lat' dir='ltr'>arrogantiae</span> <span class='ocrx_word' id='word_1_21' title='bbox 1176 339 1225 366; x_wconf 94' lang='lat' dir='ltr'>eo</span> <span class='ocrx_word' id='word_1_22' title='bbox 1257 324 1431 365; x_wconf 89' lang='lat' dir='ltr'>nomine</span> <span class='ocrx_word' id='word_1_23' title='bbox 1462 325 1526 364; x_wconf 92' lang='lat' dir='ltr'>in-</span> <span class='ocrx_word' id='word_1_24' title='bbox 1553 311 1724 383; x_wconf 44' lang='lat' dir='ltr'>&amp;Pssffllf‘ss</span> 
     </span>
     <span class='ocr_line' id='line_1_4' title="bbox 73 394 1730 452; baseline -0.005 -13"><span class='ocrx_word' id='word_1_25' title='bbox 73 398 349 448; x_wconf 89' lang='lat' dir='ltr'>simulabunt,</span> <span class='ocrx_word' id='word_1_26' title='bbox 373 397 486 452; x_wconf 92' lang='lat' dir='ltr'>quod</span> <span class='ocrx_word' id='word_1_27' title='bbox 512 396 564 437; x_wconf 90' lang='lat' dir='ltr'>ab</span> <span class='ocrx_word' id='word_1_28' title='bbox 594 395 725 446; x_wconf 87' lang='lat' dir='ltr'>Urbe,</span> <span class='ocrx_word' id='word_1_29' title='bbox 754 395 856 435; x_wconf 91' lang='lat' dir='ltr'>dum</span> <span class='ocrx_word' id='word_1_30' title='bbox 886 409 1050 448; x_wconf 88' lang='lat' dir='ltr'>nupera</span> <span class='ocrx_word' id='word_1_31' title='bbox 1081 394 1218 435; x_wconf 83' lang='lat' dir='ltr'>Pestis</span> <span class='ocrx_word' id='word_1_32' title='bbox 1250 397 1526 447; x_wconf 83' lang='lat' dir='ltr'>grassaretur,</span> <span class='ocrx_word' id='word_1_33' title='bbox 1549 397 1730 451; x_wconf 49' lang='lat' dir='ltr'>Affffi‘ssfftjss</span> 
     </span>
     <span class='ocr_line' id='line_1_5' title="bbox 72 440 1709 519; baseline -0.004 -12"><span class='ocrx_word' id='word_1_34' title='bbox 72 467 302 507; x_wconf 85' lang='lat' dir='ltr'>maximam</span> <span class='ocrx_word' id='word_1_35' title='bbox 323 470 487 519; x_wconf 86' lang='lat' dir='ltr'>partem</span> <span class='ocrx_word' id='word_1_36' title='bbox 508 464 791 517; x_wconf 90' lang='lat' dir='ltr'>complurium</span> <span class='ocrx_word' id='word_1_37' title='bbox 811 463 1056 503; x_wconf 87' lang='lat' dir='ltr'>milliarium</span> <span class='ocrx_word' id='word_1_38' title='bbox 1086 461 1309 502; x_wconf 83' lang='lat' dir='ltr'>intervallo</span> <span class='ocrx_word' id='word_1_39' title='bbox 1331 464 1530 510; x_wconf 90' lang='lat' dir='ltr'>semotus,</span> <span class='ocrx_word' id='word_1_40' title='bbox 1592 441 1641 474; x_wconf 54' lang='grc' dir='ltr'>(ω’</span> <span class='ocrx_word' id='word_1_41' title='bbox 1660 440 1709 467; x_wconf 45' lang='grc' dir='ltr'>(ψ’</span> 
     </span>
     <span class='ocr_line' id='line_1_6' title="bbox 74 528 1532 588; baseline -0.005 -13"><span class='ocrx_word' id='word_1_42' title='bbox 74 534 262 588; x_wconf 87' lang='lat' dir='ltr'>adeoque</span> <span class='ocrx_word' id='word_1_43' title='bbox 297 533 640 575; x_wconf 86' lang='lat' dir='ltr'>observationum</span> <span class='ocrx_word' id='word_1_44' title='bbox 675 531 796 586; x_wconf 89' lang='lat' dir='ltr'>copia</span> <span class='ocrx_word' id='word_1_45' title='bbox 827 531 970 571; x_wconf 88' lang='lat' dir='ltr'>minus</span> <span class='ocrx_word' id='word_1_46' title='bbox 1010 531 1258 580; x_wconf 89' lang='lat' dir='ltr'>instructus,</span> <span class='ocrx_word' id='word_1_47' title='bbox 1296 529 1348 570; x_wconf 94' lang='lat' dir='ltr'>de</span> <span class='ocrx_word' id='word_1_48' title='bbox 1380 528 1460 569; x_wconf 90' lang='lat' dir='ltr'>hac</span> <span class='ocrx_word' id='word_1_49' title='bbox 1487 542 1532 568; x_wconf 90' lang='lat' dir='ltr'>re</span> 
     </span>
     <span class='ocr_line' id='line_1_7' title="bbox 73 597 1532 650; baseline -0.004 -7"><span class='ocrx_word' id='word_1_50' title='bbox 73 606 219 643; x_wconf 89' lang='lat' dir='ltr'>tamen</span> <span class='ocrx_word' id='word_1_51' title='bbox 245 601 447 642; x_wconf 87' lang='lat' dir='ltr'>disserere</span> <span class='ocrx_word' id='word_1_52' title='bbox 469 601 715 642; x_wconf 87' lang='lat' dir='ltr'>sustineam.</span> <span class='ocrx_word' id='word_1_53' title='bbox 777 600 940 640; x_wconf 88' lang='lat' dir='ltr'>Verum</span> <span class='ocrx_word' id='word_1_54' title='bbox 969 613 1067 640; x_wconf 91' lang='lat' dir='ltr'>cum</span> <span class='ocrx_word' id='word_1_55' title='bbox 1092 598 1275 638; x_wconf 86' lang='lat' dir='ltr'>Medicis</span> <span class='ocrx_word' id='word_1_56' title='bbox 1302 597 1384 637; x_wconf 87' lang='lat' dir='ltr'>illis</span> <span class='ocrx_word' id='word_1_57' title='bbox 1405 597 1532 650; x_wconf 84' lang='lat' dir='ltr'>longe</span> 
     </span>
     <span class='ocr_line' id='line_1_8' title="bbox 74 665 1534 725; baseline -0.004 -14"><span class='ocrx_word' id='word_1_58' title='bbox 74 670 357 725; x_wconf 86' lang='lat' dir='ltr'>peritioribus,</span> <span class='ocrx_word' id='word_1_59' title='bbox 401 669 554 724; x_wconf 90' lang='lat' dir='ltr'>quibus</span> <span class='ocrx_word' id='word_1_60' title='bbox 593 683 668 723; x_wconf 90' lang='lat' dir='ltr'>per</span> <span class='ocrx_word' id='word_1_61' title='bbox 708 673 849 709; x_wconf 91' lang='lat' dir='ltr'>totum</span> <span class='ocrx_word' id='word_1_62' title='bbox 884 667 1153 708; x_wconf 82' lang='lat' dir='ltr'>calamitosae</span> <span class='ocrx_word' id='word_1_63' title='bbox 1188 666 1271 706; x_wconf 86' lang='lat' dir='ltr'>luis</span> <span class='ocrx_word' id='word_1_64' title='bbox 1308 665 1534 706; x_wconf 91' lang='lat' dir='ltr'>decursum</span> 
     </span>
     <span class='ocr_line' id='line_1_9' title="bbox 74 732 1535 792; baseline -0.004 -13"><span class='ocrx_word' id='word_1_65' title='bbox 74 738 188 779; x_wconf 90' lang='lat' dir='ltr'>inter</span> <span class='ocrx_word' id='word_1_66' title='bbox 222 738 363 779; x_wconf 83' lang='lat' dir='ltr'>media</span> <span class='ocrx_word' id='word_1_67' title='bbox 388 737 575 792; x_wconf 89' lang='lat' dir='ltr'>pericula</span> <span class='ocrx_word' id='word_1_68' title='bbox 607 741 648 778; x_wconf 87' lang='lat' dir='ltr'>et</span> <span class='ocrx_word' id='word_1_69' title='bbox 682 736 798 777; x_wconf 89' lang='lat' dir='ltr'>mille</span> <span class='ocrx_word' id='word_1_70' title='bbox 828 735 977 777; x_wconf 89' lang='lat' dir='ltr'>mortis</span> <span class='ocrx_word' id='word_1_71' title='bbox 1002 734 1210 788; x_wconf 88' lang='lat' dir='ltr'>imagines</span> <span class='ocrx_word' id='word_1_72' title='bbox 1243 732 1535 775; x_wconf 87' lang='lat' dir='ltr'>commorandi</span> 
     </span>
     <span class='ocr_line' id='line_1_10' title="bbox 77 801 1535 856; baseline -0.003 -9"><span class='ocrx_word' id='word_1_73' title='bbox 77 807 245 847; x_wconf 86' lang='lat' dir='ltr'>animus</span> <span class='ocrx_word' id='word_1_74' title='bbox 267 820 314 847; x_wconf 88' lang='lat' dir='ltr'>ac</span> <span class='ocrx_word' id='word_1_75' title='bbox 334 806 490 847; x_wconf 88' lang='lat' dir='ltr'>fiducia</span> <span class='ocrx_word' id='word_1_76' title='bbox 510 820 597 846; x_wconf 90' lang='lat' dir='ltr'>non</span> <span class='ocrx_word' id='word_1_77' title='bbox 619 804 834 855; x_wconf 87' lang='lat' dir='ltr'>defuisset,</span> <span class='ocrx_word' id='word_1_78' title='bbox 856 808 1003 844; x_wconf 88' lang='lat' dir='ltr'>tamen</span> <span class='ocrx_word' id='word_1_79' title='bbox 1025 817 1074 844; x_wconf 89' lang='lat' dir='ltr'>ea</span> <span class='ocrx_word' id='word_1_80' title='bbox 1105 816 1211 856; x_wconf 91' lang='lat' dir='ltr'>quae</span> <span class='ocrx_word' id='word_1_81' title='bbox 1232 801 1432 843; x_wconf 86' lang='lat' dir='ltr'>crebriori</span> <span class='ocrx_word' id='word_1_82' title='bbox 1453 816 1535 842; x_wconf 87' lang='lat' dir='ltr'>usu</span> 
     </span>
     <span class='ocr_line' id='line_1_11' title="bbox 21 870 1536 934; baseline -0.004 -18"><span class='ocrx_word' id='word_1_83' title='bbox 21 928 28 934; x_wconf 37' lang='grc'><strong>.</strong></span> <span class='ocrx_word' id='word_1_84' title='bbox 79 875 130 916; x_wconf 87' lang='grc'><strong>(16</strong></span> <span class='ocrx_word' id='word_1_85' title='bbox 170 875 347 930; x_wconf 85' lang='lat' dir='ltr'>hujusce</span> <span class='ocrx_word' id='word_1_86' title='bbox 388 874 525 915; x_wconf 86' lang='lat' dir='ltr'>morbi</span> <span class='ocrx_word' id='word_1_87' title='bbox 564 873 737 927; x_wconf 88' lang='lat' dir='ltr'>ingenio</span> <span class='ocrx_word' id='word_1_88' title='bbox 778 877 1068 922; x_wconf 86' lang='lat' dir='ltr'>annotassent,</span> <span class='ocrx_word' id='word_1_89' title='bbox 1110 872 1155 911; x_wconf 87' lang='lat' dir='ltr'>in</span> <span class='ocrx_word' id='word_1_90' title='bbox 1195 871 1335 912; x_wconf 91' lang='lat' dir='ltr'>lucem</span> <span class='ocrx_word' id='word_1_91' title='bbox 1382 870 1536 911; x_wconf 92' lang='lat' dir='ltr'>edendi</span> 
     </span>
     <span class='ocr_line' id='line_1_12' title="bbox 78 938 1536 993; baseline -0.003 -10"><span class='ocrx_word' id='word_1_92' title='bbox 78 943 274 984; x_wconf 84' lang='lat' dir='ltr'>voluntas</span> <span class='ocrx_word' id='word_1_93' title='bbox 301 943 509 984; x_wconf 88' lang='lat' dir='ltr'>haetenus</span> <span class='ocrx_word' id='word_1_94' title='bbox 535 942 670 982; x_wconf 90' lang='lat' dir='ltr'>defuit</span> <span class='ocrx_word' id='word_1_95' title='bbox 685 959 696 991; x_wconf 79' lang='lat'><em>3</em></span> <span class='ocrx_word' id='word_1_96' title='bbox 729 941 942 982; x_wconf 86' lang='lat' dir='ltr'>mitiorem</span> <span class='ocrx_word' id='word_1_97' title='bbox 982 940 1060 993; x_wconf 89' lang='lat' dir='ltr'>(uti</span> <span class='ocrx_word' id='word_1_98' title='bbox 1093 940 1242 993; x_wconf 86' lang='lat' dir='ltr'>spero,)</span> <span class='ocrx_word' id='word_1_99' title='bbox 1278 939 1330 979; x_wconf 91' lang='lat' dir='ltr'>de</span> <span class='ocrx_word' id='word_1_100' title='bbox 1361 938 1536 980; x_wconf 87' lang='lat' dir='ltr'>consilio</span> 
     </span>
     <span class='ocr_line' id='line_1_13' title="bbox 80 1006 1535 1061; baseline -0.003 -11"><span class='ocrx_word' id='word_1_101' title='bbox 80 1024 174 1052; x_wconf 92' lang='lat' dir='ltr'>meo</span> <span class='ocrx_word' id='word_1_102' title='bbox 196 1011 454 1051; x_wconf 87' lang='lat' dir='ltr'>sententiam</span> <span class='ocrx_word' id='word_1_103' title='bbox 483 1010 611 1051; x_wconf 87' lang='lat' dir='ltr'>laturi</span> <span class='ocrx_word' id='word_1_104' title='bbox 632 1014 733 1050; x_wconf 90' lang='lat' dir='ltr'>sunt</span> <span class='ocrx_word' id='word_1_105' title='bbox 764 1023 912 1050; x_wconf 91' lang='lat' dir='ltr'>omnes</span> <span class='ocrx_word' id='word_1_106' title='bbox 933 1008 1048 1058; x_wconf 91' lang='lat' dir='ltr'>boni,</span> <span class='ocrx_word' id='word_1_107' title='bbox 1072 1007 1184 1061; x_wconf 91' lang='lat' dir='ltr'>quod</span> <span class='ocrx_word' id='word_1_108' title='bbox 1205 1021 1344 1048; x_wconf 89' lang='lat' dir='ltr'>meam</span> <span class='ocrx_word' id='word_1_109' title='bbox 1367 1006 1418 1046; x_wconf 92' lang='lat' dir='ltr'>de</span> <span class='ocrx_word' id='word_1_110' title='bbox 1445 1011 1535 1046; x_wconf 91' lang='lat' dir='ltr'>tru-</span> 
     </span>
     <span class='ocr_line' id='line_1_14' title="bbox 80 1075 1536 1131; baseline -0.004 -11"><span class='ocrx_word' id='word_1_111' title='bbox 80 1079 370 1120; x_wconf 88' lang='lat' dir='ltr'>culentissimo</span> <span class='ocrx_word' id='word_1_112' title='bbox 397 1079 553 1120; x_wconf 90' lang='lat' dir='ltr'>affectu</span> <span class='ocrx_word' id='word_1_113' title='bbox 581 1078 838 1119; x_wconf 84' lang='lat' dir='ltr'>sententiam</span> <span class='ocrx_word' id='word_1_114' title='bbox 865 1078 1023 1131; x_wconf 87' lang='lat' dir='ltr'>(paucis</span> <span class='ocrx_word' id='word_1_115' title='bbox 1052 1076 1236 1130; x_wconf 87' lang='lat' dir='ltr'>quidem,</span> <span class='ocrx_word' id='word_1_116' title='bbox 1260 1076 1333 1116; x_wconf 91' lang='lat' dir='ltr'>sed</span> <span class='ocrx_word' id='word_1_117' title='bbox 1357 1075 1536 1128; x_wconf 88' lang='lat' dir='ltr'>propiris</span> 
     </span>
     <span class='ocr_line' id='line_1_15' title="bbox 80 1145 1391 1200; baseline -0.004 -12"><span class='ocrx_word' id='word_1_118' title='bbox 80 1147 444 1188; x_wconf 81' lang='lat' dir='ltr'>observationibus</span> <span class='ocrx_word' id='word_1_119' title='bbox 467 1146 831 1200; x_wconf 87' lang='lat' dir='ltr'>superstruetam,)</span> <span class='ocrx_word' id='word_1_120' title='bbox 856 1145 902 1184; x_wconf 90' lang='lat' dir='ltr'>in</span> <span class='ocrx_word' id='word_1_121' title='bbox 923 1145 1112 1185; x_wconf 86' lang='lat' dir='ltr'>medium</span> <span class='ocrx_word' id='word_1_122' title='bbox 1134 1158 1391 1197; x_wconf 81' lang='lat' dir='ltr'>expromam.</span> 
     </span>
    </p>

    <p class='ocr_par' dir='ltr' id='par_1_3' title="bbox 81 1211 1745 1337">
     <span class='ocr_line' id='line_1_16' title="bbox 145 1211 1745 1269; baseline -0.005 -13"><span class='ocrx_word' id='word_1_123' title='bbox 145 1215 252 1269; x_wconf 90' lang='lat'>[19.]</span> <span class='ocrx_word' id='word_1_124' title='bbox 292 1217 355 1256; x_wconf 89' lang='lat' dir='ltr'>Ac</span> <span class='ocrx_word' id='word_1_125' title='bbox 393 1215 554 1269; x_wconf 88' lang='lat' dir='ltr'>primus</span> <span class='ocrx_word' id='word_1_126' title='bbox 597 1214 768 1268; x_wconf 89' lang='lat' dir='ltr'>quidem</span> <span class='ocrx_word' id='word_1_127' title='bbox 808 1213 924 1253; x_wconf 90' lang='lat' dir='ltr'>locus</span> <span class='ocrx_word' id='word_1_128' title='bbox 968 1212 1299 1252; x_wconf 84' lang='lat' dir='ltr'>indicationibus</span> <span class='ocrx_word' id='word_1_129' title='bbox 1340 1211 1537 1252; x_wconf 84' lang='lat' dir='ltr'>curativis</span> <span class='ocrx_word' id='word_1_130' title='bbox 1558 1218 1745 1248; x_wconf 81' lang='lat' dir='ltr'>Incuranda</span> 
     </span>
     <span class='ocr_line' id='line_1_17' title="bbox 81 1261 1733 1337; baseline -0.004 -12"><span class='ocrx_word' id='word_1_131' title='bbox 81 1283 283 1334; x_wconf 74' lang='lat' dir='ltr'>debetur3</span> <span class='ocrx_word' id='word_1_132' title='bbox 323 1298 429 1337; x_wconf 89' lang='lat' dir='ltr'>quae</span> <span class='ocrx_word' id='word_1_133' title='bbox 471 1298 519 1324; x_wconf 90' lang='lat' dir='ltr'>eo</span> <span class='ocrx_word' id='word_1_134' title='bbox 559 1284 605 1323; x_wconf 89' lang='lat' dir='ltr'>in</span> <span class='ocrx_word' id='word_1_135' title='bbox 644 1283 891 1323; x_wconf 85' lang='lat' dir='ltr'>universum</span> <span class='ocrx_word' id='word_1_136' title='bbox 932 1280 1177 1334; x_wconf 86' lang='lat' dir='ltr'>dirigendae</span> <span class='ocrx_word' id='word_1_137' title='bbox 1219 1285 1332 1331; x_wconf 88' lang='lat' dir='ltr'>sunt,</span> <span class='ocrx_word' id='word_1_138' title='bbox 1375 1284 1449 1320; x_wconf 94' lang='lat' dir='ltr'>aut</span> <span class='ocrx_word' id='word_1_139' title='bbox 1489 1284 1538 1320; x_wconf 92' lang='lat' dir='ltr'>ut</span> <span class='ocrx_word' id='word_1_140' title='bbox 1558 1261 1660 1297; x_wconf 48' lang='lat' dir='ltr'>Peffl&#39;</span> <span class='ocrx_word' id='word_1_141' title='bbox 1677 1267 1733 1291; x_wconf 84' lang='lat' dir='ltr'>aut</span> 
     </span>
    </p>
   </div>
   <div class='ocr_carea' id='block_1_3' title="bbox 1559 1304 1701 1333">
    <p class='ocr_par' dir='ltr' id='par_1_4' title="bbox 1559 1304 1701 1333">
     <span class='ocr_line' id='line_1_18' title="bbox 1559 1304 1701 1333; baseline 0 0"><span class='ocrx_word' id='word_1_142' title='bbox 1559 1304 1701 1333; x_wconf 84' lang='lat' dir='ltr'>Naturae</span> 
     </span>
    </p>
   </div>
   <div class='ocr_carea' id='block_1_4' title="bbox 80 1349 1722 1401">
    <p class='ocr_par' dir='ltr' id='par_1_5' title="bbox 80 1349 1722 1401">
     <span class='ocr_line' id='line_1_19' title="bbox 80 1349 1722 1401; baseline -0.003 -9"><span class='ocrx_word' id='word_1_143' title='bbox 80 1351 274 1393; x_wconf 75' lang='lat' dir='ltr'>Natmae</span> <span class='ocrx_word' id='word_1_144' title='bbox 296 1352 473 1392; x_wconf 90' lang='lat' dir='ltr'>ductum</span> <span class='ocrx_word' id='word_1_145' title='bbox 498 1351 544 1391; x_wconf 90' lang='lat' dir='ltr'>in</span> <span class='ocrx_word' id='word_1_146' title='bbox 570 1349 893 1392; x_wconf 79' lang='lat' dir='ltr'>exterminando</span> <span class='ocrx_word' id='word_1_147' title='bbox 923 1349 1072 1390; x_wconf 87' lang='lat' dir='ltr'>morbo</span> <span class='ocrx_word' id='word_1_148' title='bbox 1098 1352 1293 1389; x_wconf 87' lang='lat' dir='ltr'>accurate</span> <span class='ocrx_word' id='word_1_149' title='bbox 1315 1352 1539 1401; x_wconf 89' lang='lat' dir='ltr'>sequentes</span> <span class='ocrx_word' id='word_1_150' title='bbox 1558 1357 1722 1394; x_wconf 50' lang='lat' dir='ltr'>succurre-</span> 
     </span>
    </p>
   </div>
   <div class='ocr_carea' id='block_1_5' title="bbox 81 1400 1733 1473">
    <p class='ocr_par' dir='ltr' id='par_1_6' title="bbox 81 1400 1733 1473">
     <span class='ocr_line' id='line_1_20' title="bbox 81 1400 1733 1473; baseline -0.003 -13"><span class='ocrx_word' id='word_1_151' title='bbox 81 1419 218 1460; x_wconf 92' lang='lat' dir='ltr'>eidem</span> <span class='ocrx_word' id='word_1_152' title='bbox 252 1419 547 1460; x_wconf 86' lang='lat' dir='ltr'>subsidiariam</span> <span class='ocrx_word' id='word_1_153' title='bbox 579 1419 844 1473; x_wconf 88' lang='lat' dir='ltr'>porrigamus</span> <span class='ocrx_word' id='word_1_154' title='bbox 884 1431 1086 1466; x_wconf 80' lang='lat' dir='ltr'>manum3</span> <span class='ocrx_word' id='word_1_155' title='bbox 1129 1422 1202 1457; x_wconf 87' lang='lat' dir='ltr'>aut</span> <span class='ocrx_word' id='word_1_156' title='bbox 1242 1420 1304 1467; x_wconf 89' lang='lat' dir='ltr'>ut,</span> <span class='ocrx_word' id='word_1_157' title='bbox 1338 1416 1540 1456; x_wconf 88' lang='lat' dir='ltr'>methodo</span> <span class='ocrx_word' id='word_1_158' title='bbox 1558 1400 1733 1462; x_wconf 51' lang='grc' dir='ltr'>ἶῖἒῇῗῗζῗ]</span> 
     </span>
    </p>
   </div>
   <div class='ocr_carea' id='block_1_6' title="bbox 82 1479 1695 1557">
    <p class='ocr_par' dir='ltr' id='par_1_7' title="bbox 82 1479 1695 1557">
     <span class='ocr_line' id='line_1_21' title="bbox 82 1479 1695 1557; baseline -0.002 -30"><span class='ocrx_word' id='word_1_159' title='bbox 82 1501 165 1540; x_wconf 85' lang='lat' dir='ltr'>qua</span> <span class='ocrx_word' id='word_1_160' title='bbox 204 1487 374 1527; x_wconf 89' lang='lat' dir='ltr'>Natura</span> <span class='ocrx_word' id='word_1_161' title='bbox 413 1487 459 1527; x_wconf 89' lang='lat' dir='ltr'>in</span> <span class='ocrx_word' id='word_1_162' title='bbox 498 1487 704 1527; x_wconf 90' lang='lat' dir='ltr'>intestino</span> <span class='ocrx_word' id='word_1_163' title='bbox 744 1486 824 1526; x_wconf 88' lang='lat' dir='ltr'>hoc</span> <span class='ocrx_word' id='word_1_164' title='bbox 865 1486 987 1526; x_wconf 90' lang='lat' dir='ltr'>hoste</span> <span class='ocrx_word' id='word_1_165' title='bbox 1028 1484 1280 1525; x_wconf 88' lang='lat' dir='ltr'>debellando</span> <span class='ocrx_word' id='word_1_166' title='bbox 1321 1484 1384 1524; x_wconf 90' lang='lat' dir='ltr'>uti</span> <span class='ocrx_word' id='word_1_167' title='bbox 1421 1484 1539 1534; x_wconf 91' lang='lat' dir='ltr'>solet,</span> <span class='ocrx_word' id='word_1_168' title='bbox 1559 1479 1695 1557; x_wconf 38' lang='grc' dir='ltr'>ἓξὲξ,</span> 
     </span>
    </p>
   </div>
   <div class='ocr_carea' id='block_1_7' title="bbox 81 1554 1745 1607">
    <p class='ocr_par' dir='ltr' id='par_1_8' title="bbox 81 1554 1745 1607">
     <span class='ocr_line' id='line_1_22' title="bbox 81 1554 1745 1607; baseline -0.004 -11"><span class='ocrx_word' id='word_1_169' title='bbox 81 1555 258 1596; x_wconf 88' lang='lat' dir='ltr'>minime</span> <span class='ocrx_word' id='word_1_170' title='bbox 278 1555 472 1606; x_wconf 86' lang='lat' dir='ltr'>fidentes,</span> <span class='ocrx_word' id='word_1_171' title='bbox 496 1555 703 1596; x_wconf 80' lang='lat' dir='ltr'>diversam</span> <span class='ocrx_word' id='word_1_172' title='bbox 732 1569 780 1596; x_wconf 89' lang='lat' dir='ltr'>ac</span> <span class='ocrx_word' id='word_1_173' title='bbox 801 1554 1004 1595; x_wconf 88' lang='lat' dir='ltr'>tutiorem</span> <span class='ocrx_word' id='word_1_174' title='bbox 1025 1568 1076 1595; x_wconf 80' lang='lat' dir='ltr'>ex</span> <span class='ocrx_word' id='word_1_175' title='bbox 1103 1558 1248 1594; x_wconf 89' lang='lat' dir='ltr'>nostro</span> <span class='ocrx_word' id='word_1_176' title='bbox 1269 1567 1384 1607; x_wconf 90' lang='lat' dir='ltr'>penu</span> <span class='ocrx_word' id='word_1_177' title='bbox 1412 1558 1540 1606; x_wconf 84' lang='lat' dir='ltr'>atque</span> <span class='ocrx_word' id='word_1_178' title='bbox 1559 1560 1745 1590; x_wconf 82' lang='lat' dir='ltr'>autmetho-</span> 
     </span>
    </p>
   </div>
   <div class='ocr_carea' id='block_1_8' title="bbox 83 1604 1750 1686">
    <p class='ocr_par' dir='ltr' id='par_1_9' title="bbox 83 1604 1750 1686">
     <span class='ocr_line' id='line_1_23' title="bbox 83 1604 1750 1686; baseline -0.002 -22"><span class='ocrx_word' id='word_1_179' title='bbox 83 1623 260 1665; x_wconf 87' lang='lat' dir='ltr'>artificio</span> <span class='ocrx_word' id='word_1_180' title='bbox 280 1623 369 1665; x_wconf 81' lang='lat' dir='ltr'>vice</span> <span class='ocrx_word' id='word_1_181' title='bbox 398 1624 512 1664; x_wconf 85' lang='lat' dir='ltr'>illius</span> <span class='ocrx_word' id='word_1_182' title='bbox 544 1623 866 1665; x_wconf 87' lang='lat' dir='ltr'>substituamus.</span> <span class='ocrx_word' id='word_1_183' title='bbox 927 1622 1025 1663; x_wconf 90' lang='lat' dir='ltr'>Nisi</span> <span class='ocrx_word' id='word_1_184' title='bbox 1057 1622 1166 1662; x_wconf 91' lang='lat' dir='ltr'>forte</span> <span class='ocrx_word' id='word_1_185' title='bbox 1196 1622 1265 1662; x_wconf 93' lang='lat' dir='ltr'>hic</span> <span class='ocrx_word' id='word_1_186' title='bbox 1301 1622 1451 1675; x_wconf 90' lang='lat' dir='ltr'>aliquis</span> <span class='ocrx_word' id='word_1_187' title='bbox 1476 1604 1750 1686; x_wconf 45' lang='lat' dir='ltr'>1&#39;e-{igssss&#39;atsslgffi}</span> 
     </span>
    </p>
   </div>
   <div class='ocr_carea' id='block_1_9' title="bbox 84 1689 1710 1746">
    <p class='ocr_par' dir='ltr' id='par_1_10' title="bbox 84 1689 1710 1746">
     <span class='ocr_line' id='line_1_24' title="bbox 84 1689 1710 1746; baseline -0.002 -13"><span class='ocrx_word' id='word_1_188' title='bbox 84 1697 215 1746; x_wconf 89' lang='lat' dir='ltr'>gerat,</span> <span class='ocrx_word' id='word_1_189' title='bbox 237 1706 327 1733; x_wconf 91' lang='lat' dir='ltr'>rem</span> <span class='ocrx_word' id='word_1_190' title='bbox 355 1691 485 1733; x_wconf 89' lang='lat' dir='ltr'>etiam</span> <span class='ocrx_word' id='word_1_191' title='bbox 516 1692 617 1733; x_wconf 87' lang='lat' dir='ltr'>satis</span> <span class='ocrx_word' id='word_1_192' title='bbox 647 1692 826 1732; x_wconf 85' lang='lat' dir='ltr'>feliciter</span> <span class='ocrx_word' id='word_1_193' title='bbox 856 1705 931 1745; x_wconf 90' lang='lat' dir='ltr'>per</span> <span class='ocrx_word' id='word_1_194' title='bbox 958 1691 1170 1745; x_wconf 84' lang='lat' dir='ltr'>pestifuga</span> <span class='ocrx_word' id='word_1_195' title='bbox 1198 1689 1431 1731; x_wconf 77' lang='lat' dir='ltr'>alexiterial</span> <span class='ocrx_word' id='word_1_196' title='bbox 1452 1690 1540 1743; x_wconf 88' lang='lat' dir='ltr'>geri</span> <span class='ocrx_word' id='word_1_197' title='bbox 1560 1689 1710 1738; x_wconf 63' lang='lat' dir='ltr'>1132th⁰d0</span> 
     </span>
    </p>
   </div>
   <div class='ocr_carea' id='block_1_10' title="bbox 83 1733 1750 1815">
    <p class='ocr_par' dir='ltr' id='par_1_11' title="bbox 83 1733 1750 1815">
     <span class='ocr_line' id='line_1_25' title="bbox 83 1733 1750 1815; baseline -0.003 -13"><span class='ocrx_word' id='word_1_198' title='bbox 83 1774 217 1815; x_wconf 86' lang='lat' dir='ltr'>posse,</span> <span class='ocrx_word' id='word_1_199' title='bbox 240 1775 420 1814; x_wconf 89' lang='lat' dir='ltr'>quorum</span> <span class='ocrx_word' id='word_1_200' title='bbox 448 1761 669 1814; x_wconf 84' lang='lat' dir='ltr'>ingentem</span> <span class='ocrx_word' id='word_1_201' title='bbox 691 1760 803 1814; x_wconf 89' lang='lat' dir='ltr'>apud</span> <span class='ocrx_word' id='word_1_202' title='bbox 832 1760 1040 1814; x_wconf 88' lang='lat' dir='ltr'>practieos</span> <span class='ocrx_word' id='word_1_203' title='bbox 1066 1760 1229 1814; x_wconf 90' lang='lat' dir='ltr'>copiam</span> <span class='ocrx_word' id='word_1_204' title='bbox 1256 1759 1439 1813; x_wconf 89' lang='lat' dir='ltr'>reperire</span> <span class='ocrx_word' id='word_1_205' title='bbox 1465 1762 1541 1799; x_wconf 91' lang='lat' dir='ltr'>est.</span> <span class='ocrx_word' id='word_1_206' title='bbox 1561 1733 1750 1805; x_wconf 46' lang='grc' dir='ltr'>ξᾷᾒίξῖῗέζῃ.</span> 
     </span>
    </p>
   </div>
   <div class='ocr_carea' id='block_1_11' title="bbox 86 1819 1744 2221">
    <p class='ocr_par' dir='ltr' id='par_1_12' title="bbox 86 1819 1611 1951">
     <span class='ocr_line' id='line_1_26' title="bbox 86 1819 1611 1882; baseline -0.001 -14"><span class='ocrx_word' id='word_1_207' title='bbox 86 1828 248 1869; x_wconf 83' lang='lat' dir='ltr'>Verum</span> <span class='ocrx_word' id='word_1_208' title='bbox 275 1829 488 1870; x_wconf 73' lang='lat' dir='ltr'>enimvero</span> <span class='ocrx_word' id='word_1_209' title='bbox 517 1844 661 1870; x_wconf 90' lang='lat' dir='ltr'>annon</span> <span class='ocrx_word' id='word_1_210' title='bbox 694 1829 900 1869; x_wconf 82' lang='lat' dir='ltr'>auxilium</span> <span class='ocrx_word' id='word_1_211' title='bbox 924 1827 1036 1881; x_wconf 92' lang='lat' dir='ltr'>quod</span> <span class='ocrx_word' id='word_1_212' title='bbox 1056 1832 1275 1882; x_wconf 84' lang='lat' dir='ltr'>praestant</span> <span class='ocrx_word' id='word_1_213' title='bbox 1299 1826 1545 1882; x_wconf 84' lang='lat' dir='ltr'>hujusmodi</span> <span class='ocrx_word' id='word_1_214' title='bbox 1563 1819 1611 1848; x_wconf 63' lang='lat'>⁶¹⁰·</span> 
     </span>
     <span class='ocr_line' id='line_1_27' title="bbox 86 1895 1546 1951; baseline -0.001 -14"><span class='ocrx_word' id='word_1_215' title='bbox 86 1897 398 1938; x_wconf 87' lang='lat' dir='ltr'>medicamenta</span> <span class='ocrx_word' id='word_1_216' title='bbox 418 1897 560 1950; x_wconf 91' lang='lat' dir='ltr'>potius</span> <span class='ocrx_word' id='word_1_217' title='bbox 581 1897 831 1938; x_wconf 87' lang='lat' dir='ltr'>manifestae</span> <span class='ocrx_word' id='word_1_218' title='bbox 844 1897 1030 1951; x_wconf 90' lang='lat' dir='ltr'>ipsorum</span> <span class='ocrx_word' id='word_1_219' title='bbox 1053 1896 1247 1937; x_wconf 88' lang='lat' dir='ltr'>facultati</span> <span class='ocrx_word' id='word_1_220' title='bbox 1268 1910 1352 1949; x_wconf 87' lang='lat' dir='ltr'>qua</span> <span class='ocrx_word' id='word_1_221' title='bbox 1373 1895 1546 1936; x_wconf 88' lang='lat' dir='ltr'>sudores</span> 
     </span>
    </p>

    <p class='ocr_par' dir='ltr' id='par_1_13' title="bbox 88 1963 1546 2017">
     <span class='ocr_line' id='line_1_28' title="bbox 88 1963 1546 2017; baseline -0.001 -13"><span class='ocrx_word' id='word_1_222' title='bbox 88 1963 250 2004; x_wconf 88' lang='lat' dir='ltr'>affatim</span> <span class='ocrx_word' id='word_1_223' title='bbox 270 1964 529 2017; x_wconf 90' lang='lat' dir='ltr'>proliciendo</span> <span class='ocrx_word' id='word_1_224' title='bbox 547 1965 673 2005; x_wconf 89' lang='lat' dir='ltr'>simul</span> <span class='ocrx_word' id='word_1_225' title='bbox 686 1965 889 2005; x_wconf 88' lang='lat' dir='ltr'>materiae</span> <span class='ocrx_word' id='word_1_226' title='bbox 901 1965 1145 2006; x_wconf 90' lang='lat' dir='ltr'>morbificae</span> <span class='ocrx_word' id='word_1_227' title='bbox 1162 1964 1324 2004; x_wconf 83' lang='lat' dir='ltr'>exitum</span> <span class='ocrx_word' id='word_1_228' title='bbox 1341 1963 1546 2017; x_wconf 86' lang='lat' dir='ltr'>aperiant,</span> 
     </span>
    </p>

    <p class='ocr_par' dir='ltr' id='par_1_14' title="bbox 89 2031 1744 2221">
     <span class='ocr_line' id='line_1_29' title="bbox 90 2031 1548 2086; baseline -0.001 -15"><span class='ocrx_word' id='word_1_229' title='bbox 90 2045 218 2085; x_wconf 89' lang='lat' dir='ltr'>quam</span> <span class='ocrx_word' id='word_1_230' title='bbox 251 2032 441 2072; x_wconf 88' lang='lat' dir='ltr'>occultae</span> <span class='ocrx_word' id='word_1_231' title='bbox 475 2032 644 2072; x_wconf 85' lang='lat' dir='ltr'>cuidam</span> <span class='ocrx_word' id='word_1_232' title='bbox 676 2033 811 2073; x_wconf 91' lang='lat' dir='ltr'>indoli</span> <span class='ocrx_word' id='word_1_233' title='bbox 843 2047 926 2086; x_wconf 92' lang='lat' dir='ltr'>qua</span> <span class='ocrx_word' id='word_1_234' title='bbox 956 2047 981 2073; x_wconf 88' lang='lat' dir='ltr'>a</span> <span class='ocrx_word' id='word_1_235' title='bbox 1010 2032 1182 2073; x_wconf 89' lang='lat' dir='ltr'>Natura</span> <span class='ocrx_word' id='word_1_236' title='bbox 1214 2031 1268 2072; x_wconf 88' lang='lat' dir='ltr'>ad</span> <span class='ocrx_word' id='word_1_237' title='bbox 1303 2031 1548 2072; x_wconf 90' lang='lat' dir='ltr'>Pestilentis</span> 
     </span>
     <span class='ocr_line' id='line_1_30' title="bbox 89 2099 1547 2152; baseline 0 -13"><span class='ocrx_word' id='word_1_238' title='bbox 89 2099 405 2152; x_wconf 81' lang='lat' dir='ltr'>malignitatism</span> <span class='ocrx_word' id='word_1_239' title='bbox 431 2099 570 2140; x_wconf 89' lang='lat' dir='ltr'>labem</span> <span class='ocrx_word' id='word_1_240' title='bbox 593 2100 817 2141; x_wconf 88' lang='lat' dir='ltr'>delendam</span> <span class='ocrx_word' id='word_1_241' title='bbox 839 2100 997 2140; x_wconf 88' lang='lat' dir='ltr'>donata</span> <span class='ocrx_word' id='word_1_242' title='bbox 1016 2100 1190 2150; x_wconf 89' lang='lat' dir='ltr'>fuerint,</span> <span class='ocrx_word' id='word_1_243' title='bbox 1213 2099 1361 2140; x_wconf 91' lang='lat' dir='ltr'>referri</span> <span class='ocrx_word' id='word_1_244' title='bbox 1383 2099 1547 2148; x_wconf 87' lang='lat' dir='ltr'>debeat,</span> 
     </span>
     <span class='ocr_line' id='line_1_31' title="bbox 90 2166 1744 2221; baseline 0.001 -14"><span class='ocrx_word' id='word_1_245' title='bbox 90 2181 290 2220; x_wconf 88' lang='lat' dir='ltr'>magnam</span> <span class='ocrx_word' id='word_1_246' title='bbox 313 2171 439 2221; x_wconf 90' lang='lat' dir='ltr'>atque</span> <span class='ocrx_word' id='word_1_247' title='bbox 461 2168 689 2221; x_wconf 85' lang='lat' dir='ltr'>ancipitem</span> <span class='ocrx_word' id='word_1_248' title='bbox 715 2167 844 2208; x_wconf 89' lang='lat' dir='ltr'>habet</span> <span class='ocrx_word' id='word_1_249' title='bbox 876 2168 1240 2221; x_wconf 88' lang='lat' dir='ltr'>disceptationem.</span> <span class='ocrx_word' id='word_1_250' title='bbox 1310 2166 1418 2220; x_wconf 64' lang='lat'>[20]</span> <span class='ocrx_word' id='word_1_251' title='bbox 1455 2166 1549 2207; x_wconf 92' lang='lat' dir='ltr'>Nec</span> <span class='ocrx_word' id='word_1_252' title='bbox 1568 2176 1744 2209; x_wconf 77' lang='lat' dir='ltr'>Alexiteria</span> 
     </span>
    </p>
   </div>
   <div class='ocr_carea' id='block_1_12' title="bbox 91 2221 1753 2302">
    <p class='ocr_par' dir='ltr' id='par_1_15' title="bbox 91 2221 1753 2302">
     <span class='ocr_line' id='line_1_32' title="bbox 91 2221 1753 2302; baseline -0.001 -27"><span class='ocrx_word' id='word_1_253' title='bbox 91 2234 143 2275; x_wconf 92' lang='lat' dir='ltr'>de</span> <span class='ocrx_word' id='word_1_254' title='bbox 174 2235 288 2276; x_wconf 90' lang='lat' dir='ltr'>hisce</span> <span class='ocrx_word' id='word_1_255' title='bbox 312 2236 625 2286; x_wconf 87' lang='lat' dir='ltr'>tantummodo,</span> <span class='ocrx_word' id='word_1_256' title='bbox 650 2236 723 2276; x_wconf 88' lang='lat' dir='ltr'>sed</span> <span class='ocrx_word' id='word_1_257' title='bbox 752 2241 793 2276; x_wconf 92' lang='lat' dir='ltr'>et</span> <span class='ocrx_word' id='word_1_258' title='bbox 816 2235 867 2276; x_wconf 90' lang='lat' dir='ltr'>de</span> <span class='ocrx_word' id='word_1_259' title='bbox 898 2236 1077 2276; x_wconf 87' lang='lat' dir='ltr'>aliorum</span> <span class='ocrx_word' id='word_1_260' title='bbox 1103 2235 1350 2276; x_wconf 89' lang='lat' dir='ltr'>morborum</span> <span class='ocrx_word' id='word_1_261' title='bbox 1378 2234 1548 2275; x_wconf 78' lang='lat' dir='ltr'>alexite-</span> <span class='ocrx_word' id='word_1_262' title='bbox 1566 2221 1753 2302; x_wconf 39' lang='grc' dir='ltr'>ξᾚζᾶῗῇξ</span> 
     </span>
    </p>
   </div>
   <div class='ocr_carea' id='block_1_13' title="bbox 91 2305 1686 2360">
    <p class='ocr_par' dir='ltr' id='par_1_16' title="bbox 91 2305 1686 2360">
     <span class='ocr_line' id='line_1_33' title="bbox 91 2305 1686 2360; baseline -0.001 -14"><span class='ocrx_word' id='word_1_263' title='bbox 91 2305 163 2346; x_wconf 87' lang='lat' dir='ltr'>riis</span> <span class='ocrx_word' id='word_1_264' title='bbox 180 2305 376 2346; x_wconf 89' lang='lat' dir='ltr'>dubitare</span> <span class='ocrx_word' id='word_1_265' title='bbox 392 2306 455 2346; x_wconf 90' lang='lat' dir='ltr'>fas</span> <span class='ocrx_word' id='word_1_266' title='bbox 473 2311 549 2356; x_wconf 90' lang='lat' dir='ltr'>cst,</span> <span class='ocrx_word' id='word_1_267' title='bbox 567 2311 713 2347; x_wconf 87' lang='lat' dir='ltr'>utrum</span> <span class='ocrx_word' id='word_1_268' title='bbox 732 2306 1051 2348; x_wconf 77' lang='lat' dir='ltr'>evacuationem</span> <span class='ocrx_word' id='word_1_269' title='bbox 1069 2306 1255 2360; x_wconf 88' lang='lat' dir='ltr'>aliquam</span> <span class='ocrx_word' id='word_1_270' title='bbox 1269 2305 1547 2356; x_wconf 89' lang='lat' dir='ltr'>sollicitando,</span> <span class='ocrx_word' id='word_1_271' title='bbox 1567 2307 1686 2337; x_wconf 82' lang='lat' dir='ltr'>morbis</span> 
     </span>
    </p>
   </div>
   <div class='ocr_carea' id='block_1_14' title="bbox 90 2351 1749 2428">
    <p class='ocr_par' dir='ltr' id='par_1_17' title="bbox 90 2351 1749 2428">
     <span class='ocr_line' id='line_1_34' title="bbox 90 2351 1749 2428; baseline 0.002 -14"><span class='ocrx_word' id='word_1_272' title='bbox 90 2373 231 2428; x_wconf 87' lang='lat' dir='ltr'>potius</span> <span class='ocrx_word' id='word_1_273' title='bbox 254 2388 381 2427; x_wconf 88' lang='lat' dir='ltr'>quam</span> <span class='ocrx_word' id='word_1_274' title='bbox 402 2374 558 2415; x_wconf 85' lang='lat' dir='ltr'>virtute</span> <span class='ocrx_word' id='word_1_275' title='bbox 581 2375 763 2428; x_wconf 88' lang='lat' dir='ltr'>quadam</span> <span class='ocrx_word' id='word_1_276' title='bbox 785 2375 990 2428; x_wconf 86' lang='lat' dir='ltr'>specifica,</span> <span class='ocrx_word' id='word_1_277' title='bbox 1006 2374 1325 2428; x_wconf 89' lang='lat' dir='ltr'>aegrotantibus</span> <span class='ocrx_word' id='word_1_278' title='bbox 1346 2387 1435 2415; x_wconf 91' lang='lat' dir='ltr'>non</span> <span class='ocrx_word' id='word_1_279' title='bbox 1456 2388 1547 2415; x_wconf 91' lang='lat' dir='ltr'>sue·</span> <span class='ocrx_word' id='word_1_280' title='bbox 1566 2351 1749 2423; x_wconf 39' lang='lat' dir='ltr'>3:713?an-</span> 
     </span>
    </p>
   </div>
   <div class='ocr_carea' id='block_1_15' title="bbox 93 2437 1740 2566">
    <p class='ocr_par' dir='ltr' id='par_1_18' title="bbox 93 2437 1740 2566">
     <span class='ocr_line' id='line_1_35' title="bbox 93 2437 1740 2509; baseline 0.002 -27"><span class='ocrx_word' id='word_1_281' title='bbox 93 2446 279 2483; x_wconf 87' lang='lat' dir='ltr'>eurrant.</span> <span class='ocrx_word' id='word_1_282' title='bbox 310 2442 396 2484; x_wconf 79' lang='lat' dir='ltr'>Quj</span> <span class='ocrx_word' id='word_1_283' title='bbox 410 2443 524 2483; x_wconf 90' lang='lat' dir='ltr'>enim</span> <span class='ocrx_word' id='word_1_284' title='bbox 545 2443 675 2495; x_wconf 86' lang='lat' dir='ltr'>(verbi</span> <span class='ocrx_word' id='word_1_285' title='bbox 690 2444 855 2497; x_wconf 87' lang='lat' dir='ltr'>gratia,)</span> <span class='ocrx_word' id='word_1_286' title='bbox 873 2444 920 2484; x_wconf 90' lang='lat' dir='ltr'>in</span> <span class='ocrx_word' id='word_1_287' title='bbox 934 2443 1004 2484; x_wconf 92' lang='lat' dir='ltr'>lue</span> <span class='ocrx_word' id='word_1_288' title='bbox 1020 2457 1198 2484; x_wconf 82' lang='lat' dir='ltr'>venerea</span> <span class='ocrx_word' id='word_1_289' title='bbox 1212 2443 1278 2483; x_wconf 79' lang='lat' dir='ltr'>vel</span> <span class='ocrx_word' id='word_1_290' title='bbox 1291 2443 1548 2484; x_wconf 88' lang='lat' dir='ltr'>mercurium</span> <span class='ocrx_word' id='word_1_291' title='bbox 1566 2437 1740 2509; x_wconf 55' lang='grc' dir='ltr'>ἓξῐέοῇῗῑῗ·</span> 
     </span>
     <span class='ocr_line' id='line_1_36' title="bbox 93 2490 1740 2566; baseline 0.001 -16"><span class='ocrx_word' id='word_1_292' title='bbox 93 2510 159 2550; x_wconf 88' lang='lat' dir='ltr'>vel</span> <span class='ocrx_word' id='word_1_293' title='bbox 179 2510 480 2564; x_wconf 87' lang='lat' dir='ltr'>salsaparillam</span> <span class='ocrx_word' id='word_1_294' title='bbox 502 2511 653 2552; x_wconf 80' lang='lat' dir='ltr'>veneni</span> <span class='ocrx_word' id='word_1_295' title='bbox 674 2512 720 2552; x_wconf 92' lang='lat' dir='ltr'>in</span> <span class='ocrx_word' id='word_1_296' title='bbox 739 2512 822 2553; x_wconf 89' lang='lat' dir='ltr'>isto</span> <span class='ocrx_word' id='word_1_297' title='bbox 849 2511 999 2553; x_wconf 89' lang='lat' dir='ltr'>morbo</span> <span class='ocrx_word' id='word_1_298' title='bbox 1026 2512 1182 2566; x_wconf 85' lang='lat' dir='ltr'>reperti</span> <span class='ocrx_word' id='word_1_299' title='bbox 1214 2511 1549 2565; x_wconf 81' lang='lat' dir='ltr'>alexipharmaca</span> <span class='ocrx_word' id='word_1_300' title='bbox 1565 2521 1671 2558; x_wconf 83' lang='lat' dir='ltr'>tando,</span> <span class='ocrx_word' id='word_1_301' title='bbox 1696 2490 1740 2509; x_wconf 53' lang='lat' dir='ltr'>m-</span> 
     </span>
    </p>
   </div>
   <div class='ocr_carea' id='block_1_16' title="bbox 94 2566 1759 2648">
    <p class='ocr_par' dir='ltr' id='par_1_19' title="bbox 94 2566 1759 2648">
     <span class='ocr_line' id='line_1_37' title="bbox 94 2566 1759 2648; baseline 0.001 -30"><span class='ocrx_word' id='word_1_302' title='bbox 94 2577 278 2632; x_wconf 84' lang='lat' dir='ltr'>objiciat,</span> <span class='ocrx_word' id='word_1_303' title='bbox 307 2578 556 2620; x_wconf 85' lang='lat' dir='ltr'>adducenda</span> <span class='ocrx_word' id='word_1_304' title='bbox 591 2585 692 2621; x_wconf 89' lang='lat' dir='ltr'>sunt</span> <span class='ocrx_word' id='word_1_305' title='bbox 724 2580 762 2620; x_wconf 91' lang='lat' dir='ltr'>ei</span> <span class='ocrx_word' id='word_1_306' title='bbox 790 2581 1059 2621; x_wconf 89' lang='lat' dir='ltr'>curationum</span> <span class='ocrx_word' id='word_1_307' title='bbox 1090 2580 1293 2634; x_wconf 82' lang='lat' dir='ltr'>exempla,</span> <span class='ocrx_word' id='word_1_308' title='bbox 1315 2580 1360 2620; x_wconf 91' lang='lat' dir='ltr'>in</span> <span class='ocrx_word' id='word_1_309' title='bbox 1397 2566 1759 2648; x_wconf 51' lang='grc' dir='ltr'><strong>(111111113ξᾷἲὲἧέζὸ</strong></span> 
     </span>
    </p>
   </div>
   <div class='ocr_carea' id='block_1_17' title="bbox 94 2645 1718 2701">
    <p class='ocr_par' dir='ltr' id='par_1_20' title="bbox 94 2645 1718 2701">
     <span class='ocr_line' id='line_1_38' title="bbox 94 2645 1718 2701; baseline 0.001 -15"><span class='ocrx_word' id='word_1_310' title='bbox 94 2645 166 2687; x_wconf 91' lang='lat' dir='ltr'>ille</span> <span class='ocrx_word' id='word_1_311' title='bbox 182 2646 272 2687; x_wconf 91' lang='lat' dir='ltr'>sine</span> <span class='ocrx_word' id='word_1_312' title='bbox 289 2652 414 2701; x_wconf 90' lang='lat' dir='ltr'>sputo</span> <span class='ocrx_word' id='word_1_313' title='bbox 430 2652 504 2688; x_wconf 86' lang='lat' dir='ltr'>aut</span> <span class='ocrx_word' id='word_1_314' title='bbox 527 2661 704 2699; x_wconf 90' lang='lat' dir='ltr'>secessu,</span> <span class='ocrx_word' id='word_1_315' title='bbox 721 2648 825 2689; x_wconf 87' lang='lat' dir='ltr'>haec</span> <span class='ocrx_word' id='word_1_316' title='bbox 845 2662 943 2689; x_wconf 90' lang='lat' dir='ltr'>vero</span> <span class='ocrx_word' id='word_1_317' title='bbox 965 2648 1055 2689; x_wconf 90' lang='lat' dir='ltr'>sine</span> <span class='ocrx_word' id='word_1_318' title='bbox 1077 2648 1241 2688; x_wconf 91' lang='lat' dir='ltr'>sudoris</span> <span class='ocrx_word' id='word_1_319' title='bbox 1264 2647 1550 2699; x_wconf 88' lang='lat' dir='ltr'>suscitatione,</span> <span class='ocrx_word' id='word_1_320' title='bbox 1570 2651 1718 2688; x_wconf 81' lang='lat' dir='ltr'>specifica</span> 
     </span>
    </p>
   </div>
   <div class='ocr_carea' id='block_1_18' title="bbox 96 2693 1727 2770">
    <p class='ocr_par' dir='ltr' id='par_1_21' title="bbox 96 2693 1727 2770">
     <span class='ocr_line' id='line_1_39' title="bbox 96 2693 1727 2770; baseline 0.002 -16"><span class='ocrx_word' id='word_1_321' title='bbox 96 2714 324 2755; x_wconf 84' lang='lat' dir='ltr'>sanitatem</span> <span class='ocrx_word' id='word_1_322' title='bbox 357 2715 583 2769; x_wconf 86' lang='lat' dir='ltr'>aliquando</span> <span class='ocrx_word' id='word_1_323' title='bbox 611 2717 870 2767; x_wconf 75' lang='lat' dir='ltr'>restituerit3</span> <span class='ocrx_word' id='word_1_324' title='bbox 903 2716 1016 2770; x_wconf 90' lang='lat' dir='ltr'>quod</span> <span class='ocrx_word' id='word_1_325' title='bbox 1048 2730 1126 2770; x_wconf 88' lang='lat' dir='ltr'>ego</span> <span class='ocrx_word' id='word_1_326' title='bbox 1159 2716 1329 2770; x_wconf 87' lang='lat' dir='ltr'>quidem</span> <span class='ocrx_word' id='word_1_327' title='bbox 1358 2716 1482 2757; x_wconf 90' lang='lat' dir='ltr'>credo</span> <span class='ocrx_word' id='word_1_328' title='bbox 1515 2717 1553 2757; x_wconf 91' lang='grc'>61</span> <span class='ocrx_word' id='word_1_329' title='bbox 1570 2693 1727 2767; x_wconf 52' lang='grc' dir='ltr'>εξὲἒξῖξῗ</span> 
     </span>
    </p>
   </div>
   <div class='ocr_carea' id='block_1_19' title="bbox 97 2782 1553 2836">
    <p class='ocr_par' dir='ltr' id='par_1_22' title="bbox 97 2782 1553 2836">
     <span class='ocr_line' id='line_1_40' title="bbox 97 2782 1553 2836; baseline 0.001 -12"><span class='ocrx_word' id='word_1_330' title='bbox 97 2782 327 2824; x_wconf 87' lang='lat' dir='ltr'>admodum</span> <span class='ocrx_word' id='word_1_331' title='bbox 368 2783 537 2825; x_wconf 88' lang='lat' dir='ltr'>difficile</span> <span class='ocrx_word' id='word_1_332' title='bbox 582 2784 789 2826; x_wconf 88' lang='lat' dir='ltr'>futurum.</span> <span class='ocrx_word' id='word_1_333' title='bbox 854 2785 965 2825; x_wconf 83' lang='lat' dir='ltr'>Mihi</span> <span class='ocrx_word' id='word_1_334' title='bbox 1013 2790 1156 2826; x_wconf 86' lang='lat' dir='ltr'>autem</span> <span class='ocrx_word' id='word_1_335' title='bbox 1206 2785 1430 2826; x_wconf 88' lang='lat' dir='ltr'>verisimile</span> <span class='ocrx_word' id='word_1_336' title='bbox 1475 2790 1553 2836; x_wconf 84' lang='lat' dir='ltr'>est,</span> 
     </span>
    </p>
   </div>
   <div class='ocr_carea' id='block_1_20' title="bbox 1549 485 1731 490">
    <p class='ocr_par' dir='ltr' id='par_1_23' title="bbox 1549 485 1731 490">
     <span class='ocr_line' id='line_1_41' title="bbox 1549 485 1731 490; baseline 0 0"><span class='ocrx_word' id='word_1_337' title='bbox 1549 485 1731 490; x_wconf 95' lang='lat' dir='ltr'> </span> 
     </span>
    </p>
   </div>
   <div class='ocr_carea' id='block_1_21' title="bbox 100 2887 1554 2973">
    <p class='ocr_par' dir='ltr' id='par_1_24' title="bbox 100 2887 1554 2973">
     <span class='ocr_line' id='line_1_42' title="bbox 153 2887 1554 2932; baseline 0.001 -12"><span class='ocrx_word' id='word_1_338' title='bbox 153 2887 306 2931; x_wconf 74' lang='lat' dir='ltr'>¹ule-ri!.]</span> <span class='ocrx_word' id='word_1_339' title='bbox 334 2891 385 2920; x_wconf 77' lang='lat' dir='ltr'>Sic</span> <span class='ocrx_word' id='word_1_340' title='bbox 419 2891 505 2931; x_wconf 65' lang='lat' dir='ltr'>Syd„</span> <span class='ocrx_word' id='word_1_341' title='bbox 538 2891 654 2922; x_wconf 76' lang='lat' dir='ltr'>melius</span> <span class='ocrx_word' id='word_1_342' title='bbox 685 2899 790 2923; x_wconf 70' lang='lat' dir='ltr'>autem</span> <span class='ocrx_word' id='word_1_343' title='bbox 909 2890 930 2903; x_wconf 79' lang='lat'>¹¹¹</span> <span class='ocrx_word' id='word_1_344' title='bbox 961 2891 1178 2931; x_wconf 54' lang='lat' dir='ltr'>maliguimtv&#39;s]</span> <span class='ocrx_word' id='word_1_345' title='bbox 1213 2893 1278 2928; x_wconf 74' lang='lat' dir='ltr'>(uli</span> <span class='ocrx_word' id='word_1_346' title='bbox 1307 2894 1387 2932; x_wconf 76' lang='lat' dir='ltr'>loqui</span> <span class='ocrx_word' id='word_1_347' title='bbox 1421 2895 1554 2931; x_wconf 62' lang='lat' dir='ltr'>aniani.)</span> 
     </span>
     <span class='ocr_line' id='line_1_43' title="bbox 100 2931 1073 2973; baseline 0.002 -10"><span class='ocrx_word' id='word_1_348' title='bbox 100 2934 218 2971; x_wconf 59' lang='lat' dir='ltr'>aleret„</span> <span class='ocrx_word' id='word_1_349' title='bbox 236 2944 280 2965; x_wconf 88' lang='lat' dir='ltr'>sc.</span> <span class='ocrx_word' id='word_1_350' title='bbox 298 2931 511 2973; x_wconf 80' lang='grc' dir='ltr'>ἀλεξητήριον.</span> <span class='ocrx_word' id='word_1_351' title='bbox 858 2935 926 2965; x_wconf 70' lang='lat' dir='ltr'>add.</span> <span class='ocrx_word' id='word_1_352' title='bbox 945 2936 990 2965; x_wconf 76' lang='lat' dir='ltr'>ed.</span> <span class='ocrx_word' id='word_1_353' title='bbox 1010 2937 1073 2965; x_wconf 73' lang='grc' dir='ltr'>’(ὶὸ,</span> 
     </span>
    </p>
   </div>
  </div>
 </body>
</html>
