1985 3308
384 157 469 197 276
798 155 1055 199 THOMAE
1089 153 1430 197 SYDENHAM

184 271 365 302 DnMonn.
387 261 460 315 qui
486 266 575 304 tam
603 263 721 304 exilis
748 264 880 305 totius
907 261 1117 317 particula
1143 266 1186 302 et
1211 264 1457 314 contempta
1483 272 1549 300 res
1577 264 1654 308 est,
1682 258 1843 314 jugiter

201 315 353 388 Εῖᾟῡξέ·
385 329 572 370 referre?
634 334 661 353 “
675 331 736 372 Ut
753 331 903 372 enim”
930 330 1093 383 (loquor
1108 342 1206 369 cum
1226 328 1411 368 maximo
1431 327 1504 368 illo
1523 327 1692 368 dicendi
1713 328 1843 368 senti-

386 398 569 452 endique
596 399 813 452 magistro,
841 399 1043 439 Cicerone
1070 410 1178 446 meo,
1206 396 1271 436 sui
1299 395 1468 446 saeculi,
1493 409 1549 435 ne
1582 395 1720 436 dicam
1746 395 1842 435 uni-

384 479 527 506 versae
559 466 782 507 hominum
817 471 1010 514 naturae,
1045 464 1199 517 genio)
1235 463 1387 515 “leges
1427 462 1621 503 omnium
1661 463 1843 503 salutem

384 533 650 587 singulorum
683 534 810 574 saluti
846 536 1126 585 anteponunt,
1160 530 1218 571 sic
1250 530 1313 570 vir
1345 530 1482 571 bonus
1515 534 1558 571 et
1589 530 1768 584 sapiens,
1799 535 1843 570 et

383 600 548 654 legibus
578 615 743 655 parens,
773 606 815 641 et
847 599 977 640 civilis
1009 598 1133 639 officii
1164 611 1252 638 non
1281 597 1469 650 ignarus,
1498 598 1677 638 utilitati
1705 597 1842 638 homi-

383 683 502 718 num,
528 669 622 721 plus
645 682 784 721 quam,
807 667 935 708 unius
957 666 1148 719 alicujus,
1166 670 1240 706 aut
1262 679 1375 715 suae,
1390 666 1615 706 consulit.'’
1679 665 1843 718 (Cicero

384 737 447 776 De
474 736 563 775 Fin.
593 737 695 775 Bon.
719 739 757 775 et
779 735 884 774 Mal.
915 734 990 787 [iii.
1017 733 1126 786 19.])
1192 733 1396 775 Qujnimo
1417 733 1518 773 satis
1545 733 1692 786 liquet,
1715 732 1841 786 quod,

383 817 480 844 cum
506 803 730 843 facinorosi
757 803 810 842 sit
837 802 1056 842 hominem
1079 801 1290 855 jugulare,
1318 800 1421 841 boni
1447 801 1524 855 xiri
1550 801 1630 842 erit
1657 800 1842 842 eundem

383 871 448 911 vel
475 884 733 920 conservare,
757 870 821 910 vel
848 870 950 910 alios
977 869 1028 909 iis
1050 869 1262 910 instruere
1282 869 1513 923 praesidiis,
1537 869 1690 923 quibus
1707 868 1843 923 adjuti

383 953 481 979 eum
498 937 550 978 ab
571 938 750 978 interitu
769 937 998 988 vindicent,
1017 937 1146 978 etiam
1163 937 1357 978 Authore
1378 937 1464 978 vita
1479 938 1569 990 jam
1590 937 1751 977 functo.
1783 937 1841 977 Et

382 1020 460 1046 vox
481 1006 553 1046 illa
572 1006 698 1059 plane
719 1005 954 1045 inhumana
978 1009 1021 1046 et
1042 1005 1246 1046 scelerata
1271 1005 1389 1046 audit
1411 1019 1571 1054 eorum,
1588 1004 1660 1057 qui
1678 1007 1841 1057 negant

383 1088 426 1113 se
447 1087 650 1123 recusare,
666 1087 748 1126 quo
770 1073 924 1123 minus,
940 1072 1042 1126 ipsis
1063 1073 1255 1124 mortuis,
1271 1077 1482 1114 terrarum
1499 1072 1692 1113 omnium
1714 1071 1840 1113 defla-

382 1141 518 1195 gratio
540 1147 824 1195 consequatur
837 1142 867 1181 ¹³.

445 1209 524 1263 [3.]
565 1209 645 1249 His
678 1215 821 1250 autem
851 1209 1249 1264 impraesentiarum
1285 1209 1423 1250 missis
1453 1209 1589 1259 factis,
1617 1208 1841 1250 fatendum

379 1283 444 1317 est
475 1276 629 1318 debere
654 1291 723 1318 me
754 1291 804 1318 ea
834 1291 941 1331 quae
973 1277 1025 1318 de
1054 1277 1122 1317 his
1148 1277 1307 1317 morbis
1334 1277 1386 1317 de
1418 1276 1570 1330 quibus
1600 1276 1841 1330 percontari

381 1344 505 1385 libuit
537 1345 679 1385 animo
708 1345 906 1396 volutavi,
934 1350 983 1386 ut
1014 1350 1062 1386 ut
1093 1345 1230 1394 exilia,
1258 1345 1354 1385 Tibi
1379 1345 1505 1398 plane
1527 1345 1712 1398 aperire3
1745 1344 1841 1386 Tibi

383 1413 603 1466 (inquam,)
641 1412 794 1454 eximio
825 1413 943 1463 Viro,
977 1418 1018 1454 et
1051 1413 1225 1466 Spartae
1256 1427 1384 1466 quam
1420 1426 1544 1452 ornas
1574 1411 1838 1465 dignissimo,

380 1483 500 1534 cujus
541 1496 620 1535 ego
655 1487 698 1522 et
733 1481 964 1522 eruditioni
999 1486 1042 1522 et
1083 1480 1288 1534 probitati
1325 1481 1539 1534 animique
1581 1480 1754 1521 candori
1790 1494 1840 1521 ea

379 1549 522 1589 tribuo
563 1549 767 1599 encomia,
801 1563 907 1602 quae
946 1549 1110 1602 reliqua
1149 1553 1395 1601 togatorum
1436 1561 1554 1600 gens,
1585 1547 1699 1588 inter
1734 1561 1839 1600 quos

380 1618 503 1658 nites.
566 1617 790 1658 Praetereo
809 1617 940 1658 etiam
962 1623 1172 1671 quantum
1194 1617 1289 1657 Tibi
1311 1616 1441 1657 debeo
1463 1616 1710 1668 gratiarum,
1725 1615 1839 1670 quod

379 1686 438 1726 Te
459 1690 546 1725 tam
572 1686 682 1726 male
710 1685 897 1726 habeant
925 1685 1139 1726 immerita
1159 1685 1244 1735 illa,
1268 1684 1424 1739 quibus
1452 1699 1477 1724 a
1503 1684 1722 1725 nonnullis
1743 1698 1838 1738 pro-

379 1752 560 1803 scindor,
576 1753 777 1803 convitia;
801 1753 852 1793 de
870 1752 1024 1806 quibus
1045 1753 1125 1793 hoc
1150 1752 1286 1792 habeo
1307 1752 1548 1802 dicendum,
1564 1752 1676 1806 quod
1697 1752 1732 1793 si
1752 1752 1841 1792 vita

378 1821 562 1861 innocua
588 1821 785 1870 hominis,
809 1821 881 1874 qui
905 1820 1120 1862 neminem
1146 1833 1285 1874 neque
1310 1820 1425 1860 facto
1449 1834 1588 1874 neque
1613 1820 1726 1861 dicto
1753 1820 1837 1861 lae-

379 1893 502 1938 serat,
524 1903 593 1929 me
615 1888 666 1929 ab
689 1889 770 1928 illis
792 1894 954 1929 sartum
975 1886 1163 1929 tectumd
1183 1888 1360 1929 reddere
1381 1888 1593 1938 valuisset,
1615 1902 1839 1942 nunquam

377 1956 423 1995 in
444 1969 512 1996 me
534 1956 832 1997 detonuerant.
894 1956 1005 1996 Cum
1027 1961 1171 1996 autem
1192 1956 1311 1997 nullo
1332 1956 1376 1997 id
1396 1970 1492 1997 meo
1513 1956 1690 1997 crimine
1711 1970 1835 1997 even·

377 2023 470 2074 erit,
499 2038 637 2077 neque
674 2025 737 2076 (ut
769 2025 919 2077 spero)
955 2024 1120 2065 eveniet
1150 2038 1356 2078 unquam,
1385 2029 1469 2064 stat
1500 2024 1715 2065 sententia
1747 2038 1838 2065 non

376 2106 443 2131 me
475 2092 568 2132 ideo
598 2092 781 2145 plectere
811 2092 924 2145 quod
951 2092 1023 2133 alii
1053 2092 1311 2145 deliquerint
1324 2109 1336 2142 3
1367 2092 1411 2132 id
1438 2097 1611 2133 tantum
1637 2097 1755 2133 ratus
1783 2091 1837 2133 ad

376 2173 444 2199 me
480 2159 674 2210 attinere,
705 2164 754 2200 ut
784 2160 862 2199 viri
893 2159 1015 2213 probi
1051 2160 1210 2201 scilicet
1247 2160 1383 2201 officio
1409 2159 1633 2213 defungar,
1659 2165 1704 2201 et
1734 2159 1836 2201 boni

376 2227 548 2278 Medici,
572 2233 781 2280 quantum
803 2227 966 2281 patitur
986 2228 1174 2268 tenuitas
1195 2233 1353 2268 nostra.

440 2295 520 2349 [4]
558 2296 727 2336 Morem
761 2296 905 2349 itaque
940 2309 1085 2349 geram
1120 2296 1166 2335 in
1201 2295 1420 2336 tradendis
1455 2295 1834 2346 observationibus,

377 2377 483 2415 quae
514 2364 620 2404 mihi
654 2364 701 2404 in
737 2363 908 2414 morbis,
940 2364 993 2404 de
1024 2363 1178 2417 quibus
1210 2363 1504 2413 sciscitabaris,
1541 2363 1833 2405 occurrebant.

377 2431 570 2471 Primum
606 2437 749 2472 autem
790 2445 914 2484 agam
955 2431 1007 2472 de
1042 2431 1249 2472 Febribus
1281 2430 1687 2481 Intermittentibus‚
1718 2445 1836 2472 nunc

376 2500 488 2552 apud
507 2506 674 2541 nostros
688 2499 957 2554 Epidemicis.
1020 2498 1117 2540 Quo
1138 2499 1312 2541 nomine
1333 2513 1421 2540 non
1443 2499 1518 2540 abs
1544 2514 1589 2540 re
1609 2499 1698 2540 fore
1719 2500 1831 2541 arbi-

376 2572 477 2617 tror,
507 2582 641 2608 annos
671 2568 774 2608 istos
805 2567 966 2617 ordine,
996 2567 1069 2608 sed
1100 2567 1294 2618 breviter,
1323 2581 1580 2621 percurrere,
1609 2567 1681 2620 qm’
1711 2567 1834 2608 illum

378 2635 642 2689 excipiebant
679 2650 761 2689 quo
792 2635 1070 2676 claudebatur
1105 2636 1296 2676 Historia
1330 2637 1554 2676 Aeniorum
1594 2636 1835 2676 Morborum

419 2712 430 2728 ⁶
456 2715 541 2745 Nero
558 2719 574 2732 “
587 2716 711 2746 dicente
724 2716 861 2755 quodam
879 2716 910 2745 in
925 2725 1069 2745 sermone
1171 2719 1183 2734 ⁶
1211 2713 1360 2754 Σπάρτην
1369 2713 1496 2751 ἔλαχες,
1507 2711 1756 2750 ταύτηνκόσμει.
1781 2712 1832 2744 Cf.

377 2759 550 2794 cmmnuni,
566 2759 661 2795 Ἐμοῦ
677 2757 824 2789 θανόντος
839 2759 914 2797 ’γαΐα
928 2757 1074 2796 μιχθήτω
1135 2758 1263 2788 Erasmi
1285 2760 1386 2797 Λείας.
1409 2757 1439 2786 ii.
1463 2758 1491 2786 5.
1512 2757 1524 2785 l
1539 2769 1545 2791 ς
1573 2756 1736 2793 Gaissord,
1753 2757 1834 2786 Par-

377 2799 456 2838 πυρί,
473 2803 571 2835 Inuum,
589 2802 702 2841 inquit.
717 2802 791 2839 ἐμοῦ
804 2800 948 2839 §civ-roff
975 2802 1071 2837 (Sue—
1133 2813 1202 2831 ocm.
1224 2802 1330 2830 Graec.

378 2850 439 2872 1011.
460 2845 517 2871 ΠΙ.
539 2845 610 2872 Xer.
630 2855 654 2873 ι’.
674 2846 739 2880 38.)
761 2845 809 2874 Cf.
830 2846 899 2874 sen.
919 2845 963 2873 De
982 2846 1070 2874 Clem.
1175 2842 1188 2861 '¹
1212 2849 1325 2873 sartum
1357 2840 1483 2880 tet-lum]
1515 2841 1535 2870 i.
1554 2852 1577 2871 e.
1615 2847 1721 2877 tutum,
1751 2843 1830 2871 inte-

377 2885 406 2913 ii.
429 2887 485 2915 22:
515 2886 576 2914 Dio
601 2888 687 2916 Cass.
716 2888 796 2916 llisl.
817 2888 900 2916 Rom.
918 2886 995 2916 lviii.
1021 2888 1070 2916 23.
1130 2898 1228 2923 grum.
1255 2886 1303 2915 Cf.
1330 2885 1397 2914 Cic.
1429 2885 1527 2922 Episl.
1561 2885 1643 2913 Fam.
1675 2883 1740 2914 xiii.
1769 2885 1828 2919 50:

377 2928 414 2956 (ie
432 2928 566 2957 Tiberio.
1134 2929 1260 2959 Erasini
1277 2930 1377 2967 Adng.
1396 2927 1436 2956 iv.
1455 2928 1484 2956 «3.
1505 2928 1554 2958 37-
