1985 3308
217 281 271 311 DE
288 282 397 312 Vam-

215 332 292 354 oms
307 325 399 354 Cox-
421 343 428 350 ·

238 376 383 399 FLUENT.

202 2319 386 2359 Dogmatici

201 2362 355 2393 invidiam

201 2404 339 2444 depellit.

418 169 504 210 342
831 171 1088 214 THOMAE
1122 174 1463 216 SYDENHAM

418 279 582 316 naiores
625 277 689 329 (ut
725 290 822 317 cum
856 278 1060 320 Cicerone
1103 280 1253 333 [Acad.
1288 281 1452 327 Quaest.
1484 280 1537 320 iv.
1570 280 1660 334 20.]
1697 280 1876 334 loquar,)

417 358 464 383 111
499 345 794 386 controversiis
829 361 934 400 pure
970 348 1249 400 speculativis,
1288 347 1489 400 gradibus
1525 348 1591 388 vel
1629 348 1775 401 spatiis
1814 349 1879 388 111-

417 411 562 462 finitis,
611 418 821 466 quantum
868 414 1066 467 cuiquam
1112 415 1244 467 possit
1290 414 1570 465 innotescere,
1619 429 1644 456 a
1687 415 1879 456 veritatis

417 493 542 532 scopo
579 479 804 530 aberrent;
856 495 953 521 cum
988 482 1060 534 qui
1096 481 1150 521 ad
1185 482 1259 521 ina
1292 487 1465 522 tantum
1501 482 1751 536 applicuerit
1788 483 1879 523 ani-

416 561 536 587 mum
578 562 685 601 quae
722 548 862 601 praxis
898 554 1013 589 certo
1049 549 1333 590 determinare
1375 555 1515 603 queat,
1551 550 1586 590 si
1626 550 1729 604 quid
1768 551 1879 592 forte

416 615 544 656 fuerit
578 616 876 666 hallucinatus,
912 617 1031 657 nullo
1066 617 1239 671 negotio
1272 617 1324 658 ab
1357 631 1496 659 errore
1530 618 1793 669 liberabitur,
1826 619 1880 659 ad

416 683 527 723 hanc
563 697 641 724 ceu
677 684 731 723 ad
771 684 957 737 Lydium
992 683 1194 737 lapidem¹
1229 685 1432 738 probatis,
1467 700 1570 739 quas
1603 686 1744 727 animo
1779 699 1878 727 con-

417 756 598 803 ceperat,
630 765 773 791 rerum
804 751 922 791 ideis.
984 752 1100 792 'Nam
1132 752 1177 792 in
1202 752 1283 793 1100
1310 758 1457 794 nostro
1489 754 1675 806 negotio,
1704 768 1760 794 an
1790 768 1879 794 non

416 818 521 858 mihi
542 819 639 859 licet
662 818 883 859 observare
914 834 937 859 a
969 834 1052 873 quo
1079 820 1263 861 maxime
1289 821 1497 874 regimine
1519 821 1711 862 adhibito
1731 822 1879 862 mitius

417 891 492 946 aut
524 886 686 926 saexius
719 886 990 927 Variolarum
1019 902 1154 941 genus
1183 888 1455 942 producatur,
1483 894 1612 943 atque
1643 889 1748 930 adeo
1778 903 1878 930 con-

415 953 594 994 formem
621 954 683 994 rei
713 955 950 996 exidentiae
971 957 1229 997 sententiam
1257 958 1400 998 animo
1420 957 1688 1011 producere?
1751 957 1879 999 Quod

416 1021 451 1061 si
491 1021 563 1061 alii
601 1021 715 1063 idem
755 1022 1055 1074 factitaverint,
1099 1025 1199 1065 satis
1239 1024 1406 1066 habeo:
1457 1025 1774 1079 iniquissimum
1814 1031 1878 1067 est

415 1094 571 1139 autem,
595 1104 692 1130 cum
721 1104 775 1131 ne
807 1092 937 1132 semel
963 1092 1134 1146 quidem
1164 1107 1240 1146 per
1271 1107 1443 1133 omnem
1463 1092 1594 1133 vitam
1624 1093 1786 1133 fuerint
1808 1107 1877 1134 ex-

413 1158 524 1210 perti
555 1163 765 1211 quantum
797 1173 921 1213 aegro
945 1160 1078 1213 prosit
1107 1166 1307 1201 noceatve
1334 1161 1425 1215 jam
1453 1175 1576 1214 saepe
1598 1165 1835 1201 memorata
1855 1175 1878 1202 e

414 1226 524 1267 lecto
559 1227 747 1268 interdiu
778 1228 1039 1280 immunitas,
1075 1243 1144 1270 me
1179 1236 1387 1283 tanquam
1422 1229 1642 1270 falsarium
1678 1229 1878 1270 conviciis

414 1295 695 1348 proscindere.
758 1296 884 1338 Quod
916 1298 951 1337 si
975 1299 1063 1352 jam
1089 1298 1190 1338 olim
1209 1312 1319 1348 vera,
1340 1298 1440 1338 licet
1470 1296 1760 1350 inopinabilia,
1783 1311 1876 1338 sen-

413 1362 569 1404 tientes
601 1364 888 1405 calumniandi
919 1365 1050 1406 libido
1080 1365 1348 1415 obtinuisset,
1380 1379 1506 1406 nemo
1534 1365 1762 1419 quicquam
1782 1370 1876 1406 ten-

413 1435 545 1471 tasset
568 1445 650 1484 quo
671 1432 846 1473 invento
866 1433 1060 1474 homines
1077 1434 1216 1487 juvari
1237 1434 1414 1487 possint.
1470 1434 1528 1473 Et
1550 1447 1651 1473 sane
1674 1447 1876 1486 quorsum

414 1512 493 1551 ego
513 1499 589 1539 has
610 1500 716 1540 mihi
736 1501 985 1542 facesserem
1006 1502 1232 1551 molestias,
1255 1501 1338 1541 nisi
1358 1501 1540 1554 repetita
1561 1514 1684 1554 saepe
1715 1506 1758 1541 et
1788 1500 1876 1541 fere

414 1567 662 1619 quotidiana
697 1569 958 1621 experientia
998 1569 1108 1610 hanc
1140 1568 1392 1609 methodum
1432 1568 1597 1621 vulgari
1630 1568 1713 1608 ista
1747 1568 1875 1621 longe

411 1635 615 1675 tutiorem
649 1650 738 1677 esse
770 1637 1052 1678 inclamaret?
1112 1637 1215 1678 Non
1257 1651 1351 1677 sum
1393 1650 1530 1689 usque
1571 1636 1676 1677 adeo
1716 1636 1875 1678 delirus

414 1708 541 1756 atque
574 1703 695 1757 inops
730 1705 898 1755 mentis,
937 1710 984 1746 ut
1019 1705 1177 1746 famam
1209 1704 1314 1745 mihi
1350 1718 1550 1757 quaeram
1577 1703 1629 1744 ab
1659 1704 1876 1757 exagitata

413 1776 541 1823 atque
562 1772 730 1824 explosa
751 1786 897 1812 eorum
924 1773 1134 1826 opinione,
1158 1773 1243 1825 qui,
1266 1772 1300 1811 si
1326 1771 1525 1825 plausum
1545 1785 1734 1822 venarer,
1757 1772 1875 1812 omni

411 1837 612 1891 obsequio
644 1840 750 1880 mihi
785 1841 1001 1881 ambiendi
1036 1846 1157 1881 erant
1170 1858 1182 1890 3
1227 1854 1368 1893 neque
1388 1840 1574 1880 malitiae
1606 1844 1697 1879 tam
1730 1839 1872 1893 deplo-

409 1911 527 1946 ratae
563 1908 760 1960 cuiquam
795 1909 927 1949 videri
961 1909 1132 1962 possim,
1165 1914 1215 1949 ut
1250 1907 1508 1958 hominibus,
1538 1907 1667 1948 etiam
1698 1907 1874 1948 saeculis

410 1973 742 2026 aliquammultis
782 1981 877 2029 post
912 1990 1008 2017 mea
1042 1976 1131 2017 fata
1170 1976 1408 2026 nascituris,
1446 1990 1496 2016 ex
1535 1989 1632 2016 mea
1675 1975 1725 2028 (si
1767 1989 1873 2028 quae

409 2041 487 2080 erit
518 2041 619 2093 illa,)
645 2043 904 2084 authoritate
934 2044 1107 2084 insidias
1139 2050 1312 2094 struam,
1341 2049 1383 2084 et
1403 2044 1470 2084 vel
1499 2048 1708 2093 mortuus,
1744 2042 1873 2095 (quod

408 2106 559 2148 horreo
598 2109 813 2162 referens,)
858 2112 1033 2164 perinde
1080 2126 1128 2153 ac
1166 2113 1298 2162 vivus,
1338 2112 1432 2152 illos
1478 2111 1682 2151 occidam.
1756 2111 1864 2164 [24]

409 2176 521 2217 Utut
553 2178 620 2227 sit,
652 2179 731 2219 hac
764 2194 842 2233 ego
873 2181 1075 2222 methodo
1111 2195 1226 2222 meos
1261 2181 1392 2235 ipsius
1424 2180 1631 2230 liberosm‚
1664 2179 1872 2232 sanguine

407 2250 448 2284 et
491 2246 805 2300 propinquitate
846 2249 1215 2303 conjunctissimos
1257 2262 1458 2302 quosque,
1497 2253 1539 2288 et
1577 2252 1786 2300 quotquot
1827 2261 1871 2288 se

406 2313 511 2353 mihi
542 2314 675 2355 libere
710 2316 1008 2369 permiserunt,
1043 2317 1217 2358 omnino
1254 2316 1408 2357 curavi.
1473 2315 1519 2355 Si
1547 2314 1649 2368 quid
1681 2315 1869 2368 delique-

406 2382 498 2433 rim,
531 2383 576 2423 in
609 2399 657 2425 eo
689 2400 713 2425 a
742 2399 811 2426 me
847 2391 1035 2425 erratum
1066 2391 1143 2435 est,
1177 2385 1290 2438 quod
1329 2384 1568 2425 obstinatae
1604 2388 1869 2424 contra-sen-

405 2450 606 2491 tientium
641 2453 910 2505 pertinaciae,
944 2467 999 2493 110
1033 2453 1164 2493 durus
1201 2467 1247 2493 ac
1278 2452 1540 2506 praefractus
1570 2451 1762 2501 haberer,
1794 2450 1869 2491 ali-

407 2520 570 2572 quoties
602 2522 731 2571 cessi;
764 2527 890 2575 atque
920 2521 999 2562 hac
1030 2521 1082 2562 de
1111 2536 1157 2562 re
1189 2536 1336 2562 eorum
1365 2521 1495 2561 fidem
1522 2520 1686 2574 appello
1715 2518 1868 2572 quibus

405 2589 587 2629 maxime
622 2590 900 2630 familiaribus
940 2604 1043 2630 usus
1080 2604 1187 2629 sum.
1271 2589 1356 2630 Sed
1395 2589 1476 2630 hoc
1512 2589 1566 2629 ad
1605 2587 1868 2628 infelicitatis

404 2669 522 2697 meae
550 2657 770 2697 cumulum
798 2656 984 2706 accessit,
1018 2656 1131 2709 quod
1162 2656 1397 2709 aliquoties,
1420 2655 1548 2695 etiam
1574 2653 1649 2694 ubi
1679 2659 1868 2694 astantes

405 2739 453 2764 03
477 2740 583 2778 quae
605 2741 819 2767 suaseram
841 2726 984 2767 omnia
1009 2740 1084 2779 per
1109 2726 1326 2779 integrum
1347 2725 1483 2766 morbi
1505 2738 1677 2765 cursum
1698 2724 1868 2764 fuerant

449 2864 454 2879 ¹
482 2865 609 2902 Lydium
629 2864 707 2904 lap]
727 2865 744 2895 i.
764 2876 787 2895 0.
809 2867 976 2898 coticulam,
994 2876 1052 2904 qna
1067 2866 1106 2902 fi!
1208 2867 1229 2881 “¹
1255 2862 1304 2892 Cf.
1330 2872 1399 2902 sup.
1423 2872 1452 2901 p.
1475 2862 1544 2891 150.
1559 2871 1602 2895 n.‚
1639 2861 1708 2890 152.
1725 2869 1776 2894 n.;
1804 2859 1864 2889 Ob·
1926 2886 1927 2903 ζ
1982 2869 1985 2882 ¹

405 2907 473 2933 auri
490 2907 914 2945 11411νὲεήΙίι’]ἹκὟὶηισηΙηῃι.
941 2908 991 2936 Cf.
1009 2907 1103 2936 Eras—
1165 2917 1240 2935 serr.
1263 2906 1343 2934 ΜΝΙ.
1362 2905 1401 2933 iv.
1419 2905 1448 2933 6.
1470 2904 1517 2933 12.

406 2947 448 2975 mi
469 2949 566 2986 Atlag.
587 2948 603 2976 i.
625 2950 652 2976 5.
673 2950 721 2979 87,
