1985 3308
376 140 474 181 DIS
481 138 771 181 SERTATIO
802 136 1214 183 EPISTOLARIS.
1439 137 1524 177 389

68 248 134 289 vel
154 247 344 289 dolemus
366 262 413 288 ac
432 247 653 300 ringimur,
676 246 838 300 quoties
868 245 1037 300 publica
1065 258 1132 285 res
1162 242 1384 284 hominum
1409 256 1521 283 com·
1564 251 1618 280 Da
1636 250 1703 280 Ar-

68 316 189 357 muni
209 316 347 369 aliquo
367 315 584 366 beneficio,
608 328 656 355 ac
675 314 888 355 NUMINIS
909 313 1062 363 favore,
1084 315 1276 364 augetur.
1543 294 1726 366 Fssssgngx‘

134 382 271 435 [115.]
312 383 357 423 Si
389 397 495 437 quac
526 397 624 424 vero
659 397 710 423 cx
743 381 939 423 remediis
975 394 1101 434 supra
1133 377 1350 419 recensitis
1381 376 1522 417 minus
1543 382 1728 425 W

69 450 334 501 conveniant,
371 451 498 505 (quod
532 454 870 505 temperamento
903 448 1052 490 bilioso
1088 460 1136 488 ac
1174 445 1295 487 tenui
1324 444 1524 499 praeditis
1543 437 1702 519 {ffissssg

69 530 191 570 saepe
224 517 403 571 accidit,)
440 523 544 559 tunc
579 519 719 559 diaeta
750 518 887 559 lactea
919 516 1050 571 possit
1084 513 1290 568 usurpari.
1352 511 1526 553 Etenim
1544 522 1717 570 131entobi3

68 585 266 626 mulieres
292 586 450 640 aliquot
483 587 610 640 (quod
636 586 772 641 prima
803 586 947 627 statim
976 585 1117 626 fronte
1147 581 1371 623 mirabitur
1403 579 1522 634 quis,)
1544 564 1729 600 hosotenm,

69 667 167 694 cum
186 653 423 695 Affectibus
447 654 681 709 Hystericis
703 654 775 694 diu
790 653 1067 703 conflictatae,
1083 650 1211 693 etiam
1226 650 1275 690 iis
1293 648 1364 702 qui
1380 661 1527 688 omnes

69 720 338 762 Medicorum
371 728 547 763 conatus
580 726 824 777 spreverant
860 722 1170 773 eluserantque,
1203 717 1379 759 tandem
1417 716 1527 756 lacte

70 789 157 830 solo
193 789 438 843 aliquandiu
470 795 687 831 vescentes
728 790 990 831 convaluere.
1050 788 1194 841 Atque
1228 786 1324 826 illae
1357 783 1528 838 quidem
1547 793 1577 819 et
1594 789 1703 838 Coliqa

68 856 264 908 maxime,
297 872 403 911 quae
435 872 484 899 ea
515 858 651 911 specie
681 856 931 898 laborabant
963 869 1090 909 quam
1121 868 1199 907 ego
1234 853 1412 894 Colicam
1438 851 1527 903 Hy-
1547 833 1721 906 ἐξέἰξξζζω

68 926 262 966 stericam
290 926 465 979 appello,
496 940 602 980 quae
630 940 717 966 non
747 925 829 966 nisi
862 940 886 966 a
915 923 1138 965 narcoticis
1167 921 1307 976 potuit
1338 919 1528 970 deliniri3

71 994 223 1048 quibus
253 994 396 1048 itaque
422 1009 498 1048 per
527 995 749 1036 intervalla
778 993 1019 1047 repetendis
1049 991 1234 1032 multum
1258 993 1530 1030 assueverant

69 1061 150 1103 hae
182 1062 407 1113 foeminae,
442 1063 584 1104 dolore
616 1062 939 1103 recrudescente
976 1065 1023 1101 ut
1057 1059 1242 1114 primum
1279 1056 1530 1099 emarcuerit

71 1129 257 1183 anodyni
278 1130 422 1171 virtus.
483 1130 536 1170 Id
559 1144 657 1171 vero
687 1130 733 1170 in
762 1130 842 1170 hac
872 1128 1047 1170 curandi
1076 1126 1278 1168 methodo
1307 1124 1530 1179 praecipue

70 1198 325 1249 mirandum,
341 1198 464 1252 quod,
483 1213 579 1240 cum
594 1199 658 1239 lac
673 1198 874 1252 frigidum
890 1202 1060 1238 tantum
1077 1195 1338 1248 crudumque
1355 1193 1528 1234 alimen-

70 1271 165 1307 tum
196 1267 409 1320 praebeat,
447 1267 618 1321 spiritus
653 1267 929 1308 nihilominus
963 1266 1052 1319 ejus
1092 1280 1172 1305 usu
1205 1263 1530 1305 corroborentur

70 1335 460 1389 invigorenturque.
522 1336 616 1376 Nec
648 1340 794 1376 tamen
829 1335 908 1376 hoc
942 1349 966 1375 a
997 1334 1162 1374 ratione
1198 1332 1424 1372 abhorrere
1449 1331 1530 1371 illis

70 1402 293 1453 videbitur,
326 1402 398 1456 qui
428 1416 570 1444 secum
597 1402 899 1456 reputaverint,
921 1402 998 1452 lac,
1022 1415 1119 1442 cum
1150 1400 1325 1453 simplex
1357 1399 1531 1440 omnino

71 1470 386 1512 nutrimentum
416 1470 668 1525 suppeditet,
690 1470 884 1511 Naturae
914 1470 1054 1510 minus
1084 1469 1130 1509 in
1161 1466 1380 1521 coquendo
1401 1481 1530 1520 nego-

72 1538 181 1579 tium
200 1538 417 1590 facessere,
442 1553 560 1580 secus
583 1553 630 1580 ac
652 1538 789 1579 solent
816 1537 898 1579 cibi
928 1551 975 1578 ac
1004 1537 1187 1590 liquores
1208 1534 1342 1588 magis
1364 1548 1531 1588 compo-

74 1606 142 1647 siti
155 1623 167 1657 5
211 1606 405 1660 quodque
449 1605 798 1661 perfectissimam
832 1605 949 1646 illam
989 1603 1308 1646 concoctionem
1348 1602 1532 1656 aequalis

75 1675 291 1728 sanguinis
331 1674 639 1729 spirituumque
690 1674 816 1716 erasis
856 1673 1092 1716 necessario
1132 1676 1344 1726 sequatur.
1417 1670 1534 1711 Illud

75 1744 203 1785 etiam
223 1748 287 1785 est
308 1743 744 1794 animadvertendum,
767 1743 879 1797 quod
909 1757 998 1784 non
1027 1741 1144 1783 nuda
1169 1740 1396 1795 spirituum
1417 1739 1532 1780 debi-

74 1812 171 1854 litas
190 1827 266 1866 per
287 1827 331 1853 se
352 1812 628 1863 considerata,
651 1812 724 1852 sed
756 1811 988 1852 eorundem
1019 1810 1212 1852 debilitas
1235 1809 1288 1850 ad
1314 1807 1533 1861 sanguinis

75 1885 234 1922 statum
270 1886 621 1934 comparatorum,
657 1879 830 1932 ἀταξίας
871 1894 997 1933 quam
1029 1879 1251 1933 patiuntur
1291 1891 1417 1918 causa
1463 1876 1531 1916 sit.

75 1949 189 1990 Fieri
223 1949 338 1989 euim
365 1953 517 2002 potest,
546 1954 594 1989 ut
628 1948 784 1988 infanti
811 1948 981 2001 spiritus
1013 1947 1113 1988 satis
1143 1946 1255 1987 firmi
1285 1944 1532 1997 robustique

77 2016 161 2057 sint
190 2031 266 2070 pro
298 2016 514 2069 sanguinis
534 2016 711 2066 ratione,
735 2015 806 2070 qui
831 2020 978 2056 tamen
1000 2015 1186 2056 debitam
1207 2014 1261 2055 ad
1282 2013 1534 2066 sanguinem

77 2084 211 2126 adulti
230 2084 412 2125 hominis
433 2083 749 2138 proportionem
769 2098 857 2124 non
879 2087 1067 2124 teneant.
1126 2083 1151 2123 J
1155 2096 1224 2122 am
1244 2095 1342 2122 vero
1364 2095 1461 2121 cum
1483 2094 1534 2121 ex

72 2152 168 2208 jugi
195 2151 315 2193 lactis
346 2166 424 2192 usu
452 2156 494 2192 et
526 2150 676 2201 diaeta,
699 2151 966 2204 quantumvis
987 2151 1058 2191 illa
1088 2150 1141 2190 sit
1172 2149 1303 2190 cruda
1323 2154 1449 2202 atque
1469 2148 1534 2188 in-

77 2220 224 2272 valida,
259 2220 428 2273 sanguis
463 2219 629 2260 mollior
653 2224 695 2260 et
725 2219 911 2260 tenerior
941 2219 1101 2271 evadat,
1135 2218 1169 2258 si
1199 2217 1369 2272 spiritus
1400 2217 1452 2258 ab
1485 2231 1534 2257 eo

77 2289 169 2330 nati
200 2288 396 2342 sanguini
430 2303 551 2342 pares
590 2292 761 2328 tantum
801 2288 898 2339 sint,
940 2288 1039 2328 satis
1071 2287 1181 2328 bene
1214 2300 1257 2327 sc
1291 2301 1358 2326 res
1389 2285 1532 2326 habet.

78 2357 182 2399 Non
221 2357 416 2399 omnibus
455 2362 602 2398 tamen
641 2356 864 2409 contingit,
899 2355 1211 2410 quantumlibet
1242 2369 1267 2395 a
1295 2355 1403 2395 lactc
1435 2354 1535 2394 alias
1553 2362 1607 2392 sed
1622 2373 1686 2411 pon

75 2426 213 2480 juvari
238 2426 466 2479 potuerint,
499 2439 549 2466 ea
573 2424 841 2466 incommoda
871 2438 1067 2478 superare
1098 2437 1230 2476 posse,
1255 2436 1360 2475 quac
1390 2421 1534 2476 primis
1552 2406 1707 2487 ζέἶὲζὲζῗ)

80 2494 168 2535 fcre
201 2493 348 2534 diebus
381 2498 586 2547 apportat,
615 2492 727 2546 quod
756 2507 910 2546 nempe
937 2498 1030 2532 tum
1056 2492 1101 2531 in
1122 2490 1356 2531 ventriculo
1383 2505 1534 2543 coagu-
1552 2491 1708 2521 convenit.

80 2562 204 2612 letur‚
235 2566 329 2602 tum
357 2562 485 2602 ctiam
514 2561 671 2602 viribus
702 2561 885 2615 corporis
913 2561 958 2601 in
989 2565 1101 2601 statu
1128 2559 1424 2601 conscrvandis
1446 2574 1534 2600 sus-

80 2630 380 2684 tentandisque
401 2630 541 2671 minus
563 2630 752 2671 sufficiat.

146 2699 283 2752 [116]
320 2699 381 2740 At
400 2712 498 2739 vcro
519 2698 625 2739 nihil
646 2712 697 2739 ex
718 2698 914 2738 omnibus
938 2711 1043 2750 quae
1064 2696 1168 2736 mibi
1188 2696 1394 2736 hactenus
1414 2695 1534 2736 inno-
1555 2700 1646 2730 Nihil
1664 2706 1711 2774 tla-

1554 2753 1627 2773 men
1644 2755 1673 2774 a(
1685 2754 1720 2774 ΕΟ

82 2770 214 2816 tuere,
236 2766 340 2808 adeo
370 2766 559 2819 impense
588 2766 840 2819 sanguinem
871 2765 1124 2818 spiritusque
1154 2764 1266 2805 fovct
1297 2764 1534 2818 firmatque,
1553 2786 1696 2826 impense

84 2849 131 2876 ac
148 2835 218 2876 diu
240 2835 505 2888 multumque
528 2834 702 2888 singulis
718 2834 805 2874 fere
823 2833 970 2874 dicbus
987 2848 1094 2886 equo
1111 2833 1203 2874 vehi
1211 2839 1251 2873 ¹¹¹.
1294 2834 1404 2874 Cum
1421 2833 1536 2875 cnim
1554 2830 1742 2869 sanguinem

339 2925 359 2939 ¹¹¹
385 2920 432 2951 Cf.
454 2921 574 2951 Obserr.
592 2920 672 2950 Med.
692 2919 731 2949 iv.
750 2919 777 2951 7.
799 2920 836 2948 10
854 2929 915 2958 sq.;
947 2920 1045 2949 Tracl.
1065 2921 1088 2949 l.
1108 2921 1140 2958 ἐξ
1160 2921 1209 2956 38,
1228 2920 1276 2950 56.
