1985 3308
417 156 475 197 86
827 153 1003 195 THOM
1008 153 1084 194 ΑΕ
1119 151 1458 194 SYDENHAM

240 275 378 306 Faunus
481 263 589 317 [40]
628 262 883 315 Priusquam
923 260 1024 301 huic
1074 264 1327 313 argumento
1369 258 1603 299 clausulam
1653 256 1872 307 addamus,

216 318 400 392 dxiiii&
416 331 522 372 illud
552 330 816 371 monendum
847 328 976 378 venit,
1005 342 1066 378 ea,
1097 340 1204 381 quae
1232 327 1283 367 de
1312 326 1512 367 Febrium
1542 325 1874 366 Autumnalium

223 405 378 450 21:64.
419 397 808 439 Intermittentium
833 396 1069 445 duratione,
1102 400 1229 447 atque
1261 394 1312 434 de
1344 398 1534 446 tempore
1570 392 1622 432 ad
1654 391 1874 445 sanguinis

418 465 786 520 despumationem
802 464 1004 517 requisito
1021 463 1111 516 jam
1128 460 1269 503 dictak
1286 466 1399 510 sunt,
1417 461 1479 501 ita
1492 459 1772 513 intelligenda
1785 473 1876 500 esse

418 539 467 575 ut
488 548 564 574 nos
587 533 722 574 solum
743 531 865 572 illud¹
888 545 1003 571 nunc
1031 535 1268 583 spectemus
1290 529 1401 582 quod
1423 528 1606 578 Natura,
1628 526 1876 580 vulgaribus

418 607 545 655 atque
566 601 733 641 usitatis
754 605 925 640 tantum
946 597 1266 638 medicamentis
1289 596 1476 646 suffulta,
1494 600 1707 649 praestare
1729 594 1874 635 soleat.

418 670 702 722 Nequaquam
730 667 844 707 enim
870 681 918 707 co
947 665 1121 706 consilio
1148 665 1199 705 de
1224 664 1290 704 his
1315 663 1441 704 rebus
1468 664 1531 703 ita
1557 663 1689 703 locuti
1714 676 1874 712 sumus,

419 751 466 777 ac
483 737 516 776 si
534 737 678 776 doctos
701 741 782 774 acm
805 734 978 774 solertes
993 732 1185 773 Medicos
1203 731 1463 784 despondere
1477 730 1669 770 animum
1682 730 1875 780 velimus,

419 810 545 856 atque
566 803 630 843 vel
651 803 702 842 de
731 801 973 842 melioribus
996 798 1195 840 medendi
1219 798 1457 838 rationibus
1487 797 1790 850 excogitandis,
1810 797 1878 838 vel

418 870 694 911 nobilioribus
725 868 921 909 remediis
951 866 1217 907 inveniendis
1243 880 1361 919 spem
1388 870 1524 905 totam
1556 865 1750 919 abjicere,
1773 878 1876 918 quo-

416 953 512 978 rum
534 951 611 990 ope
632 936 875 991 hujusmodi
897 935 1143 976 morborum
1169 934 1434 974 sanationem
1456 933 1704 974 accelerent.
1765 932 1876 973 Tan-

416 1011 509 1046 tum
531 1005 646 1045 enim
674 1018 751 1057 ego
782 1003 970 1056 profecto
997 1001 1048 1042 ab
1071 1002 1150 1041 1106
1178 1001 1392 1054 proposito
1414 1000 1565 1041 absum
1595 1005 1642 1041 ut
1663 1014 1752 1042 non
1783 1001 1875 1041 des-

414 1087 557 1128 perem
580 1073 644 1113 vel
666 1087 690 1112 a
710 1086 778 1112 me
803 1072 894 1125 ipso
915 1071 1000 1111 tale
1023 1070 1241 1123 quidpiam
1267 1069 1352 1110 sive
1374 1069 1565 1110 methodi
1587 1069 1672 1110 sive
1698 1068 1876 1110 remedii

417 1141 642 1195 aliquando
663 1145 880 1194 repertum
901 1139 963 1179 iri.

218 1218 349 1248 Sublato
481 1210 588 1264 [41]
630 1209 807 1249 Sublato
835 1207 994 1257 morbo,
1022 1220 1147 1260 aeger
1177 1206 1321 1247 sedulo
1342 1205 1589 1259 purgandus
1620 1209 1708 1256 est,
1739 1204 1877 1246 incre-

216 1261 374 1342 ζζζὲἓῗοέρ,
418 1278 545 1319 dibile
567 1278 681 1318 enim
696 1277 813 1317 dictu
831 1281 990 1330 quanta
1010 1274 1257 1316 morborum
1273 1275 1333 1315 vis
1355 1288 1405 1315 ex
1426 1274 1691 1328 purgationis
1708 1273 1877 1314 defectu

217 1346 291 1375 ‹lulo
309 1356 381 1385 pur-
418 1351 512 1400 post
545 1345 700 1386 Febres
726 1343 1011 1385 Autumnales
1045 1342 1338 1383 subnascatur.
1399 1342 1538 1382 Miror
1568 1346 1712 1382 autem
1738 1341 1820 1382 hoc
1853 1355 1879 1381 a

215 1389 403 1427 g³¹¹du⁵⁰⁵¹'
419 1414 598 1455 Medicis
629 1413 771 1453 minus
799 1411 947 1461 caveri,
970 1411 1113 1451 minus
1141 1410 1270 1451 etiam
1292 1410 1523 1450 admoneri.
1586 1409 1878 1452 Quandocun-

419 1496 500 1536 que
536 1481 650 1522 enim
686 1481 839 1521 horum
874 1479 1122 1519 morborum
1156 1478 1409 1519 alterutrum
1444 1478 1570 1532 paulo
1605 1476 1877 1531 provectioris

418 1550 567 1591 aetatis
600 1548 845 1589 hominibus
882 1546 1081 1587 accidisse
1114 1546 1212 1595 vidi,
1251 1551 1378 1600 atque
1413 1545 1713 1599 purgationem
1748 1545 1878 1586 etiam

417 1618 628 1667 omissam,
657 1620 772 1657 certo
807 1614 1046 1669 praedicere
1081 1614 1201 1668 potui
1234 1613 1520 1667 periculosum
1555 1612 1739 1666 aliquem
1766 1626 1878 1653 mor-

417 1686 521 1726 bum
552 1684 722 1725 eosdem
751 1688 899 1737 postea
925 1682 1202 1732 adoriturum,
1232 1681 1283 1722 de
1317 1695 1399 1735 quo
1425 1686 1572 1722 tamen
1597 1681 1659 1721 illi
1684 1680 1879 1722 nondum

418 1753 742 1802 somniaverant,
767 1751 886 1805 quasi
906 1750 1090 1804 perfecte
1106 1750 1196 1804 jam
1219 1750 1369 1790 sanati.

220 1835 400 1866 Atnounisi
483 1820 621 1874 [42.]11
652 1819 841 1861 Omnino
874 1819 1047 1859 interim
1074 1818 1311 1859 cavendum
1341 1822 1403 1858 est
1434 1831 1489 1858 ne
1518 1821 1727 1871 purgetur
1754 1830 1880 1870 aeger

219 1878 325 1951 3¹12?ss
339 1932 401 1951 uno
418 1888 499 1928 nisi
521 1887 669 1928 morbo
697 1888 869 1941 penitus
895 1887 1093 1940 depulso:
1126 1885 1319 1941 quamvis
1345 1885 1460 1926 enim
1490 1891 1631 1939 partes
1661 1885 1879 1927 naturales

218 1974 234 1992 a
252 1974 314 2002 quo
331 1974 398 2012 non·
419 1956 560 1996 illuvie
588 1956 671 1995 ista
692 1969 818 2008 quam
846 1955 892 1994 in
912 1955 1006 1994 illas
1028 1953 1239 2007 congessit
1261 1953 1421 2004 Febris,
1442 1953 1523 1994 hoc
1543 1957 1668 2006 pacto
1690 1952 1878 2006 quadan-

218 2015 400 2046 ¹³²¹n¹⁸5⁵¹¹¹¹
419 2029 545 2064 tenus
587 2023 797 2064 sublevari
827 2022 1066 2072 videantur,
1104 2036 1212 2062 nova
1251 2026 1398 2061 tamen
1436 2021 1616 2062 materia
1651 2021 1880 2074 derepente

218 2053 352 2083 tantum,

218 2091 379 2163 Ξξέὶᾶίῗξῑρῗῗὶ
421 2096 654 2132 succrescet
669 2109 679 2141 3
709 2091 843 2131 Febre
861 2090 1033 2140 scilicet,
1052 2105 1076 2130 a
1093 2089 1315 2130 cathartici
1328 2089 1493 2143 impetu
1509 2094 1637 2143 atque
1649 2088 1880 2129 humorum

219 2176 271 2211 110,
292 2187 373 2215 quac
421 2160 652 2212 agitatione
670 2160 760 2213 jam
782 2162 988 2208 revocata,
1011 2158 1189 2198 eandem
1213 2157 1512 2211 suppeditante
1524 2173 1536 2207 3
1569 2171 1617 2198 ac
1637 2156 1815 2210 proinde
1834 2156 1880 2197 id

219 2218 400 2299 {sstffljjiilssj
420 2232 592 2268 tantum
614 2243 638 2268 a
657 2227 911 2281 purgatione
932 2226 1040 2267 lucri
1061 2226 1297 2276 fecerimus,
1319 2230 1368 2265 ut
1394 2225 1568 2266 morbus
1589 2225 1880 2266 contumacior

218 2303 319 2332 cidere
336 2304 387 2333 ‹10-
422 2296 583 2336 evadat.
647 2295 909 2338 Quotidiana
942 2294 987 2334 id
1017 2308 1094 2334 nos
1126 2294 1279 2334 docent
1312 2307 1459 2333 eorum
1494 2292 1698 2346 exempla,
1731 2292 1804 2346 qui
1833 2293 1880 2334 in

219 2345 408 2424 {Jffffll'ltlfflm
423 2365 558 2404 morbi
598 2365 800 2419 παρακμῇ
833 2365 903 2416 ,(ut
943 2363 1132 2404 theoriae
1171 2362 1243 2402 isti
1282 2375 1445 2402 morem
1486 2366 1649 2414 gerant,
1688 2375 1795 2414 quae
1834 2361 1881 2402 in

219 2431 372 2502 {firtfflflti
421 2433 619 2474 tollendis
656 2431 1032 2481 obstructionibus,
1071 2436 1113 2471 et
1147 2430 1390 2471 evacuando
1422 2430 1602 2471 humore
1636 2429 1880 2471 melancho-

221 2496 348 2552 pun-mis
421 2502 513 2550 1160,
538 2502 609 2554 qui
635 2502 735 2541 mali
766 2501 860 2541 fons
888 2504 930 2540 et
967 2500 1085 2553 origo
1112 2499 1240 2552 vulgo
1270 2498 1467 2549 habetur,
1498 2498 1728 2539 curationis
1763 2511 1880 2552 spem

221 2566 356 2629 {JK-¹¹¹⁶·
423 2584 592 2609 omnem
633 2569 783 2622 ponit,)
823 2568 1013 2621 repetitis
1054 2566 1380 2621 purgationibus
1416 2566 1568 2607 misere
1607 2566 1880 2620 plectuntur,

423 2636 574 2688 quibus
606 2651 720 2686 sane,
744 2635 945 2690 quicquid
971 2636 1016 2676 id
1045 2635 1218 2676 demum
1246 2640 1311 2675 est
1341 2635 1571 2676 humorum
1594 2634 1707 2688 quod
1737 2649 1761 2674 a
1791 2647 1880 2674 cor-

423 2718 521 2755 pore
555 2704 767 2744 divellitur
798 2709 925 2757 atque
961 2703 1217 2754 eliminatur,
1246 2703 1631 2756 compertissimum
1662 2706 1725 2743 est
1755 2701 1881 2742 nobis

427 2770 603 2810 Febrem
625 2772 792 2811 altiores
809 2772 960 2812 exinde
974 2771 1134 2812 radices
1157 2784 1293 2824 agere,
1313 2775 1355 2811 et
1376 2770 1633 2824 pertinacius
1655 2769 1882 2810 stationem

470 2885 482 2903 k
499 2887 566 2925 jam
584 2887 682 2926 dirla]
701 2889 859 2926 alia-sajum
877 2889 944 2918 edd.
966 2889 1028 2921 ’(16,
1047 2889 1108 2917 ’68.
1229 2886 1250 2899 ”¹
1275 2887 1328 2927 ac]
1346 2893 1374 2917 et
1391 2888 1458 2918 edd.
1478 2887 1541 2924 ’66,
1560 2887 1622 2917 ’68.

475 2927 480 2943 ¹
504 2931 594 2958 solnm
608 2929 885 2968 illml]illmls11lnm
900 2931 968 2960 cdd.
986 2932 1047 2966 ¹66,
1061 2932 1122 2960 '68.
1229 2931 1241 2943 ¹
1262 2932 1294 2968 §§
1314 2932 1364 2966 42,
1383 2932 1422 2961 43
1441 2931 1554 2961 desunt
1572 2930 1602 2959 in
1620 2929 1690 2959 edd,
1709 2929 1770 2965 ’66,
1789 2929 1850 2959 ’68.
1892 2951 1896 2954 -
