1985 3308
719 140 890 178 INDEX
918 139 1120 176 RERUM.

116 244 168 275 vel
188 245 361 276 recidivam
384 244 567 286 producere,
586 245 666 274 314:
693 244 725 274 in
745 243 886 284 podagra

117 292 148 317 et
163 287 322 318 chronicis
338 288 497 328 plerisque
511 286 823 328 praestantissimum
839 290 886 316 est

115 330 397 367 medicamentum,
415 333 486 367 431,
506 331 566 360 441
582 343 588 366 ;
614 330 646 360 in
662 330 803 370 podagra
819 333 885 358 tam

115 371 149 402 in
187 374 395 414 paroxysmis,
427 383 524 413 quam
552 382 663 403 corum
696 371 883 408 interstitiis,

115 417 368 452 commendatur,
392 415 467 446 licet
492 426 585 455 aegro
611 415 787 454 displiceat,
810 416 883 450 440,

115 459 198 493 *Μὴ
223 459 277 488 sed
297 459 386 498 justo
409 458 629 489 vehementius
652 467 715 487 non
731 457 781 493 sit,
800 458 883 491 411·oe
912 477 914 486 .

117 500 320 540 quandonam
336 506 470 537 vetetur,
488 506 519 532 et
534 500 671 531 lectulus
693 501 760 539 ejus
779 499 884 529 defec-

115 547 184 572 tum
206 543 354 583 supplere
369 544 490 579 debeat,
517 545 587 579 444,
605 544 665 572 445
681 555 687 577 ;
712 543 782 582 ejus
797 552 885 572 com-

115 585 223 622 moda,
245 588 318 622 440,
343 588 424 622 4÷l;
455 587 488 616 in
512 586 671 626 podagrae
693 585 886 615 inveteratae

115 637 318 668 paroxysmo,
343 629 383 658 ad
406 629 576 659 ventriculi
599 628 785 667 languorem
809 637 883 657 con-

116 670 186 706 fert,
203 672 284 706 4463
309 671 342 701 in
359 672 439 701 tussi
455 672 592 712 epidem.
606 671 681 701 anui
698 671 759 706 '75‚
777 671 850 700 228.

159 712 446 745 Exhorreseentiae
457 714 578 744 febrilis
595 719 736 754 tempore
752 717 887 753 pereunt

115 755 170 795 qui
209 766 248 786 ex
285 757 371 787 febre
404 757 569 787 intermitt.
599 757 790 792 moriuntur,
822 756 863 786 69
878 767 884 790 ;

116 799 186 838 ejus
201 799 234 828 in
250 799 392 829 febribus
408 799 572 830 intermitt.
590 800 678 835 ratio,
696 800 747 829 68.

159 840 381 881 Exomphalos
396 842 429 872 in
445 842 627 882 hydropicis
644 841 739 877 unde,
757 842 829 871 455.

159 883 335 914 Exostoses
361 885 518 915 Venereae
542 884 664 925 quales,
683 885 764 919 3ll;
804 893 884 924 quo-

116 926 211 956 modo
228 927 420 963 tractandae,
440 929 511 958 324⁴.

160 969 388 1009 Expectoratio
398 971 431 1000 in
441 970 611 1010 pleuritide
626 969 799 1006 essentiali,
813 969 885 1005 245,

117 1012 188 1046 250,
207 1013 278 1043 251.

159 1054 370 1095 Experientia
395 1055 593 1086 medicorum
623 1055 786 1095 magistra,
813 1055 886 1090 282,

116 1097 188 1133 312,
206 1098 278 1134 364,
296 1099 370 1130 476.

160 1140 314 1171 Externa.
333 1139 380 1180 [v.
400 1139 538 1180 Topica]

160 1182 295 1214 Fabrica
321 1185 460 1223 corporis
491 1193 548 1214 cur
575 1183 637 1213 sibi
667 1193 730 1213 non
761 1193 886 1223 semper

116 1230 248 1261 constet,
267 1226 320 1256 sed
336 1226 590 1265 aegritudinibus
606 1226 752 1263 obnoxia,
770 1228 800 1257 9.

160 1268 267 1299 Faciei
283 1269 458 1299 flacciditas
473 1269 507 1298 in
523 1268 651 1299 variolis
674 1269 775 1309 regul.
791 1269 886 1299 discr.

116 1320 155 1340 ex
174 1310 444 1347 calefacientibus,
464 1313 542 1347 14-st
567 1312 664 1342 facies
686 1312 886 1342 cicatricibus

114 1363 155 1383 ne
171 1353 367 1394 deturpetur,
388 1356 456 1385 143.
476 1353 522 1394 [v.
542 1356 651 1385 Tumor
666 1353 798 1394 Faciei.]

160 1396 343 1427 Facultates
357 1397 518 1427 humanae
534 1402 682 1437 quantae,
699 1399 772 1427 282.

160 1439 318 1470 Faucium
334 1440 367 1470 in
383 1440 511 1470 variolis
528 1440 672 1470 discretis
688 1439 785 1475 dolor,
801 1441 872 1470 121.

160 1481 280 1512 Febris.
306 1482 350 1522 [V.
367 1485 459 1518 Alba,
485 1484 643 1518 Continuo,
668 1483 884 1521 Depuratoria,

114 1525 326 1564 Dysenterica,
346 1526 532 1564 Epidemica,
546 1526 787 1564 Erysipelatosa,
803 1526 884 1555 Hec-

115 1569 187 1603 tica,
218 1568 388 1608 Hyemalis,
421 1569 639 1604 Irztercurrens,
668 1568 886 1604 Inter-mittens,

114 1610 213 1647 Nova,
255 1611 422 1646 Quartana,
463 1612 646 1648 Scarlatina,
687 1611 885 1646 Secundare'a,

116 1653 314 1689 Stationaria,
334 1653 506 1693 Tertiana.]

160 1695 186 1725 F
189 1696 276 1726 ebres
304 1700 379 1726 sunt
401 1696 483 1726 duae
505 1696 569 1726 fere
594 1696 705 1726 tertiae
728 1695 885 1732 omnium,

115 1747 197 1777 quae
237 1743 322 1774 suut,
360 1739 553 1775 morborum,
591 1739 664 1775 269,
695 1739 768 1774 296,
800 1740 885 1773 364;

114 1780 212 1810 febris
237 1781 396 1820 quomodo
420 1782 484 1819 fiat,
509 1782 568 1817 273
600 1782 703 1811 febres
727 1781 886 1820 quomodo

115 1823 353 1862 aggrediantur,
370 1825 438 1859 100,
452 1824 528 1860 167;
555 1824 632 1864 quid
648 1834 704 1864 pro
721 1833 817 1853 causa
832 1834 885 1854 ex-

116 1870 206 1896 terna
232 1867 509 1906 quamplurimum
537 1867 685 1902 habeant,
713 1868 793 1901 240;
830 1876 886 1906 pro

116 1909 343 1939 constitutione
360 1909 444 1945 anni,
461 1909 512 1939 vel
529 1909 702 1940 humorum
715 1909 885 1949 dyscrasia,

115 1952 221 1981 variae
245 1952 442 1988 exoriuntur,
461 1953 535 1988 240,
558 1953 639 1987 241;
669 1961 769 1982 novae
793 1957 887 1991 quot-

116 1995 209 2024 annis
223 1995 282 2024 sub
298 1995 408 2025 eadem
425 1995 650 2025 constitutione
667 1999 777 2024 enatae
789 1994 887 2034 vulgo

116 2047 210 2077 saepe
236 2037 394 2073 videntur,
412 2048 493 2077 quae
516 2042 624 2067 tamen
648 2037 778 2067 eaedem
801 2043 885 2074 sunt,

120 2081 199 2115 18ος
233 2080 452 2110 constitutioni
481 2080 622 2120 generali
648 2080 804 2120 propriae,
833 2090 884 2110 ae-

116 2128 196 2153 state
218 2123 384 2159 invadunt,
400 2123 454 2153 sed
475 2128 640 2159 autumno,
657 2123 794 2163 principi
818 2123 885 2163 epi—

117 2165 199 2195 dem.
217 2166 345 2202 cedunt,
366 2167 442 2201 180;
469 2166 570 2196 febres
586 2171 617 2196 et
633 2166 734 2196 morbi
750 2166 885 2205 epidem.

117 2208 214 2238 simul
230 2214 410 2248 grassantes
425 2209 540 2239 miram
556 2209 675 2239 habent
687 2209 884 2245 affinitatem,

117 2252 200 2286 235;
231 2252 262 2281 iu
284 2252 420 2282 febrium
443 2252 608 2282 curatione
631 2252 706 2282 anni
730 2251 885 2282 constitu-

117 2294 172 2330 tio,
191 2299 349 2334 quatenus
366 2294 440 2324 huic
463 2294 592 2325 alterive
615 2295 749 2334 epidem.
767 2294 885 2334 produ-
913 2309 915 2316 ν

118 2338 217 2367 cendo
234 2337 327 2373 favet,
345 2337 383 2367 ob
400 2337 509 2367 oculos
525 2347 651 2378 semper
667 2343 715 2367 est
729 2337 885 2374 habenda,

118 2381 180 2409 230
196 2393 202 2413 ;
239 2379 335 2409 febris
369 2380 485 2411 contin.
515 2381 636 2420 species
661 2381 819 2420 quomodo
847 2380 886 2410 ab

118 2422 190 2452 aliis
214 2423 349 2462 epidem.
372 2428 441 2452 tum
465 2423 685 2462 grassantibus
715 2423 884 2461 dignosca-

118 2469 179 2501 tur,
196 2466 270 2501 235,
286 2467 360 2499 236;
378 2466 534 2504 quaedam
548 2472 631 2501 sunt,
644 2476 725 2505 quae
741 2465 886 2505 singulae

118 2518 208 2538 suam
226 2508 284 2537 sibi
301 2508 488 2538 methodum
500 2509 648 2539 medendi
662 2520 679 2538 a
692 2509 824 2548 reliquis
838 2509 886 2538 di-

118 2560 242 2580 versam
262 2550 434 2590 postulant,
453 2552 534 2586 2963
558 2552 715 2591 quaedam
739 2561 795 2591 per
817 2552 884 2581 dia—

117 2593 276 2633 phoresin,
304 2594 384 2624 aliae
408 2603 464 2633 per
491 2594 650 2624 catharsin
673 2595 886 2625 eliminandae
912 2619 915 2640 i

117 2637 261 2672 veniunt,
280 2638 350 2672 211,
369 2638 450 2671 510;
476 2637 655 2677 diaphoresi
678 2637 753 2667 licet
775 2648 791 2667 a
816 2637 884 2667 Na·
913 2649 915 2655 ·

118 2683 190 2709 tura
220 2685 383 2716 curentur,
407 2679 439 2709 id
463 2680 522 2709 sibi
552 2680 712 2719 privilegii
740 2690 886 2719 arrogare

118 2722 182 2751 Ars
198 2722 310 2761 nequit
333 2722 399 2752 sine
423 2722 618 2759 discrimine,
635 2724 696 2752 506
718 2733 781 2762 sq.;
805 2733 886 2762 quae

118 2765 240 2804 species
261 2775 292 2794 in
308 2766 455 2805 παρακμῇ
469 2766 616 2796 sudorem
640 2766 787 2796 criticum
812 2776 885 2805 pos·
914 2774 915 2782 ¹

117 2808 231 2843 tulerit,
249 2809 331 2841 212;
357 2808 445 2838 tenui
471 2809 573 2838 diaeta
591 2809 711 2848 absque
727 2808 793 2838 ulla
810 2819 882 2839 eva-

117 2850 265 2881 cuatione
277 2850 449 2890 aliquando
464 2851 642 2887 solvuntur,
652 2853 689 2882 21
699 2853 795 2887 1,212
809 2864 815 2886 ;
831 2862 888 2892 per

118 2893 410 2924 venae-sectionem
424 2899 454 2924 et
464 2894 687 2933 purgationem
700 2895 818 2935 optime
829 2905 884 2925 cu-

118 2941 238 2972 rantur,
253 2938 313 2968 507
327 2949 333 2971 ;
352 2937 406 2967 ubi
419 2937 588 2973 curandae,
599 2947 662 2968 non
679 2937 772 2968 modo
789 2938 884 2969 sudo·
914 2943 915 2947 ’

1635 144 1710 180 629

941 242 1045 272 riseris
1067 241 1216 272 materies
1231 242 1377 273 morbosa
1401 244 1558 281 evacuari,
1576 248 1710 285 tumque

942 285 1166 325 symptomatis
1196 285 1494 325 supervenientibus
1518 287 1643 317 obviam
1672 288 1710 318 iri

941 328 1043 364 debet,
1061 327 1116 357 sed
1131 327 1262 358 historia
1281 328 1383 358 morbi
1400 334 1564 369 perspecta
1580 340 1657 365 esse,
1675 336 1711 361 ut

941 375 1092 400 noscatur
1108 371 1201 410 cujus
1217 371 1333 410 speciei
1350 371 1399 407 sit,
1419 376 1487 401 tum
1505 382 1544 402 an
1569 373 1709 412 phaeno-

941 423 1035 443 mena
1058 423 1097 443 ex
1120 413 1188 453 ipso
1211 413 1331 449 morbo,
1356 424 1394 443 an
1423 423 1461 444 ex
1485 415 1618 444 curandi
1641 426 1709 445 me-

941 455 1037 485 thodo
1057 461 1238 492 nascantur,
1257 457 1328 493 296,
1353 456 1433 491 297;
1459 462 1551 492 errat,
1569 458 1623 497 qui
1648 468 1710 488 non

942 498 1141 528 continenter
1187 498 1330 528 attendat
1366 499 1406 529 ad
1450 500 1710 531 constitutionem

942 541 1027 577 anni,
1055 541 1152 571 alicui
1178 541 1288 571 morbo
1317 542 1486 578 faventem,
1512 544 1592 577 230;
1631 543 1710 573 scire

942 589 1065 623 oportet
1095 594 1235 624 quanam
1263 585 1479 615 evacuationis
1502 585 1554 615 via
1578 586 1713 616 materia

942 626 1063 656 febrilis
1086 627 1126 656 sit
1148 627 1357 664 excludenda,
1378 629 1450 664 242,
1469 629 1541 665 243,
1558 628 1638 663 507;
1664 628 1710 658 fe-

943 669 1033 698 brilis
1048 670 1196 699 materies
1212 675 1247 700 ut
1263 672 1375 700 sudore
1391 670 1581 710 expellatur,
1597 671 1710 701 calefa-

943 711 1102 742 cientibus
1115 712 1293 742 forinsecus
1309 713 1423 743 adlatis
1438 723 1501 743 non
1516 713 1709 753 indigemus,

944 755 1024 788 213;
1049 755 1119 794 ejus
1136 755 1297 785 concoctio
1308 755 1385 795 quid
1401 756 1451 793 sit,
1465 757 1516 792 49,
1529 758 1569 786 50
1585 769 1591 791 ;
1614 756 1711 786 febris

942 797 1194 827 instrumentum
1209 798 1361 834 Naturae,
1376 809 1439 838 qua
1449 804 1554 838 partes
1569 799 1712 839 impuras

943 849 961 869 a
976 840 1064 879 puris
1081 841 1225 877 secernit,
1243 846 1274 871 et
1289 850 1345 881 per
1360 842 1559 872 emunctoria
1572 842 1712 882 corporis

943 882 1083 922 expellit,
1094 883 1277 920 27,1119‚101,
1290 885 1360 920 154,
1374 885 1446 921 341,
1458 886 1536 920 428;
1555 895 1629 914 cum
1640 895 1714 924 apo-

943 929 1076 955 stemate
1094 936 1268 965 quamnam
1291 927 1406 957 habeat
1429 927 1620 967 analogiam,
1641 929 1710 964 154,

944 968 1023 1003 336,
1061 968 1094 998 in
1119 969 1238 999 morbis
1260 969 1412 1009 malignis
1439 980 1496 999 cur
1525 970 1632 1000 mitior
1661 970 1711 1000 in-

943 1010 1069 1040 terdum
1086 1016 1236 1051 appareat
1251 1022 1347 1051 quam
1364 1023 1420 1052 pro
1436 1013 1539 1043 morbi
1551 1013 1712 1049 violentia,

945 1054 1016 1089 233,
1042 1055 1121 1088 508;
1153 1055 1186 1084 in
1210 1055 1472 1094 peripneumonia
1495 1055 1593 1085 notha
1615 1066 1713 1095 quare

944 1095 997 1125 vix
1014 1097 1196 1136 reperiatur,
1211 1099 1271 1127 253
1284 1110 1290 1133 ;
1317 1097 1456 1137 itemque
1470 1098 1502 1127 in
1518 1103 1615 1138 peste,
1630 1100 1710 1133 233;

944 1138 1039 1168 febris
1051 1139 1202 1179 primaria
1213 1140 1356 1170 Naturae
1369 1151 1450 1180 quae
1461 1141 1615 1177 videatur,
1629 1143 1691 1171 234-
1703 1154 1710 1176 ;

944 1180 1039 1211 febris
1054 1183 1238 1212 morborum
1254 1183 1419 1213 intercurr.
1435 1184 1605 1223 primarius
1625 1194 1710 1214 mor-

943 1223 1003 1253 bus
1036 1230 1092 1261 est,
1123 1230 1155 1255 et
1183 1225 1299 1265 reliqui
1331 1226 1463 1256 affectus
1498 1232 1713 1266 symptomata

943 1267 1050 1303 modo,
1061 1269 1132 1304 239,
1145 1269 1183 1299 cf.
1195 1270 1257 1298 248
1270 1281 1276 1303 ;
1302 1269 1398 1299 febris
1413 1270 1509 1299 unius
1523 1270 1597 1299 anni
1611 1279 1712 1309 quan-

944 1313 1012 1339 tum
1028 1310 1066 1340 ab
1083 1310 1182 1341 altera
1198 1311 1330 1348 differat,
1343 1313 1382 1341 29
1395 1325 1401 1347 ;
1427 1312 1553 1352 propria
1565 1322 1601 1342 ae
1614 1323 1710 1352 pecu-

942 1351 1030 1382 liaris
1054 1353 1186 1384 cuilibet
1209 1355 1428 1384 constitutioni
1448 1355 1602 1394 peculiari
1623 1365 1711 1385 com-

943 1395 1030 1434 petit,
1052 1396 1129 1431 119;
1154 1397 1188 1426 in
1207 1396 1383 1427 infantibus
1398 1407 1461 1427 non
1479 1397 1572 1427 facile
1589 1408 1713 1438 semper

943 1437 1160 1477 distinguitur,
1178 1449 1218 1469 an
1243 1450 1261 1469 a
1284 1440 1466 1476 dentitione,
1484 1451 1524 1470 an
1538 1450 1612 1477 non,
1630 1442 1712 1475 504;

943 1480 1063 1510 febrilis
1074 1481 1239 1521 sanguinis
1250 1483 1421 1512 commotio
1433 1483 1482 1512 vel
1496 1483 1535 1513 ad
1546 1484 1713 1513 materiam

943 1523 1106 1553 inimicam
1129 1525 1371 1562 excernendam,
1388 1525 1440 1555 vel
1461 1525 1627 1566 sanguinis
1644 1526 1711 1556 dia-

943 1565 1048 1595 thesin
1086 1566 1324 1597 immutandam
1361 1568 1519 1607 dirigitur,
1563 1569 1614 1605 40,
1649 1570 1685 1598 41
1705 1582 1712 1604 ς

943 1608 1040 1638 febris
1076 1619 1141 1639 una
1180 1610 1364 1650 eademque,
1401 1611 1525 1641 diversa
1566 1621 1624 1641 sua
1658 1622 1713 1651 pe-

943 1651 1041 1688 riodo,
1056 1652 1267 1683 diversimode
1282 1653 1448 1683 tractanda
1464 1664 1556 1693 saepe
1573 1659 1628 1691 est,
1641 1656 1714 1690 296,

943 1694 1025 1729 297;
1052 1695 1154 1725 febres
1178 1696 1344 1734 quaedam,
1368 1701 1437 1726 tum
1460 1696 1624 1727 intermitt.
1644 1702 1714 1727 tum

945 1737 1073 1773 contin„
1086 1738 1200 1768 incerti
1215 1739 1301 1778 genii
1318 1743 1401 1775 sunt,
1418 1749 1476 1770 nec
1493 1740 1532 1769 ad
1548 1740 1714 1779 periodum

945 1779 1135 1810 destinatam
1161 1782 1358 1821 pertingunt,
1389 1782 1446 1817 78;
1482 1782 1569 1812 hisce
1592 1784 1714 1813 morbis

944 1823 1082 1863 correpti
1109 1824 1214 1854 subito
1244 1824 1480 1861 convalescunt,
1513 1826 1552 1858 78
1566 1838 1572 1859 ;
1612 1825 1714 1856 febres

944 1867 1096 1905 malignae
1113 1875 1271 1905 quaenam
1283 1872 1446 1898 vocentur.
1458 1869 1519 1898 509
1532 1881 1538 1902 ;
1564 1869 1660 1898 febris
1676 1879 1715 1898 ex

944 1907 1121 1938 lochiorum
1146 1910 1379 1949 suppressione,
1405 1911 1486 1945 397;
1518 1911 1615 1941 febris
1638 1912 1715 1942 mali

945 1950 1043 1980 moris
1059 1951 1098 1980 ob
1114 1951 1274 1982 choleram
1295 1952 1518 1992 intempestive
1541 1953 1714 1984 cohibitam

945 1994 1104 2031 quomodo
1115 2000 1251 2031 curatur,
1259 1996 1300 2024 45
1311 2007 1317 2029 3
1334 1995 1430 2025 febris
1441 2006 1513 2025 vere
1524 1996 1666 2036 maligna
1676 1997 1715 2026 ab

945 2035 1015 2065 aliis
1031 2037 1197 2076 speciebus
1213 2037 1354 2075 dissidet,
1372 2042 1402 2068 et
1418 2048 1490 2068 cuni
1508 2044 1596 2079 peste
1610 2040 1715 2079 specie

945 2079 1102 2115 convenit,
1117 2080 1176 2114 96;
1202 2080 1298 2111 febris
1317 2080 1350 2110 in
1371 2081 1522 2121 malignis
1540 2082 1715 2113 adm'odum

943 2121 1062 2151 morbis
1078 2122 1249 2162 aliquando
1272 2133 1366 2163 parca
1381 2129 1520 2164 apparet,
1539 2127 1618 2160 233;
1643 2135 1713 2155 ma-

943 2162 1073 2203 lignitas
1090 2165 1261 2204 aliquando
1274 2166 1378 2206 magis
1394 2177 1412 2196 a
1423 2167 1586 2207 therapeia
1599 2178 1712 2208 perpe-

943 2215 1012 2236 ram
1042 2207 1263 2239 administrata
1292 2219 1390 2249 quam
1425 2220 1443 2239 a
1476 2211 1578 2240 morbi
1607 2211 1714 2241 indole

943 2249 1165 2289 proficiscitur,
1183 2252 1223 2282 96
1236 2264 1242 2286 ;
1267 2251 1363 2281 febris
1377 2252 1562 2283 morbillosa
1575 2254 1649 2284 anni
1661 2255 1714 2286 ’74

943 2292 976 2322 in
993 2293 1109 2332 quibus
1126 2305 1144 2323 a
1159 2294 1316 2324 morbillis
1330 2294 1502 2331 differebat,
1517 2297 1578 2326 218
1591 2309 1597 2331 3
1623 2307 1716 2327 cura-

943 2335 1036 2365 batur
1060 2342 1093 2366 ut
1116 2337 1266 2373 moi-billi,
1290 2339 1372 2373 218;
1396 2338 1491 2368 febris
1507 2339 1540 2368 in
1556 2339 1714 2369 morbillis

944 2378 994 2408 die
1011 2376 1058 2408 2¹¹⁰
1071 2385 1292 2410 consummata
1307 2381 1406 2416 adest,
1424 2383 1501 2416 183,
1527 2382 1576 2412 die
1593 2384 1639 2412 8νο
1654 2393 1710 2413 au-

943 2426 1045 2460 getur,
1065 2423 1143 2457 185;
1168 2423 1271 2453 febres
1284 2424 1582 2463 peripneumonicae
1598 2425 1713 2466 hyeme

943 2474 1036 2503 saepe
1053 2465 1248 2501 oboriuntur,
1266 2468 1338 2502 332,
1354 2468 1426 2498 488.

989 2507 1167 2537 Faustinus
1186 2509 1272 2548 (Da)
1298 2519 1317 2539 Α
1342 2509 1573 2540 ΒΕΝΤΙῊΟΝΒ
1598 2519 1712 2548 ORTls,

943 2550 1023 2584 597:
1042 2550 1082 2580 cf.
1099 2553 1170 2581 504.

989 2593 1013 2622 1³
1016 2603 1107 2623 emur
1123 2594 1154 2623 in
1170 2594 1311 2634 podagra
1325 2595 1453 2636 irregul.
1470 2596 1629 2635 quomodo
1645 2597 1715 2628 affi-

944 2636 1054 2671 ciatu„
1072 2638 1143 2667 21-13.

989 2680 1204 2711 Fermentatio
1220 2680 1416 2720 liquidorum
1437 2681 1470 2710 in
1485 2681 1601 2720 quibus
1623 2681 1711 2712 diffe-

944 2729 992 2753 rat
1022 2735 1039 2754 a
1069 2723 1280 2754 commotione
1311 2724 1477 2764 sanguinis
1507 2724 1620 2760 febrili,
1651 2726 1712 2761 40;

945 2768 1197 2798 Fermentationis
1213 2766 1368 2797 vocabulo
1384 2767 1416 2796 in
1434 2766 1570 2797 febrium
1587 2768 1714 2807 negotio

944 2819 1000 2839 cur
1029 2820 1091 2840 non
1121 2814 1229 2839 utatur
1255 2809 1359 2850 potius
1384 2820 1480 2849 quam
1507 2812 1714 2841 Commolionis

944 2853 1077 2888 Auctor,
1109 2853 1169 2887 40;
1207 2852 1487 2883 fermentationum
1512 2863 1628 2893 genera
1656 2863 1711 2883 va-

943 2896 990 2926 ria
1006 2896 1140 2926 classem
1157 2905 1254 2925 unam
1271 2905 1440 2926 causarum
1452 2896 1578 2926 morbos
1594 2896 1712 2936 produ-

943 2939 1084 2969 centium
1101 2938 1309 2974 constituiuit,
1327 2939 1376 2970 26.
