1985 3308
394 161 685 204 EPISTOLA
716 162 752 202 I.
786 160 1220 202 RESPONSORIA.
1448 163 1529 201 285

78 274 205 323 atque
231 269 430 310 intercisa
455 283 588 310 novae
613 268 800 309 minerae
823 268 890 308 vel
916 267 1074 309 fomitis
1102 268 1439 309 accumulatione
1467 283 1529 309 re·
1552 277 1735 307 DnMonn.

77 337 211 390 petito
241 337 422 391 pulveris
448 352 530 377 usu
557 336 706 378 diebus
735 349 1006 390 paroxysmos
1035 335 1432 376 disterminantibus
1460 336 1531 376 ad·
1567 319 1721 393 Fbrgngg.

78 404 216 445 hibiti.

138 471 248 526 [22]
297 473 457 513 Verum
499 473 725 522 enimvero,
761 485 816 512 ne
856 471 1030 512 morbus
1071 472 1212 512 denuo
1252 471 1532 521 recrudescat,

80 540 210 594 (quod
251 554 273 580 0
308 540 532 594 praedictis
572 539 848 580 incommodis
885 544 975 580 erat
1012 539 1223 591 alterum,)
1263 539 1331 579 die
1367 538 1535 579 octavot

77 607 262 661 praecise
297 622 321 648 a
356 622 442 663 quo
478 612 734 661 postremam
767 607 888 648 dosin
920 620 1045 660 aeger
1080 607 1321 660 assumpsit,
1354 606 1533 647 eandem

75 674 254 728 praefati
277 676 459 728 pulveris
481 676 780 730 quantitatem,
809 675 994 727 (unciam
1019 674 1175 715 scilicet
1196 674 1242 714 in
1263 679 1404 728 partes
1429 673 1532 714 duo-

77 742 239 782 decimu
260 743 465 795 divisam,)
491 744 637 784 eadem
660 757 745 798 qua
765 742 881 796 prius
907 742 1120 792 methodo,
1144 747 1259 783 certo
1281 741 1435 783 certius
1464 755 1533 781 ex-

77 810 214 851 hibeo.
277 810 479 852 Quamvis
512 816 654 852 autem
685 811 867 864 repetita
894 811 972 851 hoc
999 811 1125 851 modo
1153 810 1283 850 semel
1309 810 1534 850 medicatio

76 891 275 931 persaepe
299 878 496 919 morbum
525 878 706 928 conficit,
733 893 821 918 11011
847 884 993 918 tamen
1018 892 1188 931 prorsus
1215 878 1262 918 in
1287 882 1383 918 tuto
1408 877 1533 918 collo-

77 950 199 986 catur
224 959 361 998 aeger,
383 946 466 986 nisi
492 946 661 987 Medico
691 947 817 986 tertio
843 945 1256 1001 qua1¹tove0eandem
1282 945 1535 986 methodum

77 1013 225 1054 eodem
265 1014 467 1067 temporis
513 1015 734 1055 intervallo
779 1014 952 1054 iteranti
996 1028 1143 1067 parere
1183 1028 1270 1054 non
1312 1018 1534 1066 gravetur,

76 1080 257 1120 maxime
287 1080 362 1121 ubi
392 1081 564 1134 sanguis
596 1095 620 1121 a
655 1095 900 1135 praegressa
930 1081 1073 1136 aliqua
1103 1082 1376 1122 evacuatione
1406 1081 1534 1121 fuerit

78 1148 337 1198 debilitatus,
360 1154 433 1189 aut
455 1163 498 1189 se
527 1163 651 1202 aeger
675 1149 888 1189 incautius
914 1163 1040 1190 aurae
1065 1149 1270 1203 frigidiori
1295 1149 1535 1190 feriendum

77 1216 330 1269 exposuerit.

135 1283 249 1337 [23]
287 1283 450 1324 Verum
471 1284 550 1324 etsi
571 1283 650 1324 hoc
670 1284 906 1324 remedium
933 1284 1052 1325 nulla
1071 1285 1282 1338 purgandi
1304 1285 1343 1324 vi
1363 1285 1531 1338 polleat,
1552 1294 1585 1324 Si
1600 1295 1639 1324 ob
1657 1295 1737 1343 idio-

75 1356 234 1401 tamen,
249 1351 302 1392 ob
323 1352 579 1405 peculiarem
601 1352 870 1406 quorundam
891 1366 1114 1406 corporum
1135 1353 1383 1406 temperiem
1404 1358 1533 1408 atque
1550 1348 1746 1377 ⁵y¹¹⁰¹³⁵¹a¹¹²

1553 1379 1654 1419 (quod
1670 1390 1738 1409 sae-

75 1419 433 1473 idiosyncrasiam,
455 1425 678 1473 persaepex
700 1420 862 1470 accidit,
885 1425 934 1460 ut
961 1420 1013 1460 ab
1040 1421 1130 1474 ejus
1161 1435 1255 1470 usu,
1277 1425 1485 1475 tanquam
1511 1436 1535 1462 a
1552 1421 1740 1462 peaccidit‚)

76 1487 307 1528 cathartico
331 1487 494 1528 fortiori
519 1493 749 1541 assumpto,
773 1501 898 1541 aeger
916 1488 1123 1529 violenter
1147 1493 1418 1542 expurgetur.
1481 1489 1536 1529 In
1553 1475 1722 1547 ἶζῖἓζξὲξ,

76 1555 156 1596 1100
186 1569 286 1596 casu
321 1555 495 1596 omnino
523 1561 689 1609 oportet
717 1560 767 1596 ut
794 1556 1029 1597 laudanum
1061 1571 1159 1597 cum
1193 1571 1242 1597 eo
1275 1551 1715 1622 οΧ11113οἣ1111,ἓὲξ3)1ἒ8ῗ·

78 1637 163 1678 quo
184 1623 325 1663 minus
345 1624 456 1664 hanc
478 1623 780 1677 operationem,
802 1629 892 1664 tam
914 1638 1014 1664 suae
1038 1629 1218 1665 naturae
1239 1639 1369 1679 quam
1390 1624 1538 1665 morbo
1555 1635 1708 1666 exhiben-

78 1691 204 1745 plane
225 1691 493 1742 contrariam,
517 1691 625 1732 ciere
646 1692 807 1741 valeat3
840 1699 1004 1747 nequey
1023 1692 1159 1746 pulvis
1180 1693 1298 1746 justo
1320 1692 1443 1733 citius
1464 1706 1539 1746 per
1555 1679 1624 1708 dus.

79 1759 219 1799 alvum
235 1760 433 1813 expulsus
448 1759 728 1813 disperdatur,
744 1764 976 1815 antequam
991 1775 1066 1801 suo
1079 1760 1332 1814 fungeretur
1346 1774 1538 1801 munere.

79 1828 134 1868 In
154 1827 234 1868 hoc
254 1828 398 1881 itaque
419 1842 520 1868 casu
545 1827 720 1868 laudani
741 1828 932 1881 ejusdem
954 1834 1099 1882 guttas
1121 1829 1267 1870 decem
1283 1829 1381 1870 vino
1401 1829 1539 1869 instil-

79 1896 158 1936 lari
193 1896 336 1949 jubeo,
369 1901 411 1936 et
446 1900 542 1949 post
582 1896 791 1937 alternam
825 1897 1010 1950 pulveris
1051 1898 1173 1938 dosin
1210 1898 1381 1948 assumi,
1413 1898 1540 1938 modo

82 1963 303 2003 diarrhoea
323 1963 565 2016 perstiterit.

147 2031 254 2085 [Q]
294 2032 421 2072 Dicta
441 2031 666 2072 methodus
694 2046 774 2072 usu
795 2032 900 2072 mihi
921 2033 1035 2074 venit
1056 2033 1102 2073 in
1130 2034 1307 2074 caeteris
1328 2033 1539 2074 intermit-
1558 2043 1681 2075 Eadem

82 2099 286 2149 tentibus,
301 2099 384 2139 sive
401 2099 607 2148 tertianis,
623 2099 706 2140 sive
723 2099 982 2154 quotidianis
995 2117 1007 2150 ;
1038 2106 1242 2155 utrasque
1259 2101 1372 2141 enim
1394 2101 1539 2141 statim
1556 2087 1726 2164 ffigflhffius

83 2181 108 2207 a
127 2167 249 2207 finito
269 2181 519 2221 paroxysmo
541 2167 775 2220 aggredior,
799 2171 841 2206 et
862 2167 1043 2220 repetito
1065 2182 1138 2220 per
1165 2169 1256 2221 jam
1284 2182 1539 2209 commemo-
1557 2171 1625 2220 dos}
1642 2173 1704 2202 mi-

81 2240 175 2276 rata
198 2249 545 2289 paroxysmorum
572 2234 802 2275 interstitia
826 2235 1105 2275 medicamine
1130 2237 1356 2290 (quantum
1383 2216 1746 2288 80111001Εξᾚζζἱκξῒ

83 2316 230 2344 earum
256 2303 339 2343 fert
359 2302 552 2355 indoles,)
577 2316 708 2356 urgeo
737 2307 866 2357 atque
892 2317 916 2343 a
940 2308 1061 2356 tergo
1088 2317 1259 2356 premo,
1292 2304 1371 2344 hoc
1395 2309 1541 2344 tamen
1557 2306 1744 2372 {}{15’e}·‘¹.u⁰'

85 2371 339 2421 discrimine,
368 2371 483 2426 quod
510 2385 608 2411 cum
636 2375 847 2426 quartana
873 2371 1088 2411 rarissime
1116 2371 1198 2411 nisi
1228 2372 1356 2412 uncia
1381 2386 1470 2412 una
1495 2372 1543 2412 in
1605 2353 1696 2374 lan*

86 2438 206 2479 doses
227 2438 460 2492 dispertita,
481 2439 671 2494 reliquae
700 2452 770 2479 sex
797 2438 1007 2479 drachmis
1035 2439 1198 2492 possint
1219 2439 1280 2480 ita
1308 2439 1543 2493 expugnari

86 2511 134 2546 ut
155 2505 346 2546 inducias
368 2507 517 2547 saltem
538 2506 787 2547 concedant.
1559 2521 1727 2555 Tertianae

150 2574 257 2628 [25]
295 2575 355 2615 At
371 2588 468 2615 vero
490 2575 697 2615 tertianae
719 2574 1090 2629 quotidianaeque,
1110 2575 1188 2615 etsi
1210 2580 1304 2628 post
1326 2589 1461 2614 unum
1483 2575 1542 2614 al-
1559 2566 1718 2648 Ξὲζὲζὲἃ“

1683 2633 1691 2646 ,

86 2647 276 2683 terumve
297 2657 595 2695 paroxysmum
621 2643 795 2684 0111111110
826 2642 1050 2683 videantur
1078 2643 1374 2693 intermittere,
1396 2648 1542 2684 tamen
1561 2660 1622 2680 non
1641 2652 1684 2681 ita

86 2710 248 2751 nonita
263 2724 358 2751 raro
378 2710 507 2765 (quod
524 2716 566 2752 et
583 2725 607 2751 a
622 2725 689 2751 me
712 2717 812 2751 ante
831 2711 970 2765 [3513]
990 2717 1052 2751 est
1075 2714 1302 2763 notatum,)
1322 2716 1469 2764 postea
1490 2710 1544 2751 ad
1559 2703 1727 2768 3ss5:1¹3-

85 2778 383 2819 continuarum
399 2779 485 2819 fere
507 2778 688 2832 speciem
707 2784 898 2832 vergunt,
914 2784 956 2819 et
974 2778 1026 2819 ad
1048 2778 1339 2819 remissionem
1355 2783 1541 2829 tantum,
1559 2781 1713 2861 ξῧὲῗὶἓῖιθ

93 2904 96 2907 -
130 2887 138 2903 ⁸
161 2891 262 2916 octavo
275 2885 395 2925 praee]
413 2889 536 2924 septimo
552 2886 598 2916 ed.
619 2887 679 2915 ¹80.
885 2890 898 2904 ¹
920 2885 1078 2925 persaepe]
1097 2888 1271 2925 quandoque
1287 2886 1334 2916 ed.
1352 2888 1414 2917 ‘80.

130 2932 143 2945 ¹¹
166 2927 336 2968 duodecim]
355 2934 482 2967 qualum·
497 2929 543 2960 cd.
563 2931 623 2958 Ἥ).
886 2933 898 2951 5
923 2929 1245 2969 neque—perstiterit]
1264 2939 1323 2960 om.
1343 2930 1389 2960 ed.
1409 2932 1471 2960 ’80.
