1985 3308
384 172 469 212 370
798 171 1053 213 THOMAE
1088 173 1427 214 SYDENHAM

207 289 344 319 DaAr-
387 292 435 319 ac
462 278 624 332 judicio
658 279 813 329 valent,
851 280 1006 333 quique
1040 286 1081 320 et
1117 280 1444 320 meditationum
1475 277 1765 331 profunditate
1801 283 1843 318 et

185 331 366 404 Ziqrmlciff-
389 347 598 400 sapientia
629 348 831 388 orationis
862 348 988 401 longe
1017 361 1087 388 eos
1124 351 1337 400 superant,
1361 360 1540 400 quorum
1581 351 1747 386 mentes
1778 345 1844 385 his

187 417 358 466 Qsihisce
389 414 697 468 cogitationum
724 415 878 456 aculeis
909 428 1130 467 nunquam
1151 413 1310 454 fuerint
1332 413 1561 454 excitatae:
1593 413 1654 453 ita
1683 418 1731 453 ut
1757 427 1844 453 non

184 477 350 508 affectibus
390 482 480 522 sine
501 482 665 523 ratione
687 482 965 523 observaverit
987 481 1237 522 Aristoteles
1266 481 1486 535 [Problem.
1505 495 1598 521 xxx.
1621 482 1657 521 1.
1678 480 1737 534 1.]
1758 494 1843 520 lne-

182 525 361 603 ῐῐιῖὲξῗιῖἑυιξῑ
389 550 645 591 laneholicos
667 550 842 590 caeteris
863 550 1037 602 ingenio
1057 554 1284 602 praestare.

183 605 362 687 pssfflifflum
454 616 562 670 [76.]
601 618 659 656 At
681 630 778 656 vero
805 621 893 656 tam
922 615 1158 655 horrendus
1189 616 1320 656 animi
1348 621 1497 666 status,
1521 616 1687 670 qualem
1720 629 1846 668 supra

389 683 705 733 delineavimus,
723 698 810 723 non
828 683 918 723 aliis
932 683 1134 736 competit
1157 698 1283 737 quam
1296 684 1359 734 iis,
1379 684 1463 737 qui,
1481 684 1555 724 diu
1575 683 1844 736 multumque

389 765 487 792 eum
507 752 587 791 hoe
607 750 755 791 morbo
783 751 1028 800 conflictati,
1050 751 1308 805 tandemque
1337 752 1566 805 subjugati,
1582 751 1701 805 quasi
1714 750 1845 791 victas

388 834 540 859 manus
562 819 689 869 dant,
720 819 903 860 maxime
925 819 959 859 si
980 833 1045 860 res
1067 820 1276 871 adversae,
1294 820 1425 861 animi
1447 834 1670 869 moeroreS‚
1693 819 1844 860 sollici-

387 886 620 936 tudinesve,
642 886 775 926 nimia
803 886 849 926 in
879 886 1098 927 literarum
1130 888 1270 928 studio
1298 888 1533 938 assiduitas,
1556 892 1683 940 atque
1714 885 1845 926 animi

389 955 618 1005 contentio,
646 969 742 995 eum
777 969 905 1009 prava
935 956 1118 1010 corporis
1150 956 1330 997 diathesi
1366 956 1669 1010 eonspi1·anteS‚
1704 955 1844 996 oleum

389 1022 554 1062 camino
576 1023 820 1076 adjecerint.

187 1108 327 1138 Difficile
452 1089 560 1144 [772]
598 1091 701 1131 Dies
722 1105 790 1131 me
812 1091 1022 1142 deficeret,
1045 1092 1079 1132 si
1100 1093 1243 1133 omnia
1260 1106 1366 1145 quae
1382 1091 1575 1132 Affectus
1599 1091 1845 1145 Hystericos

182 1151 356 1223 ξέξῃῗὲξῙῐῑ·
388 1164 564 1210 gravant
587 1165 872 1213 symptomata
902 1174 1151 1202 enumerare
1175 1161 1313 1211 velim,
1335 1165 1424 1200 tam
1450 1160 1612 1200 diversa
1639 1165 1766 1213 atque
1792 1159 1845 1199 ad

184 1236 328 1285 Affectus
387 1226 569 1267 invicem
603 1228 813 1269 contraria
849 1228 984 1282 speeie
1019 1229 1238 1279 variantia,
1272 1244 1399 1283 quam
1427 1243 1505 1269 nec
1536 1229 1713 1269 Proteus
1743 1227 1845 1268 lusit

180 1278 328 1352 ξξζῗξξζ
388 1309 591 1347 unquam,
613 1309 692 1336 nec
714 1296 922 1337 coloratus
944 1302 1159 1350 spectatur
1179 1297 1465 1337 chamaeleon.
1527 1295 1712 1336 Proinde
1732 1300 1846 1336 recte

182 1373 312 1395 merare.
388 1362 494 1402 mihi
513 1363 680 1403 videtur
702 1364 910 1404 rationem
935 1365 1184 1405 subduxisse
1205 1365 1487 1414 Democritus,
1515 1363 1845 1418 (quantumlibet

386 1429 431 1469 in
471 1430 608 1470 morbi
645 1445 770 1471 eausa
800 1431 1160 1485 hallucinaretur,)
1196 1432 1270 1472 ubi
1310 1433 1351 1474 in
1383 1432 1559 1485 epistola
1594 1431 1647 1471 ad
1680 1431 1843 1484 Hippo-

386 1503 545 1539 cratem
567 1499 694 1540 missa
722 1500 842 1553 [tom.
865 1501 922 1540 iii.
945 1516 985 1554 p.
1009 1501 1126 1555 8526]
1156 1501 1310 1541 diserte
1332 1500 1479 1540 asserit
1509 1503 1843 1540 “sexcentarum

387 1579 689 1607 aerumnarum
723 1569 1127 1622 innumerarumque
1163 1569 1454 1609 calamitatum
1491 1569 1714 1609 authorem
1754 1583 1843 1610 esse

385 1635 600 1675 uterum.'’
661 1635 814 1689 Neque
834 1641 1005 1676 tantum
1019 1637 1251 1677 multifaria
1271 1642 1372 1677 sunt
1392 1637 1485 1686 ista,
1505 1636 1576 1676 scd
1599 1650 1677 1676 nec
1697 1637 1845 1690 regula

386 1702 526 1755 aliqua
547 1708 620 1743 aut
641 1708 742 1758 typo
763 1705 964 1745 uniformi
987 1719 1029 1745 se
1046 1705 1255 1746 contineri
1276 1705 1510 1758 patiuntur,
1538 1705 1665 1757 (quod
1684 1704 1729 1744 in
1752 1705 1843 1746 aliis

383 1768 607 1810 hominum
629 1771 849 1812 affectibus
871 1777 1016 1812 tamen
1036 1787 1116 1812 usu
1137 1773 1280 1825 venit,)
1306 1772 1379 1813 sed
1407 1773 1526 1825 quasi
1550 1772 1717 1826 farrago
1742 1779 1843 1814 sunt

386 1836 591 1888 quaedam
633 1837 890 1892 φαινομένων
929 1839 1209 1892 incomposita
1249 1845 1376 1893 atque
1417 1840 1686 1890 inordinata3
1727 1841 1842 1882 unde

384 1905 640 1957 perarduum
657 1912 720 1946 est
741 1907 869 1961 hujus
891 1907 1027 1948 morbi
1048 1908 1267 1949 historiam
1290 1909 1538 1949 describere.

183 1995 306 2024 Causae
451 1974 558 2027 [78]
599 1975 761 2015 Causae
793 1980 935 2016 autem
968 1976 1096 2030 hujus
1126 1976 1264 2017 morbi
1294 1977 1634 2030 procatarcticae,
1667 1991 1740 2018 seu
1771 1991 1840 2017 ex-

179 2047 302 2120 ῧξὲῑὲζέ
384 2045 542 2091 ternae,
577 2042 642 2082 vel
675 2048 775 2083 sunt
814 2043 1150 2084 vehementiores
1190 2044 1373 2098 corporis
1412 2050 1566 2094 motus,
1608 2045 1673 2085 vel
1712 2045 1840 2085 etiam

178 2123 321 2154 arcticae.
385 2110 520 2150 multo
541 2110 705 2163 saepius
726 2111 909 2151 violenta
931 2111 1137 2164 quaedam
1160 2111 1291 2151 animi
1311 2112 1551 2162 commotio,
1574 2126 1598 2151 a
1618 2111 1840 2165 repentino

384 2177 536 2231 aliquo,
560 2179 644 2219 sive
674 2179 774 2229 irae,
797 2179 882 2219 sive
913 2179 1078 2229 doloris,
1102 2179 1186 2219 sive
1217 2179 1344 2220 etiam
1375 2179 1551 2229 timoris,
1575 2185 1617 2220 et
1639 2180 1839 2220 similium

181 2246 363 2287 Diagnosis,
382 2246 690 2298 pathematum,
712 2247 888 2287 insultu.
934 2247 1111 2289 Quoties
1132 2247 1275 2301 itaque
1296 2262 1363 2287 me
1385 2247 1613 2288 consulunt
1629 2247 1838 2288 foeminae

383 2313 435 2354 de
465 2314 544 2355 hoc
568 2315 690 2355 illove
719 2315 901 2369 eorporis
932 2316 1099 2366 affectu,
1122 2317 1241 2369 eujus
1271 2316 1378 2356 ratio
1410 2330 1432 2356 e
1459 2316 1702 2369 vulgaribus
1727 2331 1837 2357 mor-

382 2381 535 2422 borum
566 2383 952 2436 dignoscendorum
980 2383 1198 2423 axiomatis
1230 2389 1412 2436 nequeat
1445 2383 1577 2434 reddi,
1615 2398 1837 2438 nunquam

382 2464 469 2490 non
490 2451 722 2504 diligentur
743 2451 794 2492 ab
818 2452 876 2492 eis
899 2452 1083 2505 exquiro,
1107 2466 1160 2491 an
1182 2465 1270 2491 non
1286 2465 1335 2491 eo
1353 2451 1402 2491 dc
1419 2465 1501 2504 quo
1518 2458 1838 2505 conqueruntur

381 2518 493 2558 malo
523 2523 617 2558 tum
647 2520 871 2573 praecipue
898 2519 1144 2573 fatigentur,
1171 2533 1270 2560 cum
1299 2519 1485 2569 tristitia,
1518 2534 1732 2572 aerumna,
1762 2526 1836 2562 aut

381 2584 463 2624 alia
490 2584 630 2638 aliqua
660 2586 937 2639 perturbatio,
961 2600 1029 2626 eas
1050 2587 1159 2627 male
1181 2587 1335 2627 habeat
1353 2587 1370 2627 ’.Ρ
1403 2587 1515 2641 quod
1537 2588 1571 2628 si
1592 2589 1835 2639 annuerint,

375 2651 466 2703 jam
487 2653 587 2692 satis
610 2667 818 2707 superque
849 2653 954 2694 mihi
985 2659 1164 2704 constat,
1187 2653 1385 2694 morbum
1405 2654 1451 2694 in
1471 2654 1549 2694 hae
1571 2654 1623 2695 de
1645 2669 1728 2708 qua
1748 2656 1843 2709 agi-

379 2731 475 2759 mus
495 2719 612 2761 tribu
632 2721 892 2762 censendum
907 2739 919 2772 5
951 2721 1198 2775 praesertim
1213 2735 1310 2762 vero
1327 2721 1361 2761 si
1377 2721 1599 2776 diagnosin
1620 2722 1663 2762 id
1685 2723 1836 2764 elarius

379 2784 575 2837 illustret,
598 2788 708 2840 quod
736 2788 894 2829 scilicet
919 2789 1044 2829 certis
1075 2789 1234 2842 aliquot
1264 2790 1526 2843 temporibus
1551 2791 1720 2832 urinam
1741 2791 1842 2832 lim-

379 2852 520 2904 pidam
550 2860 591 2895 et
619 2856 806 2908 crystalli
834 2857 1056 2907 aemulam,
1080 2871 1256 2911 eamque
1285 2858 1494 2912 copiosam
1526 2860 1664 2910 simul,
1694 2875 1832 2902 excer-

379 2926 498 2960 nant.
562 2922 642 2962 IIis
674 2938 771 2964 vero
807 2925 937 2964 animi
965 2925 1162 2976 motibus,
1198 2926 1269 2978 qui
1301 2926 1541 2966 usitatiores
1573 2931 1673 2968 sunt
1705 2927 1838 2981 hujus
