1985 3308
421 190 920 234 OBSERVATIONES
952 192 1242 234 MEDICAE.
1508 195 1561 237 17

99 300 292 342 ordinem
307 313 354 341 ac
369 304 520 354 typum
536 299 694 354 ubique
708 305 857 351 servat,
866 300 1148 341 revolutiones
1164 299 1396 354 periodicas
1412 305 1561 354 quarto
1602 311 1729 341 anr.

96 382 265 422 quoque
285 367 353 408 die
374 382 461 408 non
481 367 623 408 minus
646 371 760 408 certo
783 372 979 422 repetens
1002 382 1129 422 quam
1151 382 1247 408 suas
1263 367 1419 421 repetit
1436 368 1559 409 horo-
1581 353 1762 401 QJERT.

95 435 258 488 logium
298 435 382 476 sive
424 435 539 475 aliud
580 435 793 488 quoddam
834 436 1040 489 ejusmodi
1080 434 1328 487 ἀυτόματον,
1367 435 1464 488 (nisi
1506 435 1557 476 ab

96 502 321 543 accedente
362 502 502 555 aliquo
543 502 804 543 extrinsecus
846 502 1097 543 adveniente
1137 502 1207 543 hic
1248 502 1351 543 ordo
1392 507 1558 556 pertur-

98 569 221 611 betur
233 571 260 623 3)
306 569 419 623 quod
449 584 547 610 eum
577 570 715 623 rigore
747 583 794 611 ae
825 570 1005 611 notabili
1036 570 1205 623 frigoris
1238 584 1366 610 sensu
1408 585 1560 624 aggre-

97 637 225 688 ditur,
256 651 382 691 quem
412 637 565 691 excipit
599 638 747 679 caloris
779 638 993 692 perceptio
1028 653 1115 679 non
1150 638 1293 679 minus
1330 638 1556 689 sensibilis,

97 719 204 759 quae
224 705 398 746 tandem
419 706 465 746 in
486 705 637 746 sudore
659 705 913 746 effusissimo
933 706 1192 747 terminatur
1206 723 1216 756 ;
1241 706 1353 760 quod
1376 706 1560 760 denique

97 773 271 815 morbus
297 772 379 824 hic,
404 787 701 827 quemcunque
730 773 903 814 demum
929 774 1143 824 invaserit,
1166 774 1234 814 vix
1261 778 1361 815 ante
1381 787 1561 815 vernum

98 841 417 895 aequinoctium
432 841 546 894 abigi
561 842 717 895 poterit
734 846 776 882 et
789 841 945 895 fugari:
970 842 1042 895 qui
1056 842 1161 883 haec
1179 841 1398 895 (inquam‚)
1417 842 1561 883 omnia

97 909 400 963 pensiculatius
421 910 706 959 trutinaverit,
724 909 839 950 haud
856 910 998 950 minus
1019 910 1151 950 firmis
1172 909 1410 951 rationibus
1432 910 1558 950 indu-

96 981 216 1018 cetur
240 982 290 1018 ut
312 977 456 1018 credat
477 977 675 1018 morbum
701 977 817 1018 hunc
846 978 1028 1031 speciem
1056 991 1158 1028 esse,
1183 991 1310 1031 quarn
1335 982 1437 1018 sunt
1460 978 1558 1018 illae

95 1044 148 1086 ob
171 1059 274 1099 quas
301 1045 434 1085 eredit
454 1045 647 1098 plantam
675 1059 764 1085 esse
791 1045 985 1098 speciem,
1009 1059 1116 1098 quae
1145 1059 1291 1098 parem
1315 1059 1483 1099 semper
1504 1045 1558 1086 ad

94 1126 289 1153 normam
310 1126 332 1153 e
353 1117 467 1153 terra
493 1113 695 1162 nascitur,
719 1113 853 1163 floret,
876 1113 1121 1166 interitque,
1151 1118 1279 1167 atque
1309 1113 1355 1153 in
1383 1113 1557 1167 reliquis

95 1180 276 1221 afficitur
295 1194 371 1233 pro
391 1180 556 1221 ratione
578 1180 785 1221 essentiae
807 1194 930 1230 suae,
954 1194 1091 1233 neque
1113 1181 1234 1221 facile
1256 1180 1559 1234 comprehendi

91 1251 245 1301 potest,
268 1247 340 1302 qui
372 1248 446 1288 fiat
482 1251 530 1288 ut
565 1247 635 1288 hic
670 1247 843 1288 morbus
875 1248 1039 1288 oriatur
1069 1262 1094 1288 a
1124 1247 1440 1288 combinatione
1471 1248 1557 1288 sive

91 1315 408 1370 principiorum,
437 1315 521 1355 sive
552 1315 810 1369 qualitatum
841 1315 1115 1364 evidentium,
1148 1329 1247 1355 cum
1276 1316 1426 1369 planta
1456 1315 1554 1356 sub-

91 1383 250 1424 stantia
263 1396 310 1424 ac
324 1383 480 1437 species
498 1382 699 1424 distincta
714 1383 760 1423 in
775 1397 919 1423 rerum
938 1387 1094 1423 natiua
1109 1382 1267 1436 ubique
1284 1388 1554 1435 agnoscatur.

91 1450 209 1491 Illud
234 1450 408 1491 interim
437 1464 525 1491 non
558 1451 800 1500 diffitemur,
824 1450 938 1504 quod
962 1465 1060 1491 cum
1090 1449 1248 1504 species
1281 1450 1367 1491 sive
1392 1450 1553 1490 anima-

91 1517 197 1558 lium
218 1518 302 1558 sive
321 1518 566 1571 plantarum
580 1518 773 1572 singulae
799 1517 996 1571 (demptis
1018 1517 1266 1570 perpaucis,)
1291 1531 1366 1570 per
1387 1530 1431 1557 se
1453 1516 1552 1557 sub-

94 1586 260 1636 sistant,
274 1586 380 1627 istae
401 1585 646 1627 morborum
668 1586 825 1640 species
847 1585 899 1626 ab
920 1585 971 1626 iis
994 1585 1236 1638 dependent
1256 1584 1507 1626 humoribus
1529 1598 1554 1625 a

95 1653 248 1707 quibus
270 1658 544 1707 generantur.

158 1721 266 1775 [20]
304 1721 491 1762 Tametsi
511 1735 609 1762 vero
631 1735 682 1762 ex
698 1722 788 1776 jam
810 1721 933 1762 dietis
954 1725 1148 1762 constare
1169 1721 1363 1762 videatur
1385 1719 1552 1761 morbo·

93 1802 190 1829 rum
205 1789 504 1843 plerorumque
525 1803 671 1830 causas
692 1789 988 1830 inscrutabiles
1010 1802 1179 1841 prorsus
1196 1801 1286 1829 esse
1308 1802 1356 1829 ac
1371 1785 1554 1838 ἀνεκδιη-

94 1854 257 1911 Ὑήτους,
278 1871 368 1897 non
397 1861 544 1898 tamen
571 1857 808 1898 insolubih's
838 1857 917 1897 erit
947 1857 1020 1897 illa
1048 1856 1251 1910 quaestio,
1280 1859 1404 1909 “quo
1431 1860 1556 1909 pacto

95 1923 235 1964 sanari
255 1924 419 1978 possint
434 1924 480 1964 ?’'
509 1938 608 1966 cum
630 1924 681 1965 de
703 1925 838 1966 causis
863 1924 1161 1965 remotioribus
1194 1937 1272 1964 nos
1293 1923 1373 1964 hoc
1398 1936 1556 1964 assera-

95 2006 203 2032 mus.
261 1992 403 2033 Nemo
425 1997 568 2033 autem
589 1997 652 2034 est
675 1993 747 2046 qui
766 2007 856 2033 non
875 1993 1014 2034 videat
1036 1992 1221 2034 curiosos
1242 1991 1345 2032 istos
1367 1991 1555 2045 specula-

96 2063 210 2100 tores
231 2059 276 2099 in
298 2059 434 2100 causis
459 2060 596 2113 primo
624 2060 771 2113 primis
792 2060 879 2101 fere
901 2074 948 2102 ac
976 2059 1269 2101 remotissimis
1300 2058 1557 2112 indagandis

96 2140 144 2167 ae
174 2127 220 2167 in
249 2127 389 2168 lucem
414 2128 477 2179 (ut
507 2132 556 2167 ut
587 2127 721 2168 invita
750 2127 968 2168 Minervas
996 2141 1043 2168 ae
1074 2127 1333 2168 reclamante
1363 2126 1557 2166 Naturae

98 2196 252 2248 sensu,)
289 2194 586 2248 protrahendis
622 2209 790 2249 operam
828 2194 1002 2248 perdere
1015 2211 1027 2242 3
1078 2193 1348 2234 immediatas
1380 2207 1478 2234 vero
1514 2198 1556 2233 et

98 2262 362 2316 conjunctas,
387 2276 464 2303 ceu
481 2267 579 2303 ante
600 2262 726 2316 pedes
744 2262 949 2316 jacentes,
973 2266 1258 2311 contemnere,
1283 2274 1389 2314 quae
1410 2265 1557 2301 tamen

95 2331 331 2372 necessario
362 2330 519 2372 debent
551 2331 760 2384 cognosci,
792 2335 834 2371 et
865 2334 1042 2383 possunt
1079 2329 1208 2369 etiam
1241 2329 1332 2369 sine
1365 2328 1556 2369 ficulneis

97 2398 343 2453 hujusmodi
364 2399 656 2448 adminiculis;
689 2412 786 2440 cum
808 2397 1044 2438 intellectui
1072 2411 1115 2438 se
1137 2401 1280 2450 aperte
1302 2396 1468 2446 sistant,
1490 2396 1556 2436 vel

97 2467 255 2521 proprii
285 2481 432 2508 sensus
459 2467 717 2517 testimonio,
740 2466 805 2507 vel
833 2466 1082 2506 anatomicis
1110 2463 1474 2506 observationibus
1501 2464 1555 2504 ab

97 2535 188 2575 aliis
209 2534 464 2589 jampridem
485 2534 620 2585 factis,
642 2540 840 2576 retectae.
901 2538 1044 2587 Atque
1065 2538 1113 2574 ut
1148 2531 1405 2586 impossibile
1429 2532 1555 2586 plane

97 2607 161 2643 est
181 2606 230 2643 ut
251 2602 447 2643 Medicus
469 2616 538 2643 eas
559 2602 697 2643 morbi
719 2616 865 2643 causas
887 2601 1045 2642 ediscat
1067 2614 1173 2654 quae
1195 2600 1363 2641 nullum
1383 2613 1554 2653 prorsus

96 2683 194 2711 cum
224 2669 417 2710 sensibus
447 2670 609 2711 habent
646 2669 958 2719 commercium,
991 2669 1052 2709 ita
1086 2681 1225 2722 neque
1261 2672 1324 2708 est
1354 2680 1524 2708 necesse
1540 2684 1552 2716 ;

97 2736 266 2778 abunde
288 2737 403 2779 enim
434 2738 588 2778 sufficit
609 2742 657 2778 ut
679 2738 783 2779 sciat
804 2737 919 2777 unde
947 2735 1193 2776 immediate
1221 2734 1356 2776 oritur
1376 2734 1551 2784 malum,

97 2804 286 2858 talesque
308 2805 398 2858 ejus
413 2805 588 2846 effectus
610 2810 737 2858 atque
759 2808 1057 2858 symptomata,
1071 2807 1120 2843 ut
1137 2802 1250 2843 inter
1269 2802 1385 2843 hunc
1402 2802 1551 2843 alium-

147 2914 158 2932 ‘
179 2917 273 2945 invita
297 2915 454 2956 Illinerva]
482 2919 499 2932 “
515 2916 607 2946 Nihil
633 2917 722 2947 dccet
748 2919 793 2945 1⁸11-
856 2919 1001 2945 versante
1013 2919 1043 2945 et
1060 2919 1257 2955 repugnante
1269 2915 1414 2944 natura.’'
1462 2911 1548 2951 (Cic.

97 2960 161 2988 vita
185 2958 286 2998 (quod
308 2958 424 2997 aiunt‚)
442 2960 594 2996 illinet-va,
612 2959 643 2989 id
664 2964 721 2996 est,
738 2959 792 2988 ad·
857 2960 902 2988 De
916 2958 1100 2996 0ffic.i.3l.)
1121 2958 1170 2988 Cf.
1184 2956 1552 2996 Eras111iAd‹1g.i.1.21›2.

817 3026 843 3051 D
