1985 3308
377 176 462 216 396
786 176 1041 217 THOMAE
1075 177 1416 218 SYDENHAM

199 292 252 321 DE
271 292 339 321 Ar·
380 286 494 333 neat,
527 281 631 323 dum
661 282 760 323 huic
795 283 996 324 methodo
1025 282 1286 333 insistamus,
1318 283 1353 322 si
1383 283 1572 333 affectus,
1605 282 1679 336 qui
1709 282 1841 324 colica

177 334 362 408 Ἐξτῗῐζὲζ·
380 350 531 390 biliosa
551 354 761 401 censetur,
782 364 828 391 re
848 350 939 404 ipsa
963 350 1213 404 Hystericus
1237 355 1410 390 tantum
1433 350 1576 400 fuerit,
1599 355 1673 391 aut
1691 350 1839 404 Hypo-

380 417 673 469 chondriacus,
706 418 869 459 nemini
905 432 993 458 non
1028 418 1161 470 liquet
1177 434 1188 467 3
1241 431 1339 457 cum
1375 417 1529 458 clamet
1565 417 1837 471 experientia,

379 486 505 540 quod,
528 491 622 540 post
645 486 801 540 primas
833 485 1126 526 evacuationes
1158 484 1429 535 universales,
1456 486 1579 539 (quae
1608 485 1839 526 humorum

375 554 726 607 putrescentium,
757 567 860 606 quos
890 552 1053 605 peperit
1084 551 1236 603 ἀταξία
1261 553 1351 605 jam
1382 566 1504 606 saepe
1536 553 1661 603 dicta,
1684 552 1841 606 quique

375 621 584 675 anodynis
611 621 829 661 obstaculo
857 634 946 660 esse
973 619 1150 672 possint,
1177 618 1376 660 saburrae
1405 620 1668 661 amoliendae
1695 619 1839 660 dican-

376 691 478 742 tur,)
503 690 611 730 nihil
631 690 721 743 jam
747 692 892 738 restat,
914 688 997 728 nisi
1017 692 1065 728 ut
1086 688 1401 729 tumultuantes
1423 689 1594 744 spiritus
1622 688 1840 742 consopia-

378 773 486 808 mus‚
505 758 638 798 donec
658 756 834 797 tandem
856 760 1143 810 symptomata
1164 757 1428 808 evanuerint,
1451 762 1579 811 atque
1600 757 1650 798 iis
1672 771 1838 798 cessan-

376 826 491 867 tibus
520 830 757 879 opportune
785 823 1036 878 chalybeata
1059 824 1328 878 imperemus,
1350 826 1415 866 vel
1449 826 1483 866 si
1505 825 1618 879 quod
1639 824 1755 865 aliud
1775 829 1841 866 est

375 893 610 934 remedium
652 892 764 945 quod
803 892 1057 945 sanguinem
1096 892 1365 933 accendendo
1398 898 1525 946 atque
1559 891 1839 946 invigorando

374 961 572 1001 morbum
598 959 802 1000 radicitus
834 959 1027 1012 extirpet.
1088 959 1242 999 Meum
1271 974 1360 1000 non
1391 966 1454 1000 est
1481 960 1685 1013 plurimas
1713 964 1841 1013 atque

375 1029 570 1082 ingentes
592 1028 685 1068 illas
707 1027 970 1068 calamitates
993 1041 1255 1077 enumerare,
1279 1042 1381 1081 quas
1401 1028 1597 1069 foeminis
1614 1027 1843 1081 contigisse

375 1097 464 1150 ipse
493 1096 603 1146 novi,
625 1095 700 1135 ubi
729 1094 859 1135 colica
885 1094 990 1150 haec
1020 1094 1248 1148 Hysterica
1276 1109 1300 1135 a
1323 1095 1408 1136 bile
1433 1101 1575 1136 ortum
1597 1096 1750 1136 ducere
1771 1108 1842 1136 ex-

175 1165 650 1223 Quasrgpe-istimaretur.
710 1163 1009 1203 Venmtamen
1033 1163 1194 1202 affirmo
1219 1163 1512 1204 evacuationes
1538 1176 1660 1217 saepe
1688 1162 1843 1216 repeti-

172 1222 238 1247 ἴω
254 1228 320 1247 ³⁰¹8
377 1238 455 1283 tas,
475 1247 581 1286 quae
599 1231 769 1285 quidem
791 1231 836 1270 in
858 1231 988 1271 colica
1007 1230 1158 1271 biliosa
1173 1231 1348 1272 omnino
1373 1231 1630 1281 indicantur,
1653 1231 1842 1272 dolorem

174 1266 316 1289 evacuati
341 1276 352 1282 -

174 1302 268 1350 1]Ξῦμὸ
287 1270 357 1332 ΜΞ·
378 1301 670 1353 vomitumque
696 1313 785 1340 non
813 1299 949 1339 solum
974 1313 1063 1339 non
1090 1312 1367 1352 compescere,
1400 1299 1474 1340 sed
1499 1299 1665 1340 irritare
1690 1299 1841 1352 magis,

174 1345 360 1417 ggffnssfsson
378 1369 604 1423 spirituum
634 1367 792 1408 scilicet
820 1366 1199 1420 perturbationem,
1224 1380 1330 1420 quae
1350 1381 1449 1408 vera
1475 1367 1628 1407 horum
1653 1372 1842 1421 sympto-

175 1438 334 1501 ἓζζζιῒΡῖζᾱ
377 1441 543 1478 matum
564 1450 690 1476 causa
712 1440 787 1483 est,
806 1434 1105 1488 promovendo.
1167 1435 1443 1488 Tandemque
1464 1435 1626 1476 malum
1649 1435 1702 1475 ad
1722 1448 1842 1475 men-

173 1495 309 1544 irritdn‘t.
379 1519 443 1546 ses
475 1505 634 1557 aliquot
678 1503 990 1556 prolongatum,
1022 1502 1250 1542 metathesi
1285 1502 1512 1556 derepente
1546 1502 1592 1543 in
1623 1502 1843 1543 cerebrum

378 1574 502 1623 facta,
526 1571 682 1613 desinit
709 1571 755 1611 in
784 1584 984 1624 spasmOS,
1008 1585 1033 1610 a
1054 1570 1208 1623 quibus
1237 1585 1363 1624 aegra
1387 1571 1503 1612 brevi
1526 1585 1548 1612 e
1568 1571 1709 1612 medio
1729 1570 1843 1612 tolli-

176 1647 367 1696 Praesertim
379 1646 450 1682 tur
465 1657 477 1690 3
509 1640 636 1693 idque
649 1639 713 1679 vel
734 1638 928 1688 maxime,
946 1638 1033 1688 ubi,
1048 1643 1143 1691 post
1164 1638 1266 1678 alias
1280 1639 1575 1680 evacuationes
1598 1639 1760 1679 diutius
1776 1652 1842 1679 re·

175 1696 353 1773 {2¹32}th
379 1707 546 1762 petitas,
569 1706 774 1747 suadente
802 1705 938 1745 colore
959 1704 1081 1744 viridi
1102 1719 1248 1745 eorum
1271 1719 1377 1758 quae
1401 1720 1477 1759 pcr
1497 1720 1542 1747 os
1565 1720 1587 1746 e
1607 1705 1844 1746 ventriculo

380 1779 678 1824 excernuntur,
702 1773 925 1814 emcticum
947 1773 1075 1813 fuerit
1096 1772 1382 1826 propinatum.
1443 1774 1588 1814 Verbo
1610 1773 1747 1814 dicam
1766 1790 1774 1813 ε
1807 1772 1843 1813 si

178 1849 334 1898 Detdiag-
380 1844 481 1898 quid
495 1857 572 1896 ego
589 1841 849 1883 observando
867 1841 1006 1891 didici,
1021 1841 1226 1893 imprimis
1243 1841 1477 1881 cavendum
1494 1847 1570 1892 est,
1585 1856 1639 1882 ne
1656 1846 1844 1895 sympto-

177 1902 362 1964 ἓὲζῖᾏῇζὲᾇ,
379 1917 495 1952 mata
515 1910 709 1951 foeminis
734 1908 970 1963 Hystericis
997 1908 1221 1948 familiaria
1243 1908 1294 1948 ab
1317 1909 1408 1948 aliis
1431 1923 1534 1962 quos
1557 1923 1679 1963 saepe
1700 1923 1845 1950 aemu-

179 1977 329 2006 vendum.
378 1981 524 2020 lantur
545 1978 715 2027 morbis,
739 1976 931 2029 diagnosi
953 1980 1121 2016 errante
1142 1981 1349 2029 putentur
1370 1977 1482 2017 oriri.

446 2047 582 2101 [128]
623 2044 707 2085 Hic
735 2059 822 2085 non
845 2049 908 2085 est
933 2044 1212 2094 reticendum,
1236 2044 1361 2097 quod,
1385 2050 1552 2098 praeter
1573 2058 1734 2085 errores
1753 2045 1845 2099 Jam

379 2115 609 2156 recensitos
641 2128 664 2153 a
694 2112 846 2167 quibus
872 2112 1082 2152 foeminae
1110 2112 1347 2152 Affectibus
1372 2112 1609 2166 Hystericis
1637 2112 1844 2154 obnoxiae

382 2184 433 2224 dc
464 2183 551 2223 vita
584 2181 891 2235 periclitantur,
923 2180 1159 2233 permultae
1196 2180 1369 2232 insuper
1405 2194 1545 2221 errore
1580 2195 1669 2221 non
1701 2181 1844 2222 minus

381 2251 550 2291 funesto
582 2250 705 2290 dictis
736 2248 973 2289 Affectibus
1004 2248 1244 2288 multantur
1275 2262 1325 2288 ea
1353 2253 1620 2302 tempestate,
1654 2262 1737 2302 qua
1772 2249 1844 2290 hic

381 2319 566 2369 morbus,
588 2319 686 2359 licet
716 2332 793 2358 sua
818 2322 974 2358 natura
999 2331 1089 2357 non
1117 2317 1171 2358 sit
1199 2317 1381 2367 lethalis,
1404 2322 1550 2357 tamen
1571 2317 1611 2357 vi
1633 2318 1844 2359 malorum

381 2385 676 2438 ἐπιγινομένων
703 2399 750 2425 ac
783 2385 1135 2438 subsequentium
1166 2384 1282 2425 haud
1308 2398 1465 2438 paucas
1487 2398 1510 2425 e
1534 2385 1676 2426 medio
1704 2385 1842 2426 tollat.

380 2453 575 2506 Exempli
616 2452 775 2505 gratia:
826 2451 1013 2492 foemina
1047 2451 1251 2492 tencriori
1289 2457 1415 2504 atque
1453 2451 1622 2492 infirmo
1658 2451 1844 2506 corporis

380 2521 532 2561 habitu
554 2520 764 2560 infantem
795 2519 919 2573 parit,
942 2519 1010 2560 cui
1041 2519 1185 2559 omnia
1215 2519 1420 2560 foeliciter
1442 2525 1484 2560 et
1506 2519 1742 2560 secundum
1769 2534 1845 2560 na-

184 2589 346 2646 Plurimae
382 2593 524 2628 turam
553 2588 711 2628 cedunt
727 2605 739 2638 3
771 2587 976 2628 obstetrix
1005 2586 1104 2639 (sive
1134 2586 1252 2627 rudis
1283 2592 1326 2627 et
1356 2587 1565 2640 imperita,
1598 2587 1682 2627 sive
1709 2587 1844 2641 jacta-

182 2641 355 2712 11:333ssssst
384 2655 542 2705 hunda,
569 2661 611 2696 ct
645 2669 771 2709 quam
803 2655 1015 2708 praeclare
1044 2668 1119 2694 suo
1147 2654 1220 2695 illa
1245 2668 1421 2695 munere
1449 2655 1597 2695 functa
1624 2654 1678 2695 sit
1704 2654 1844 2708 palam

185 2715 370 2787 ‘1¹3¹‘2‘iltifffsb2‘
386 2725 634 2776 ostentans)
660 2723 808 2764 suadet
829 2727 877 2763 ut
898 2736 1105 2776 puerpera
1131 2723 1276 2776 paucis
1302 2738 1326 2763 a
1352 2727 1478 2776 partu
1506 2722 1654 2764 diebus
1683 2727 1844 2775 surgat,

187 2796 429 2829 lectocxur-ct
456 2805 497 2831 sc
520 2805 543 2831 a
569 2791 678 2831 lecto
705 2789 953 2843 aliquandiu
981 2789 1220 2840 abstineat,
1253 2791 1357 2831 haec
1382 2804 1544 2831 morem
1572 2803 1736 2843 gercnS,
1759 2794 1844 2831 sta-

187 2842 371 2913 ῑὲζῗιξζζζζζζξξ
389 2857 466 2896 tim
489 2872 512 2897 a
532 2858 668 2910 primo
685 2857 868 2911 corporis
886 2862 1006 2898 motu
1026 2858 1266 2899 Afl‘ectione
1285 2858 1512 2912 Hysterica
1532 2857 1769 2911 corripitur,
1788 2863 1844 2908 ct,

188 2936 338 2998 {ffl'res-
390 2939 464 2977 pro
485 2926 646 2966 ratione
665 2940 746 2978 qua
767 2924 938 2967 morbus
960 2926 1208 2979 inaugescit,
1225 2926 1362 2967 lochia
1378 2926 1562 2980 primum
1582 2925 1845 2966 imminuun-
