1985 3308
819 730 937 764 VITA

449 877 780 936 THOMAE
843 876 1302 934 SYDENHAM.

149 1042 404 1083 (Couscnnvm
419 1051 443 1072 A
458 1038 614 1075 CARoLo
629 1038 672 1072 G.
687 1028 811 1078 listins,
827 1048 905 1071 CUM
917 1048 1137 1075 QuinusnAM
1154 1047 1286 1070 Auci-15
1299 1047 1344 1070 m·
1355 1038 1604 1078 EMENDA'ris.)

204 1163 396 1202 Tnoms
435 1160 710 1210 SYDENHAM,
733 1174 846 1200 anno
889 1161 1013 1210 1624,
1035 1164 1161 1200 natus
1193 1160 1274 1200 fuit
1310 1160 1356 1200 in
1391 1174 1500 1213 pago
1536 1160 1605 1200 cui
1626 1165 1809 1203 A.D.1624,

146 1243 304 1282 nomen
345 1227 535 1281 anord
570 1228 715 1280 anle,
747 1227 793 1267 in
832 1227 1048 1280 provincia
1086 1227 1348 1278 Dorsetensi,
1390 1227 1466 1267 ubi
1513 1228 1603 1281 ejus
1625 1207 1810 1290 ξξέὲῖἶζω
1850 1249 1853 1251 ,

145 1302 279 1352 pater,
297 1296 565 1346 Guilielmus,
586 1296 649 1335 vir
670 1309 911 1349 generosus,
929 1295 1070 1348 plures
1092 1307 1245 1348 eosque
1267 1295 1428 1348 amplos
1448 1294 1604 1336 fundos
1624 1298 1718 1323 natus
1732 1298 1787 1323 est.

145 1363 424 1418 possidebata.
491 1362 578 1404 Qui
598 1362 675 1402 filii
696 1362 995 1403 educationem
1025 1361 1196 1412 rexerit,
1220 1367 1292 1402 aut
1324 1377 1408 1416 qua
1438 1362 1604 1404 ratione
1625 1374 1676 1404 De
1690 1375 1760 1422 ejus

146 1432 237 1486 ejus
275 1430 458 1472 infantia
497 1434 713 1471 transacta
751 1429 894 1479 fuerit,
938 1434 1203 1482 compertum
1249 1444 1337 1470 non
1381 1430 1602 1471 habemus.
1623 1417 1810 1489 ξῇρζζξξῃί

145 1499 299 1553 Neque
331 1512 429 1539 vero
462 1498 605 1538 minus
640 1496 793 1538 incerti
827 1497 1064 1547 haeremus,
1101 1502 1280 1548 mature,
1318 1512 1454 1539 necne
1490 1498 1604 1539 exhi-
1623 1503 1810 1542 pertumha-

144 1566 285 1607 buerit
313 1566 495 1606 Thomas
521 1565 777 1606 documenta
806 1564 969 1617 ingenii
994 1564 1047 1604 ad
1067 1564 1262 1606 Naturae
1290 1566 1479 1606 studium
1509 1581 1603 1620 pro·
1622 1546 1744 1575 bemus.

144 1634 403 1675 movendum
423 1632 617 1686 inprimis
639 1632 740 1686 apti,
762 1632 827 1672 vel
848 1632 1007 1685 aliquid
1030 1632 1175 1673 fecerit
1200 1633 1313 1674 unde
1338 1634 1606 1687 praesagium

145 1716 326 1755 magnae
365 1701 552 1743 nominis
593 1699 851 1741 celebritatis
890 1700 980 1753 peti
1019 1704 1187 1754 poterat
1228 1715 1356 1754 quam
1392 1703 1606 1755 quondam

145 1770 386 1811 felicissimo
416 1769 613 1810 Medicae
634 1768 753 1809 Artis
782 1768 923 1809 studio
949 1773 1060 1809 esset
1085 1767 1402 1810 consecuturus.
1465 1770 1607 1812 Quam

147 1838 200 1879 ob
221 1852 313 1879 rem
334 1837 569 1888 curiositati
589 1841 774 1887 nostrae,
799 1850 882 1889 qua
912 1837 1099 1877 naturali
1119 1837 1245 1878 modo
1267 1837 1321 1878 ad
1340 1837 1497 1892 primas
1516 1843 1607 1879 tam

145 1906 350 1960 praeclari
369 1905 532 1959 ingenii
557 1904 887 1958 significationes
915 1903 1209 1955 observandas,
1232 1919 1311 1946 nec
1331 1919 1420 1947 non
1441 1906 1495 1947 ad
1516 1907 1607 1960 ejus

145 1973 362 2014 infantiles
396 1973 514 2027 quasi
542 1971 855 2026 disquisitiones
891 1975 1057 2013 attento
1099 1972 1242 2014 animo
1278 1974 1605 2028 persequendas,

147 2039 353 2090 ducimur,
375 2041 551 2081 modum
573 2044 760 2081 statuere
782 2039 997 2081 debemus.

182 2106 262 2160 [2.]
288 2107 342 2147 In
358 2107 645 2161 Sydenhamio
661 2111 808 2147 nostro
819 2108 909 2160 jam
926 2122 950 2147 a
962 2108 1109 2160 primis
1125 2109 1332 2161 pueritiae
1350 2109 1472 2150 annis
1487 2124 1605 2150 men-

146 2175 201 2215 tis
227 2174 373 2225 aciem,
392 2173 542 2228 judicii
571 2173 867 2221 subtilitatem,
891 2173 1164 2227 discendique
1192 2176 1385 2216 ardorem
1412 2177 1605 2229 viguisse,

145 2243 213 2283 vix
237 2242 282 2282 in
311 2241 490 2283 dubium
517 2241 656 2282 vocari
686 2244 840 2294 potest,
863 2240 1029 2281 etiamsi
1049 2241 1161 2282 inter
1192 2256 1365 2283 coaevos
1388 2244 1497 2283 nulli
1522 2244 1608 2285 sint

147 2310 218 2363 qui
238 2310 282 2350 id
303 2309 471 2350 disertis
491 2308 630 2349 verbis
650 2313 878 2349 testentur.
940 2309 1116 2349 Etenim
1136 2309 1216 2350 hoc
1238 2310 1420 2351 Thomas
1445 2311 1607 2365 Syden-

144 2377 245 2419 ham
277 2391 375 2418 cum
409 2376 633 2430 permultis
669 2376 773 2425 aliis,
807 2376 942 2429 iisque
975 2376 1330 2428 celebratissimis,
1364 2378 1462 2419 viris
1495 2393 1607 2420 com-

145 2459 276 2486 mune
303 2444 445 2495 habet,
473 2444 587 2498 quod
610 2443 771 2497 ingenii
800 2444 1050 2484 excellentia
1083 2448 1125 2484 ct
1154 2444 1405 2486 cruditionis
1434 2446 1607 2487 ubertas

146 2528 233 2555 non
260 2513 342 2554 nisi
372 2527 423 2554 ex
450 2527 598 2554 eorum
629 2512 795 2566 scriptis
826 2511 1035 2565 rebusque
1067 2512 1197 2565 gestis
1230 2518 1421 2563 constet,
1454 2513 1608 2566 quibus

145 2586 290 2622 autem
330 2581 544 2634 magistris
590 2580 695 2620 illud
739 2579 972 2620 cxcitatum
1013 2579 1328 2633 excultumque,
1371 2594 1502 2634 quave
1542 2581 1610 2621 via

145 2648 249 2690 haec
270 2649 445 2689 collecta
467 2653 509 2688 et
531 2652 656 2688 aucta
675 2647 817 2697 fuerit,
841 2661 918 2687 nos
939 2647 1110 2700 penitus
1131 2647 1275 2687 lateat.

210 2715 289 2769 [3.]
319 2715 439 2757 Quae
461 2729 558 2756 cum
579 2716 640 2755 ita
661 2714 757 2764 sint,
776 2714 919 2767 paucis
937 2713 1032 2763 illis,
1053 2728 1159 2767 quac
1182 2719 1255 2755 aut
1276 2715 1364 2768 ipsc
1389 2716 1607 2770 Sydcnha-

145 2782 269 2833 mius,
287 2787 358 2823 aut
376 2783 446 2823 alii
460 2783 504 2822 in
523 2782 688 2835 scriptis
706 2782 791 2822 suis
808 2781 945 2823 obiter
962 2781 1012 2821 de
1030 2782 1208 2835 juvenili
1225 2783 1316 2836 ejus
1333 2788 1470 2824 aetate
1485 2784 1607 2825 nobis

187 2904 200 2917 ¹¹
224 2899 307 2972 {jigs
332 2904 467 2930 stemma
494 2899 599 2929 videre
623 2902 669 2929 est
694 2898 779 2938 apud
803 2898 961 2928 ιΙοῖιιιιιοιιι
987 2898 1162 2936 Hutchins,
1181 2901 1262 2931 Ilist.
1281 2900 1528 2940 ‹ngorsctshiae-e,
1546 2902 1606 2932 vol.

148 2942 167 2972 i.
185 2953 213 2983 p.
233 2944 271 2972 02
297 2965 303 2971 .
