1985 3308
393 149 481 189 294
814 146 1071 189 THOMAE
1105 145 1301 187 SYDEN
1308 145 1348 185 H
1355 145 1446 185 AM

188 265 242 295 Du
257 264 372 295 Mons.
390 253 506 294 tricis
536 253 748 294 facultatis
779 253 926 303 eludit,
952 253 1017 293 vel
1048 253 1093 292 in
1121 251 1268 293 eadem
1299 248 1575 296 attenuanda,
1605 247 1770 302 quoties
1798 247 1851 289 ob

203 307 354 381 22¹⁰&
390 320 670 362 visciditatem
698 321 865 374 aegrius
896 320 1106 373 expuitur,
1135 318 1236 372 poni
1263 317 1468 357 videatur.
1530 315 1583 355 Id
1609 320 1724 355 certo
1754 315 1852 366 seio,

186 409 241 438 sed
255 418 319 438 non
390 390 603 430 inutiliter
643 390 688 429 in
728 389 793 429 his
833 393 1005 429 tantum
1045 386 1246 440 temporis
1281 384 1497 437 impendi,
1540 396 1853 437 nonnunquam

185 451 242 498 {¹5¹¹
258 451 296 480 ἧς
391 457 521 498 etiam
538 457 756 510 sauguinis
785 470 968 496 massam
997 469 1045 495 eo
1076 467 1211 508 usque
1242 451 1453 492 debilitari
1479 465 1503 491 a
1523 450 1700 491 retentis
1724 450 1853 503 parti-

186 503 361 571 {iiiissif'ssin
391 525 496 566 culis
527 525 608 565 seri
639 523 832 564 Naturae
863 522 1055 571 inimicis,
1077 521 1384 574 puhnonesque
1414 518 1588 571 insuper
1608 518 1730 558 Tussi
1762 517 1853 558 irri-

185 588 293 617 quare.
392 597 504 634 tatos
532 592 592 632 ita
617 590 890 645 conquassari
917 594 1039 629 motu
1060 588 1244 628 violento
1273 600 1320 627 ac
1344 586 1431 627 fere
1453 585 1669 635 continuo,
1690 590 1740 626 ut
1764 599 1854 626 non

391 674 485 700 raro
513 659 579 699 via
607 663 824 698 sternatur
845 657 897 697 ad
922 656 1079 705 tabern,
1102 669 1127 695 a
1151 655 1272 708 eujus
1301 653 1464 693 insidiis
1492 653 1708 693 celeritate
1733 666 1853 693 eura-

189 738 367 768 Sudorifica
391 726 518 768 tionis
549 739 674 778 aeger
704 724 906 765 vindicari
938 723 1156 763 debuerat.
1218 722 1372 776 Neque
1402 720 1539 761 multo
1568 720 1704 760 tutius
1736 719 1853 760 adhi-

185 781 374 853 ζζοζᾏξῑὶζζ
393 795 550 834 bentur
567 793 800 840 sudorifica,
818 807 842 832 a
858 806 1042 846 quorum
1056 805 1137 831 usu
1159 803 1284 842 aeger
1299 802 1612 843 nonnunquam
1632 788 1677 827 in
1693 787 1855 828 febrem

187 871 261 895 tur:
393 861 554 910 incidit,
572 874 886 914 nonnunquam
908 859 1034 899 etiam
1055 857 1287 910 particulae
1309 856 1528 908 sanguinis
1548 855 1669 896 facile
1690 855 1854 895 infiam-

187 954 278 983 saepe
296 944 335 973 iis
392 928 567 968 mabiles
607 928 668 967 ita
703 928 874 980 pleurae
914 927 1213 980 impinguntur
1252 930 1302 965 ut
1343 924 1599 965 accendatur
1638 923 1854 977 pleuresis,

185 986 369 1067 {fffissfflm
393 994 508 1049 quod
524 1008 597 1047 per
612 993 838 1034 decursum
855 993 992 1034 dietae
1014 993 1157 1033 Tussis
1179 992 1451 1045 Epidemicae
1472 990 1639 1044 ingenti
1659 990 1700 1030 vi
1719 989 1854 1030 homi-

392 1076 499 1102 num
521 1075 618 1102 eum
641 1075 716 1102 suo
738 1075 894 1114 magno
916 1061 1101 1115 periculo
1124 1060 1317 1113 contigit.

188 1132 373 1180 Mitssosan-
457 1129 565 1183 [46]
607 1129 837 1182 Sanguinis
858 1129 1002 1182 itaque
1024 1143 1046 1170 e
1066 1128 1239 1169 brachio
1257 1127 1384 1168 eduxi
1406 1126 1691 1180 quantitatem
1712 1124 1855 1165 mode-

187 1180 342 1256 {gfsnpegsst
392 1200 529 1236 ratam
542 1213 553 1246 3
587 1195 888 1249 epispastieum
920 1195 1020 1236 satis
1043 1195 1232 1248 amplum
1254 1209 1301 1236 ae
1322 1195 1432 1235 forte
1452 1193 1678 1247 posteriori
1705 1193 1857 1234 cervici

187 1259 380 1341 ἓῐξζὲἒξὲὲᾶθ
394 1265 693 1318 applicandum
718 1265 873 1315 curavi,
897 1280 980 1318 quo
1007 1265 1210 1306 materiae
1241 1265 1456 1318 peccantis
1480 1278 1577 1317 pars
1608 1264 1750 1317 aliqua
1775 1263 1857 1303 alio

189 1325 355 1373 catharti-’
395 1333 573 1373 derivari
593 1333 723 1386 possit
740 1349 747 1372 :
780 1333 980 1385 posthaec
1002 1332 1282 1373 catharticum
1299 1346 1321 1372 e
1335 1331 1580 1381 lenioribus,
1598 1330 1857 1370 infusionem

399 1401 556 1441 scilieet
579 1414 749 1449 sennac,
765 1400 871 1450 rhei,
889 1414 986 1440 cum
1006 1414 1178 1449 manna,
1197 1405 1238 1440 et
1260 1413 1415 1453 syrupo
1432 1412 1624 1439 rosarum
1642 1398 1854 1447 solum-0³,

398 1467 586 1520 quotidie
618 1467 803 1517 exhibui,
838 1467 971 1508 donec
1002 1468 1067 1507 vel
1097 1482 1268 1521 prorsus
1297 1467 1605 1508 convalesceret
1633 1480 1771 1520 aeger,
1792 1466 1858 1506 vel

398 1535 627 1575 admodum
659 1535 1017 1575 imminuerentiu·
1046 1540 1330 1588 symptomata
1345 1552 1357 1585 3
1392 1535 1470 1584 vel,
1501 1534 1535 1574 si
1567 1534 1684 1588 potio
1715 1534 1858 1573 minus

398 1617 523 1656 aegro
545 1603 760 1653 arrideret,
782 1603 1010 1656 pilularum
1031 1602 1272 1644 cochiarum
1288 1602 1498 1655 majorum
1519 1600 1736 1654 scrupulos
1753 1599 1859 1640 duos

398 1669 586 1722 quotidie
612 1669 871 1710 devorandos
896 1669 1110 1722 imperavi,
1136 1669 1241 1710 hora
1269 1669 1426 1710 seilicet
1455 1668 1606 1722 quinta
1631 1667 1857 1718 matutina,

401 1736 792 1790 superdormiendo.

197 1819 260 1848 qua
276 1808 343 1837 ⁵0¹³
460 1802 584 1858 [47]t
613 1803 707 1844 Hae
729 1803 856 1844 etiam
879 1803 1091 1854 methodo,
1114 1803 1417 1857 (phlebotomia
1438 1804 1595 1844 scilicet
1617 1808 1659 1844 et
1679 1804 1860 1858 repetita

195 1851 379 1932 {¹123}ssssss
400 1871 610 1924 catharsi,)
637 1885 768 1924 eaque
791 1872 889 1921 sola,
906 1878 1175 1925 expugnatur
1194 1872 1322 1912 tussis
1343 1886 1571 1925 puerorum
1593 1872 1833 1913 convulsiva
1845 1889 1858 1922 ;

190 1396 263 1415 cum
281 1396 351 1425 pro-

189 1428 334 1468 pinetur:

194 1946 381 2007 ‘⁰¹'llf.¹¹}⁰0¹‘·
399 1939 560 1978 malum
600 1939 701 1979 alias
741 1939 1127 1992 pertinacissimum
1169 1944 1211 1980 et
1254 1954 1364 1992 pene
1403 1939 1700 1993 insuperabile.
1773 1939 1861 1980 Alii

194 1988 365 2060 ἔξρῗὲῖα-
400 2006 501 2059 quid
521 2007 687 2046 valeant
711 2006 780 2046 hic
810 2011 1037 2059 praestare,
1063 2008 1188 2060 plane
1212 2007 1355 2048 nescio
1367 2025 1379 2058 3
1410 2022 1479 2048 me
1510 2008 1556 2047 in
1579 2007 1704 2047 variis
1733 2012 1860 2061 atque

196 2068 254 2093 tur.
397 2074 534 2114 omnis
570 2074 657 2114 fere
694 2074 860 2127 generis
895 2075 1093 2115 remediis
1129 2089 1299 2128 operam
1334 2089 1422 2116 non
1456 2075 1586 2115 semel
1613 2074 1859 2128 perdidisse,

398 2141 497 2181 satis
534 2141 632 2182 scio.
696 2142 781 2182 Sed
814 2142 977 2182 leniora
1007 2148 1179 2183 tantum
1212 2143 1443 2183 cathartica
1482 2142 1551 2183 hic
1583 2142 1856 2192 conveniunt,

396 2222 528 2261 eaque
550 2209 800 2250 cochleatim
827 2215 928 2250 sunt
948 2210 1195 2263 ingerenda,
1209 2201 1293 2263 'pro
1319 2211 1485 2251 ratione
1507 2210 1671 2250 aetatis.
1736 2209 1859 2250 Quae

398 2275 570 2328 quidem
607 2277 699 2316 κατ’
735 2275 958 2332 ἐπίκρασιν
993 2277 1209 2318 evacuatio
1242 2291 1290 2318 eo
1330 2277 1504 2317 nomine
1544 2277 1608 2329 (ut
1644 2275 1856 2329 arbitror,)

397 2343 534 2384 dictae
555 2344 663 2384 tussi
683 2344 892 2395 medetur,
912 2345 1025 2398 quod
1047 2345 1218 2395 scilicet,
1240 2345 1339 2385 lieet
1359 2359 1448 2385 non
1461 2344 1648 2385 multum
1668 2344 1860 2384 humoris

397 2411 526 2450 serosi
546 2411 591 2451 in
612 2412 885 2465 pulmonibus
905 2412 1161 2462 inveniatur,
1184 2412 1427 2453 fervidiores
1454 2418 1600 2452 tamen
1622 2418 1665 2452 et
1689 2412 1859 2465 spiritu-

396 2478 456 2517 osi
479 2478 634 2519 halitus
657 2494 679 2519 e
710 2494 848 2519 massa
879 2479 1098 2533 sanguinis
1125 2480 1171 2519 in
1195 2479 1419 2533 pulmones
1445 2479 1566 2519 statis
1595 2479 1859 2532 temporibus

396 2548 634 2587 transmissi
669 2549 895 2588 atrociores
930 2548 1023 2588 illos
1059 2547 1268 2588 tussiendi
1304 2560 1576 2601 paroxysmos
1612 2547 1657 2586 in
1689 2545 1859 2587 tenellis

399 2614 585 2654 excitent
603 2631 613 2663 ;
647 2614 800 2654 horum
831 2621 975 2655 autem
997 2615 1042 2654 in
1070 2615 1291 2668 pulmones
1317 2615 1501 2667 impetus
1522 2614 1638 2654 haud
1666 2614 1748 2654 alia
1771 2627 1858 2654 me-

397 2680 527 2721 thodo
559 2696 690 2734 aeque
717 2682 809 2722 sisti
829 2697 950 2735 posse
978 2683 1146 2723 videtur
1167 2688 1208 2723 et
1234 2683 1484 2736 praecaveri,
1508 2687 1635 2735 atque
1661 2682 1754 2731 hae,
1777 2695 1861 2734 qua

397 2753 537 2787 motus
568 2749 696 2802 priori
727 2751 964 2791 contrarius
1000 2752 1089 2804 (per
1119 2751 1277 2791 viscera
1319 2750 1506 2802 scilicet,)
1541 2749 1677 2790 morbi
1709 2763 1859 2790 causae

399 2815 664 2856 conciliatur.

441 2902 450 2914 ⁸
476 2898 524 2928 Cf.
544 2899 667 2931 sermm.
687 2904 716 2933 8.
735 2905 783 2938 :a
803 2904 859 2933 ἃς,
987 2907 994 2926 ¹
1021 2904 1070 2933 Cf.
1091 2905 1210 2933 observ.
1229 2904 1309 2933 Med.
1328 2903 1366 2933 iv.
1387 2905 1413 2932 5.
1432 2905 1469 2937 83
1490 2904 1622 2932 From-ss.
1644 2903 1700 2931 Iul.
1720 2912 1745 2931 c.
1764 2903 1815 2931 44.
