1985 3308
180 780 454 829 EPISTOLA
489 778 882 827 DEDICATORIA
917 778 1215 825 EDITIONIS
1254 778 1494 825 PRIMAE.

274 1018 639 1049 ILLUSTRISSIMO
666 1018 725 1048 ET
750 1018 1201 1048 EXCELLENTISSIMO
1228 1018 1419 1048 DOMINO

500 1143 587 1188 Dno
627 1143 914 1191 ROBERTO
954 1143 1172 1190 BOYLE.

177 1292 372 1340 USQUE
392 1293 491 1334 adeo
514 1293 704 1333 bonorum
726 1293 1010 1344 doctorumque
1031 1292 1186 1331 animos
1213 1293 1406 1344 quicquid
1425 1293 1482 1332 ad
1504 1294 1569 1343 Te,

120 1360 194 1400 Vir
222 1360 480 1413 undiquaque
521 1360 798 1409 Nobilissime,
833 1372 987 1412 quoquo
1017 1359 1134 1398 modo
1166 1360 1378 1410 pertinere
1414 1362 1570 1412 conspi-

112 1428 230 1478 citur,
252 1432 428 1469 attentos
448 1429 635 1469 continuo
655 1428 794 1468 reddit
814 1431 853 1467 et
873 1430 1140 1478 experrecto-3,
1161 1431 1207 1466 ut
1227 1440 1294 1467 eos
1306 1429 1572 1479 praevideam

109 1496 251 1536 statim
291 1497 554 1548 coynoscendi
594 1496 746 1545 avidos,
787 1495 930 1549 quibus
971 1495 1128 1534 demum
1163 1493 1305 1546 fretus
1344 1495 1572 1535 rationibus

111 1563 301 1603 Nominis
326 1564 401 1603 Tui
428 1565 543 1616 lonqe
569 1563 816 1604 celeberrimi
842 1562 1132 1602 authoritatem
1163 1562 1220 1601 ad
1247 1563 1410 1614 hujusce
1440 1564 1573 1614 operis

102 1631 383 1681 patrocinium
423 1632 620 1671 asciscere
655 1631 926 1670 sustinuerim.
1004 1630 1114 1676 Quid
1141 1630 1330 1681 plerique
1364 1631 1407 1669 in
1446 1631 1573 1671 simili.

112 1698 271 1750 negotio
297 1711 379 1750 pro
414 1712 524 1738 more
560 1699 724 1738 causari
758 1699 926 1746 soleant,
958 1710 1019 1736 me
1049 1697 1284 1749 neutiquam
1302 1697 1430 1749 fuqit.
1493 1698 1572 1737 Est

110 1777 208 1804 sane
238 1766 347 1817 quod
372 1779 443 1817 eqo
478 1766 671 1818 (perinde
702 1778 751 1805 ac
770 1765 936 1817 faciunt
964 1765 1066 1816 alii,)
1092 1765 1141 1804 de
1170 1765 1308 1804 multis
1338 1765 1574 1817 maqnisque

117 1832 213 1871 Tuis
233 1845 330 1885 erqa
355 1846 417 1872 me
441 1834 598 1874 meritis
613 1834 759 1885 palam
777 1833 930 1885 populo
957 1833 1220 1872 commentari
1233 1845 1395 1883 possem
1408 1849 1421 1879 ,·
1454 1836 1574 1884 atque

112 1900 248 1949 etiam,
265 1901 380 1952 qrati
402 1901 528 1940 animi
557 1902 758 1953 specimen
785 1901 969 1950 daturus,
992 1900 1157 1939 honoris
1184 1913 1234 1939 ac
1261 1900 1392 1939 cultus
1419 1914 1494 1952 quo
1521 1901 1574 1939 Te

103 1979 331 2019 prosequor
370 1968 612 2008 duraturum
652 1968 820 2020 aliquod
856 1971 1154 2007 monumentum
1193 1968 1317 2006 multo
1362 1967 1574 2006 verborum

113 2037 316 2084 apparatu
356 2036 633 2075 architectari.
696 2035 824 2087 Atqui
865 2034 1060 2086 ejusmodi
1098 2035 1321 2083 consilium,
1355 2034 1415 2086 (ut
1450 2034 1574 2074 libere

104 2099 335 2151 profitear;)
360 2101 404 2140 in
428 2101 481 2140 Te
511 2105 596 2141 tam
614 2101 893 2152 praefidenter
912 2101 1221 2152 interpellando,
1244 2101 1295 2139 ab
1324 2103 1456 2140 animo
1486 2115 1572 2141 meo

103 2168 254 2218 procul
287 2165 430 2219 abfuit.
490 2168 541 2207 In
571 2169 785 2207 immensas
818 2168 957 2206 laudes
991 2167 1098 2206 Tuam
1128 2167 1366 2206 descendere
1398 2181 1477 2207 non
1509 2169 1570 2207 in-

111 2235 241 2284 stitui,
263 2239 335 2275 aut
365 2236 537 2275 eoeimias
569 2236 696 2274 animi
730 2235 854 2284 dotes,
883 2235 1025 2286 quibus
1054 2235 1389 2274 decantatissima
1417 2236 1568 2275 anteri-

113 2315 227 2342 orum
261 2306 442 2343 aetatum
480 2303 644 2342 nomina
674 2316 777 2342 unus
812 2315 1026 2354 ea‘aequas,
1061 2302 1320 2354 (uberrimam
1354 2316 1451 2342 sane
1486 2307 1570 2343 tum

111 2371 291 2410 mihimet
310 2371 403 2422 ipsi,
426 2374 510 2410 tum
531 2371 642 2421 operi
666 2384 750 2410 meo
772 2370 1050 2422 qualicunque,
1073 2369 1335 2421 honorificam
1347 2370 1572 2423 praefandi

112 2439 354 2490 materiam,)
379 2438 610 2477 edisserere.
654 2437 873 2476 Enimvero
894 2436 942 2476 id
960 2437 1089 2487 ipsum
1107 2437 1325 2476 Tractatus
1345 2451 1370 2476 a
1396 2438 1449 2477 Te
1457 2438 1570 2489 jam-

103 2505 269 2556 pridem
288 2506 332 2545 in
352 2506 478 2545 lucem
498 2505 633 2544 emissi
652 2505 888 2556 plenissime
913 2504 1141 2556 loquuntur,
1164 2517 1235 2543 nec
1256 2505 1337 2544 alio
1363 2504 1453 2544 Tibi
1474 2518 1572 2557 opus

100 2571 293 2624 futurum
312 2576 372 2612 est
386 2585 600 2623 praecone,
623 2572 736 2623 cujus
755 2571 1006 2611 subsidiaria
1027 2584 1105 2611 vooe
1126 2571 1316 2610 Nominis
1342 2571 1416 2611 Tui
1447 2573 1568 2611 clari-

113 2643 237 2680 tatem
257 2639 508 2692 amplificare
527 2643 704 2691 sataqat.
770 2639 967 2685 Quocirca
997 2639 1107 2677 tritis
1134 2639 1242 2677 hisce
1250 2639 1420 2690 jamque
1442 2641 1569 2678 trala-

113 2707 218 2747 titiis
229 2706 452 2759 praefandi
473 2707 721 2758 arqumentis
740 2706 848 2745 ultro
871 2705 1109 2756 repudiatis,
1127 2718 1188 2744 me
1208 2706 1446 2745 Tractatum
1466 2707 1572 2747 hunc

113 2773 202 2814 ideo
223 2775 267 2814 in
282 2775 506 2814 clientelam
526 2774 651 2812 Tuam
668 2774 825 2812 dedisse
837 2772 1048 2824 profiteor,
1059 2776 1280 2824 propterea
1301 2773 1418 2825 quod,
1437 2787 1569 2826 quem-

114 2841 329 2881 admodum
344 2855 413 2894 eyo
432 2842 513 2881 Tuo
529 2854 651 2895 suasu
665 2844 784 2892 atque
800 2840 992 2879 instinctu
1008 2840 1113 2878 hanc
1124 2841 1381 2890 provinciam
1401 2843 1570 2893 suscepi,

114 2908 174 2947 ita
195 2909 318 2949 etiam
339 2922 474 2949 eorum
496 2922 596 2961 quae
617 2909 682 2947 hic
699 2908 909 2947 traduntur
940 2908 1146 2946 veritatem
1169 2911 1207 2947 et
1229 2908 1448 2960 efficaciam
1474 2909 1572 2948 Tute
