1985 3308
414 136 437 173 5
446 136 499 174 14
829 137 1085 179 THOMAE
1120 137 1459 179 SYDENHAM

215 250 391 280 hnk‘mmn
414 254 520 293 quae
550 246 792 294 turgescere
819 248 861 283 et
888 257 963 296 per
991 242 1221 283 interstitia
1250 242 1428 294 pustulis
1452 241 1674 295 interjecta
1705 241 1870 282 inflam-

224 293 386 363 PuEmA
413 308 520 348 mari
542 308 746 350 debuerat
766 310 905 360 facies,
927 310 1099 350 flaccida
1129 324 1151 349 0
1179 316 1326 349 contra
1345 308 1564 361 reperitur,
1587 314 1629 349 et
1651 308 1871 349 albescunt

411 375 652 426 interstitia,
677 377 775 417 licet
808 377 979 417 interim
1003 376 1230 416 rubescant
1260 376 1454 428 pustulae
1484 381 1611 428 atque
1642 375 1869 425 eleventur,

411 443 540 483 etiam
564 450 658 497 post
687 445 802 497 aegri
829 450 1023 485 mortem.
1087 443 1174 485 Qui
1209 444 1263 483 ad
1295 444 1409 483 hunc
1441 457 1573 496 usque
1605 443 1716 483 diem
1751 442 1871 482 nullo
1932 473 1934 477 ,

410 511 582 563 negotio
603 517 846 551 manaverat
868 511 1007 560 sudor,
1025 512 1117 564 jam
1138 511 1279 550 subito
1301 524 1458 563 suaque
1475 515 1625 562 sponte
1646 508 1868 557 evanescit,

408 592 545 630 neque
566 578 760 618 remediis
781 578 878 618 ullis
907 578 1119 628 cardiacis,
1139 578 1206 618 vel
1232 578 1361 617 etiam
1390 576 1665 626 calidissimis,
1685 575 1871 617 revocari

406 651 559 698 potest.
620 647 760 698 Aeger
791 645 963 685 interim
990 645 1232 699 phrenitide
1260 645 1496 698 corripitur,
1529 645 1754 695 anxietate,
1780 645 1869 698 jac-

406 713 580 762 tatione,
612 712 878 765 aegritudine
903 712 1226 753 vehementibus
1241 729 1253 762 3
1285 712 1455 752 urinam
1486 726 1611 766 parce
1645 712 1786 752 reddit
1821 726 1869 752 ac

405 779 648 832 frequenter
664 797 674 829 ;
708 793 756 820 ac
780 780 955 820 tandem
986 779 1334 832 paucissimarum
1363 779 1564 820 horarum
1598 779 1733 832 spatio
1765 779 1867 819 ami·

406 861 551 887 corum
585 860 702 899 spem
732 846 853 897 fallit,
887 852 929 887 et
960 847 1013 887 ad
1040 847 1182 900 plures
1213 847 1423 900 migrat:”
1455 847 1624 900 quando
1654 846 1767 887 idem
1796 847 1867 887 ille

405 915 494 954 sine
515 914 602 954 ullo
623 914 732 954 vitae
752 914 938 967 periculo
967 929 991 954 a
1018 914 1166 956 morbo
1191 914 1484 964 convaluisset,
1508 915 1543 954 si
1562 915 1755 956 Naturae
1775 928 1866 955 rem

404 982 675 1022 committens
697 982 804 1021 1111111
826 996 870 1022 se
890 996 1058 1035 prorsus
1078 982 1276 1034 regimini
1297 982 1556 1036 subiecisset.

469 1050 546 1102 [3.]
584 1051 643 1089 At
660 1049 705 1089 in
722 1050 992 1090 Variolarum
1014 1050 1333 1090 Confluentium
1355 1063 1509 1102 genere
1528 1050 1655 1103 longe
1677 1050 1800 1090 aliter
1820 1063 1864 1090 se

402 1132 468 1157 res
490 1117 618 1158 habet
638 1135 645 1157 :
680 1118 778 1158 licet
797 1115 921 1176 ‘enim
948 1117 1027 1158 hae
1053 1117 1151 1171 (nisi
1175 1117 1395 1170 sanguinis
1424 1117 1508 1157 sive
1535 1131 1609 1170 per
1628 1118 1864 1170 pulmoneS,

403 1185 487 1224 sive
508 1198 583 1237 per
603 1190 769 1225 meatus
790 1184 1012 1235 urinarios,
1031 1185 1214 1225 excretio
1234 1185 1381 1238 primis
1398 1185 1546 1225 diebus
1567 1184 1766 1237 accedat,)
1786 1198 1866 1225 1100

403 1252 619 1293 adstantes
642 1252 873 1293 admodum
893 1252 1254 1306 perterrefaciant,
1275 1267 1354 1293 nec
1376 1266 1551 1305 aegrum
1571 1252 1617 1292 in
1638 1252 1863 1293 discrimen

403 1321 571 1374 aliquod
592 1321 701 1361 vitae
729 1320 943 1361 adducant
974 1320 1027 1361 ad
1053 1321 1211 1374 primos
1238 1321 1378 1361 morbi
1402 1321 1490 1361 dies
1503 1338 1514 1370 3
1545 1326 1692 1374 postea
1718 1325 1864 1361 tamen

401 1389 491 1428 istis
514 1388 675 1438 diebus,
698 1388 776 1428 sub
798 1387 936 1428 morbi
957 1388 1085 1438 exitu,
1109 1387 1261 1442 quibus
1283 1402 1458 1441 aegrum
1488 1388 1672 1428 maxime
1698 1387 1862 1441 pericli-

401 1456 482 1495 tari
498 1456 588 1508 jam
609 1456 710 1496 olim
730 1455 892 1505 monui,
914 1455 975 1495 ita
995 1455 1223 1508 derepente
1252 1456 1305 1495 ad
1325 1456 1476 1496 incitas
1496 1455 1704 1508 redigitur
1724 1468 1861 1508 aeger,

403 1529 450 1563 ut
472 1538 527 1563 an
546 1524 642 1573 vita,
666 1538 721 1563 an
742 1537 868 1572 mors,
890 1523 1151 1576 insequatur,
1173 1524 1331 1577 pariter
1350 1524 1560 1564 incertum
1583 1523 1649 1563 sit.
1699 1522 1777 1576 [4.]
1807 1523 1862 1563 In

402 1592 554 1631 horum
582 1605 759 1632 numero
788 1590 1064 1631 undecimum
1084 1605 1196 1644 pono
1221 1591 1272 1643 (si
1301 1606 1325 1632 a
1354 1591 1490 1645 primo
1511 1590 1649 1631 morbi
1673 1590 1861 1630 insultu¹

402 1662 650 1712 computes,)
676 1660 833 1701 scilicet
857 1659 903 1711 in
924 1659 1099 1700 minime
1127 1659 1270 1709 crudo,
1294 1664 1337 1700 at
1361 1659 1544 1699 maxime
1564 1659 1728 1712 vulgari
1750 1659 1860 1699 Con-

402 1727 628 1767 fluentium
659 1741 826 1780 genere,
849 1727 1061 1768 decimum
1093 1733 1292 1781 quartum
1319 1727 1365 1768 in
1394 1727 1586 1767 crudiore
1617 1726 1766 1777 adhuc,
1789 1727 1860 1767 de-

401 1795 560 1834 cimum
585 1795 814 1847 septimum
843 1809 940 1835 vero
965 1795 1011 1835 in
1042 1795 1235 1836 omnium
1264 1809 1371 1847 quae
1398 1794 1555 1848 passim
1586 1793 1732 1834 obviae
1759 1799 1860 1834 sunt

402 1876 556 1915 genere
577 1862 839 1903 crudissimo.
899 1863 1085 1903 Tametsi
1107 1876 1232 1915 aeger
1252 1876 1562 1914 nonnunquam
1583 1861 1672 1914 (sed
1691 1860 1857 1915 rarius,)

401 1944 487 1970 11011
513 1936 612 1970 ante
641 1929 753 1969 diem
773 1929 1019 1970 vicesimum
1049 1929 1236 1983 primum
1264 1929 1353 1970 fato
1384 1929 1655 1982 defungatur,
1676 1929 1859 1982 pustulis

399 2012 530 2050 usque
552 1997 606 2037 ad.
625 1997 670 2036 id
691 2002 860 2050 tempus
891 1997 951 2038 ita
974 1997 1219 2038 incrustatis
1248 1997 1560 2050 exsiccatisque‚
1583 2002 1625 2037 et
1645 1996 1691 2036 in
1711 2010 1859 2037 carnes

400 2065 518 2117 quasi
537 2065 744 2117 impactis,
762 2064 943 2105 maxime
959 2065 1005 2104 in
1020 2065 1112 2118 ipsa
1131 2064 1248 2114 facie,
1266 2070 1315 2105 ut
1337 2064 1389 2104 ad
1411 2063 1719 2117 separationem
1739 2063 1859 2104 nulla

398 2139 488 2173 arte
514 2138 672 2186 queant
700 2132 886 2185 perduci.
947 2133 1007 2173 At
1028 2146 1126 2173 vero
1155 2132 1382 2173 undecimo
1404 2132 1471 2172 die
1502 2145 1628 2184 aeger
1647 2136 1697 2171 ut
1726 2131 1856 2184 pluri-

397 2214 515 2239 mum
550 2200 737 2252 primum
769 2200 996 2253 periclitari
1029 2200 1207 2250 videtur,
1241 2200 1357 2240 febre
1390 2199 1607 2249 atrociore,
1643 2198 1856 2251 inquietu-

397 2267 508 2317 dine,
539 2268 713 2320 aliisque
742 2267 1049 2321 symptomatis,
1073 2281 1159 2307 una
1191 2266 1505 2316 invadentibus,
1535 2280 1642 2319 quae
1674 2271 1856 2306 mortem

396 2334 441 2373 in
466 2334 701 2387 propinquo
730 2348 819 2374 esse
841 2334 1102 2375 denunciant
1115 2352 1126 2384 3
1160 2349 1183 2374 a
1205 2349 1288 2387 qua
1313 2347 1449 2387 aeger,
1471 2333 1554 2373 nisi
1579 2335 1663 2374 Ars
1684 2333 1857 2374 Medica

394 2405 690 2455 intercesserit,
722 2405 972 2457 plerumque
1003 2404 1268 2458 opprimitur.
1331 2403 1458 2445 Quod
1490 2403 1523 2443 si
1554 2404 1634 2444 1100
1665 2403 1732 2443 (110
1767 2417 1855 2444 11011

395 2473 642 2513 succumbat
673 2472 835 2522 morbo,
865 2472 1034 2525 utrique
1055 2472 1116 2511 illi
1142 2472 1406 2525 posterioreS,
1433 2485 1537 2524 quos
1564 2470 1853 2520 indicavimus,

394 2542 532 2581 adhuc
563 2541 783 2581 metuendi
803 2545 979 2580 restant.
1043 2540 1261 2589 Quinimo,
1290 2554 1365 2593 per
1395 2538 1579 2591 spatium
1601 2538 1707 2578 illud
1727 2551 1854 2578 omne

395 2609 506 2661 quod
540 2609 652 2648 inter
693 2608 968 2648 undecimum
1010 2613 1052 2648 et
1094 2607 1307 2647 decimum
1348 2606 1577 2660 septimum
1615 2605 1851 2658 interjacet,

394 2682 620 2729 appetente
655 2688 839 2727 vespera,
872 2673 1170 2714 molestissimo
1210 2672 1519 2726 inquietudinis
1550 2671 1670 2724 quasi
1703 2685 1851 2724 parox-

393 2759 512 2796 ysmo
535 2743 722 2796 quotidie
751 2749 937 2791 vexatur,
961 2748 1003 2781 et
1031 2756 1144 2782 mors
1168 2741 1286 2794 quasi
1313 2741 1352 2780 vi
1379 2746 1421 2781 ct
1447 2739 1574 2780 armis
1601 2739 1849 2792 protelatur.

402 2810 479 2863 [5.]
520 2811 649 2851 Porro
681 2810 861 2859 ostendi,
894 2810 1003 2849 hanc
1035 2823 1204 2849 eausam
1237 2822 1326 2848 csse
1357 2807 1524 2861 majoris
1552 2805 1775 2847 minorisve
1806 2805 1851 2845 in

900 2898 913 2911 ¹
941 2894 988 2923 Cf.
1007 2895 1135 2923 Dissere.
1154 2894 1254 2931 Epist.
1272 2895 1285 2930 ᾗ
1305 2894 1333 2922 ὀ.
