1985 3308
206 261 388 290 Vsmonu:

208 303 388 334 usurum.

206 347 387 376 Asxonuu

231 389 365 419 ’σῖ-’δελ

208 2146 313 2175 Morbi

206 2189 394 2227 magnitudo

208 2231 291 2260 unde
299 2231 392 2261 aesti-

208 2274 331 2304 manda.

411 146 492 185 124
820 145 1075 186 ΤΗΟΜΑΕ
1109 145 1447 186 SYDENHAM

409 264 486 303 que
517 251 853 292 circumstantias
876 265 978 305 quas
1006 252 1226 305 utriusque
1253 251 1429 291 historia
1458 250 1585 302 longe
1611 248 1663 289 ab
1684 247 1866 288 invicem

408 318 691 372 discrepantes
724 319 907 369 exhibet,
940 319 1084 359 sedulo
1120 320 1309 359 animum
1346 317 1583 366 adverterit,
1615 315 1730 356 haud
1760 314 1866 354 diffi-

408 386 542 428 culter
572 387 685 428 hunc
721 387 773 428 ab
804 387 875 428 illo
908 386 1270 427 discriminaverit.
1332 386 1558 426 Crescente
1589 383 1750 433 morbo,
1779 397 1867 423 non

407 453 452 493 in
468 453 622 494 molem
639 454 821 506 aliquam
839 452 1122 506 spectabilem,
1139 453 1203 492 uti
1219 452 1450 502 Discretae‚
1471 451 1738 500 attolluntur,
1762 463 1868 503 quae

406 520 557 561 faciem
592 522 838 574 praesertim
875 533 1154 573 occupaver03
1206 526 1248 559 at
1290 520 1369 559 sibi
1407 519 1588 559 invicem
1625 517 1868 571 implicitae,

407 588 543 640 primo
564 602 606 628 se
627 588 786 628 habent
814 588 948 627 instar
977 588 1181 628 vesiculae
1209 587 1361 628 rubrae
1388 588 1554 628 vultum
1578 600 1748 627 omnem
1769 599 1869 626 con-

407 655 604 708 tegentis,
639 669 764 708 quem
796 655 1003 694 matmius
1039 655 1167 695 etiam
1207 655 1252 695 in
1291 661 1503 695 tumorem
1539 654 1704 694 elevant
1741 667 1868 706 quam

409 721 544 761 solent
566 722 784 762 Discretae
798 738 809 770 3
842 721 952 770 dein,
968 721 1021 760 ad
1036 721 1171 760 instar
1184 720 1404 773 pelliculae
1425 720 1544 760 albae
1564 719 1702 759 vultui
1722 718 1869 771 agglu-

406 788 579 837 tinatae,
618 789 783 828 solitam
819 789 927 828 cutis
969 788 1230 840 superficiem
1266 800 1353 827 non
1388 787 1573 828 multum
1609 790 1868 840 superantes.

415 855 521 908 [10.]
562 856 850 908 Praeterlapso
872 855 938 895 die
960 862 1118 904 octavo,
1135 855 1330 908 pellicula
1351 854 1445 895 alba
1462 853 1650 908 quotidie
1665 853 1870 907 paulatim

407 922 540 974 magis
572 928 843 974 exasperattu·
869 921 1013 975 judice
1045 921 1191 974 digito,
1213 927 1255 961 et
1287 922 1340 962 ad
1370 921 1551 962 colorem
1580 921 1761 971 fuscum,
1782 935 1871 962 non

405 1003 503 1029 vcro
524 989 691 1039 flamm,
712 996 761 1029 ut
789 990 835 1029 111
856 989 1060 1029 Discretis
1083 988 1256 1029 accidit¹
1273 1007 1284 1039 3
1316 989 1601 1029 intenduntur
1621 989 1756 1029 indies
1776 993 1871 1028 tum

406 1058 619 1110 asperitas,
660 1064 754 1097 tum
796 1058 923 1098 etiam
965 1058 1074 1098 cutis
1114 1057 1239 1107 color,
1291 1057 1424 1098 donec
1463 1057 1638 1098 tandem
1676 1056 1872 1110 pellicula

407 1123 518 1164 dicta
556 1124 778 1164 latioribus
818 1124 986 1164 laminis
1027 1125 1340 1178 desquamatur,
1382 1124 1494 1178 quod
1532 1125 1578 1164 in
1619 1124 1871 1178 quibusdam

405 1193 526 1233 facici
557 1193 761 1246 partibus,
794 1193 829 1233 si
859 1193 1032 1234 morbus
1061 1193 1343 1234 truculentior
1372 1193 1514 1243 fuerit,
1546 1206 1634 1234 non
1664 1192 1747 1232 nisi
1776 1197 1872 1245 post

406 1261 651 1300 vicesimum
673 1261 785 1301 diem
807 1261 911 1301 solet
939 1262 1200 1314 contingere.
1264 1260 1437 1301 Quanto
1465 1260 1689 1300 atrociores
1713 1258 1871 1299 fuerint

408 1328 615 1378 Yariolae,
651 1334 772 1368 tanto
812 1330 947 1381 magis
987 1329 1181 1382 pustulae
1221 1333 1555 1369 maturescentes
1596 1327 1650 1368 ad
1689 1327 1872 1368 colorem

409 1394 655 1435 subfuscum
675 1401 870 1448 vergunt,
891 1401 1012 1436 tanto
1035 1396 1163 1436 etiam
1190 1397 1359 1446 lentius,
1382 1397 1417 1437 si
1437 1410 1513 1437 suo
1532 1401 1712 1437 utantur
1733 1395 1872 1448 genio,

409 1461 666 1511 abscedunt;
715 1469 764 1502 ut
799 1477 820 1502 e
856 1469 1015 1513 contra,
1049 1470 1208 1517 quanto
1238 1465 1380 1504 minus
1421 1463 1715 1512 confluxerint,
1750 1467 1872 1502 tanto

410 1528 543 1580 magis
575 1534 615 1568 et
646 1529 889 1578 flavescunt,
912 1535 953 1569 et
986 1544 1028 1569 se
1059 1544 1187 1583 ocyus
1220 1531 1472 1584 proripiunt.
1536 1529 1740 1572 Pellicula
1768 1529 1873 1570 haec

410 1608 484 1634 seu
521 1594 679 1635 scabies
720 1596 862 1635 omnia
892 1596 1135 1649 pervadens,
1172 1598 1246 1638 ubi
1285 1599 1470 1651 primum
1507 1598 1721 1647 deciderit,
1754 1596 1873 1637 nulla

411 1662 581 1714 quidem
602 1662 794 1703 scabritie
822 1663 987 1703 1111111111
1017 1665 1170 1715 afficit,-
1204 1671 1246 1706 at
1268 1680 1365 1707 vero
1393 1681 1491 1707 mox
1518 1666 1634 1706 illam
1655 1665 1871 1718 excipiunt

410 1732 655 1784 squamulae
675 1732 950 1783 fm‘fiuaceae,
973 1734 1125 1775 indolis
1154 1749 1357 1788 perquam
1388 1736 1633 1784 corrosivae,
1657 1747 1763 1787 quae
1784 1747 1873 1774 non

409 1798 534 1839 modo
555 1800 812 1852 patentiores
845 1806 1046 1841 excavant
1067 1801 1218 1852 foveas,
1243 1817 1370 1855 quam
1396 1804 1531 1844 solent
1554 1802 1750 1843 Variolae
1772 1801 1868 1842 Dis-

409 1866 581 1915 tinctae,
613 1867 687 1906 sed
717 1868 846 1907 etiam
880 1867 1030 1908 facicm
1066 1869 1331 1910 cicatricibus
1361 1870 1481 1911 foede
1513 1870 1754 1923 deturpant.
1817 1869 1873 1909 In

411 1933 729 1974 Confluentium
755 1949 920 1987 genere,
944 1936 977 1975 si
999 1936 1227 1976 admodum
1256 1937 1447 1977 330110111-
1468 1936 1654 1987 morbus,
1675 1936 1872 1977 humero-

411 2015 505 2040 rum
527 2002 655 2041 otiam
677 2007 717 2042 et
741 2002 851 2042 dorsi
880 2003 1064 2043 cuticula
1091 2018 1401 2058 nonnunquam
1423 2005 1679 2059 deperditur,
1700 2004 1873 2045 nudatis

411 2069 601 2121 partibus
623 2069 822 2123 subjectis
844 2071 1139 2124 expositisque.

477 2136 584 2190 [IL]
619 2137 1058 2178 Animadvertendum
1094 2144 1156 2179 est
1193 2146 1349 2190 autem,
1371 2140 1568 2181 morbum
1599 2140 1715 2181 hunc
1751 2154 1869 2194 mag-

412 2219 517 2244 num
533 2205 759 2255 aestimari,
775 2219 863 2246 non
883 2220 960 2259 pro
982 2206 1250 2247 Variolarum
1271 2207 1509 2261 frequentia
1535 2221 1641 2261 quae
1661 2207 1872 2261 reliquum

411 2284 575 2324 corpus,
593 2271 666 2312 sed
686 2286 761 2325 pro
783 2286 928 2312 earum
948 2287 1127 2315 numero
1147 2280 1318 2315 tantum
1340 2288 1446 2328 quae
1465 2274 1628 2324 faciem,
1646 2274 1846 2316 obsedere
1859 2292 1871 2326 5

412 2352 518 2391 quae
554 2340 588 2379 si
622 2339 689 2379 his
718 2345 924 2392 tanquam
954 2341 1111 2394 injecta
1141 2355 1269 2382 arena
1298 2341 1456 2394 ubique
1487 2346 1750 2394 contegatur,
1772 2346 1872 2382 utut

409 2419 567 2459 paucae
607 2412 734 2460 atque
774 2407 978 2448 discretae
1025 2409 1109 2449 sint
1150 2422 1224 2449 eae
1265 2422 1371 2462 quae
1410 2409 1456 2449 in
1495 2408 1658 2462 reliquo
1699 2422 1872 2462 corpore

411 2480 655 2524 cernuntm,
687 2475 801 2515 haud
832 2476 974 2516 minus
1009 2477 1272 2529 periclitatur
1303 2490 1427 2529 aeger
1458 2490 1585 2530 quam
1617 2476 1651 2516 si
1679 2475 1873 2517 membra

411 2542 553 2581 omnia
585 2542 715 2582 denso
746 2544 915 2595 agmine
946 2545 1228 2596 pervaserint:
1279 2551 1406 2597 atque
1436 2558 1487 2585 ex
1522 2544 1707 2595 adverso,
1739 2558 1871 2597 quan-

410 2609 605 2649 tumlibet
642 2611 772 2662 spisse
807 2617 1008 2651 truncum
1044 2617 1086 2652 et
1122 2618 1238 2652 artus
1273 2612 1581 2666 occupaverint,
1619 2613 1653 2652 si
1683 2612 1730 2652 in
1764 2611 1871 2652 facie

410 2677 585 2717 rariores
627 2679 953 2731 comparuerint,
994 2679 1129 2732 magis
1175 2680 1221 2719 in
1261 2679 1366 2719 vado
1406 2692 1472 2719 res
1513 2683 1588 2719 est.
1651 2677 1778 2720 Quod
1817 2677 1871 2719 de

408 2757 586 2784 munero
623 2744 817 2795 diximus,
855 2751 897 2786 et
930 2745 982 2786 de
1013 2746 1283 2787 Variolarum
1317 2760 1433 2787 more
1467 2752 1605 2799 potest
1642 2746 1868 2795 affirmari;

409 2810 599 2851 malus-ne
622 2812 778 2852 scilicet
799 2813 833 2852 is
855 2813 995 2863 fuerit,
1019 2827 1073 2853 au
1095 2827 1226 2863 secus,
1249 2813 1390 2853 vultus
1412 2819 1554 2866 aperte
1576 2813 1747 2854 indicat.

668 2888 673 2907 ¹
698 2891 826 2930 accidit]
847 2892 898 2921 Sic
916 2893 983 2921 edd.
998 2905 1003 2925 ς
1030 2903 1134 2921 annon
1152 2899 1258 2922 tamen
1275 2894 1391 2923 arcodi!
1409 2892 1600 2932 legendum?
