1985 3308
434 146 519 185 520
628 144 765 186 THO.
801 144 1144 186 SYDENHAM
1179 144 1390 186 SCHED.
1424 144 1638 185 MONIT.
1672 144 1735 184 II.

232 260 286 292 DE
296 261 416 292 1:333ss
624 250 757 291 Misce3
790 252 852 284 liat
884 251 997 295 pulvis
1028 250 1286 290 subfflissimus,
1319 250 1420 294 cujus
1459 250 1575 293 capiat
1608 247 1899 282 semidrachmam

243 304 269 333 P
273 313 405 334 UTRIDA
623 308 727 341 tertia
749 319 886 352 quaque
903 307 987 341 hora
1005 319 1048 341 ex
1065 307 1236 341 cochleari
1254 318 1323 339 uno
1341 306 1468 350 Syrupi
1494 305 1536 340 de
1563 305 1768 351 Symphyto,
1785 316 1902 350 super-

296 347 353 376 &c'
623 364 776 398 bibendo
793 365 987 398 cochlearia
1005 370 1155 408 quatuor
1173 363 1226 396 vel
1244 364 1399 407 quinque
1411 362 1542 408 julapii
1559 363 1734 407 sequentis
1752 377 1808 396 :—

437 456 571 498 [Form.
593 457 710 498 116.]ε
746 455 786 505 R
815 458 936 500 Aquae
955 456 1188 499 Plantaginis‚

815 513 975 557 [Aquae]
997 513 1205 546 Germinum
1224 511 1394 552 Quercus,
1411 523 1481 545 ana
1496 512 1619 544 uncias
1635 517 1715 552 tres,

809 571 932 614 Aquae
952 570 1179 603 Cinnamomi
1198 568 1400 602 Hordeatac
1418 569 1540 602 uncias
1557 568 1655 609 duaS,

811 627 938 672 Syrupi
956 626 998 661 de
1017 626 1118 660 Rosis
1137 626 1247 660 Siccis
1263 626 1405 659 unciam
1423 637 1543 667 unam,

809 684 960 729 Spiritus
994 684 1134 718 Vin-ioli
1176 684 1410 728 quantitatem
1442 683 1671 717 sufficientem
1705 683 1750 717 ad
1789 684 1898 719 levem

857 740 1058 774 aciditatem
1071 754 1078 780 ;

622 798 784 844 [Misce]

432 897 612 938 Interim
649 896 826 950 singulis
859 895 1057 936 noctibus
1093 893 1386 947 paregoricum
1418 895 1725 949 praescriptum
1761 897 1898 950 propi·

430 970 569 1006 netur.
630 964 902 1004 Emulsiones
923 963 1026 1002 item
1049 975 1099 1002 ex
1122 968 1301 1014 quatuor
1323 961 1555 1002 seminibus
1583 962 1746 1016 frigidis
1767 964 1898 1017 maj0-

428 1032 577 1083 ribusf,
605 1046 703 1073 cum
735 1030 966 1071 seminibus
997 1029 1213 1083 papaveris
1245 1029 1343 1079 albi,
1370 1043 1626 1083 magnopere
1660 1030 1897 1071 conferunt.
1936 1083 1939 1086 ‚

430 1101 633 1142 Cessante
672 1114 772 1140 vero
811 1097 1148 1150 haemorrhagia,
1180 1097 1341 1150 reliqua
1379 1111 1454 1150 per
1495 1097 1721 1138 decursum
1762 1098 1900 1140 morbi
1932 1091 1934 1093 ’

430 1174 612 1221 agantur
645 1172 771 1221 prout
808 1166 853 1206 in
896 1166 1155 1205 Variolarum
1191 1165 1326 1218 capite
1367 1165 1553 1218 [Observ.
1587 1166 1702 1206 Med.
1736 1166 1795 1206 iii.
1829 1166 1890 1220 2.]

430 1238 626 1278 traditur.

496 1304 604 1358 [14]
633 1305 877 1356 Antequam
899 1302 1028 1341 finem
1048 1301 1213 1351 faciam,
1235 1301 1315 1341 hoc
1337 1301 1556 1354 adjiciam,
1586 1302 1709 1356 quod,
1733 1304 1897 1356 quoties

431 1372 622 1425 guttulas
667 1371 826 1424 aliquot
866 1370 1060 1409 Laudam'
1109 1369 1278 1421 Liquiclz·
1328 1369 1594 1422 usurpandas
1643 1371 1896 1423 praescribo,

431 1440 687 1481 Laudanum
726 1452 846 1478 meae
887 1437 1177 1490 descriptionis
1216 1437 1422 1490 intelligo,
1465 1438 1586 1491 cujus
1631 1437 1813 1479 formula
1850 1439 1896 1480 in

430 1507 537 1547 libro
567 1511 714 1547 nostro
747 1506 816 1545 De
847 1505 1009 1544 Morbis
1040 1505 1200 1553 Aetatis,
1230 1504 1365 1556 capite
1399 1503 1450 1544 de
1478 1505 1725 1555 Dysenteria
1760 1506 1830 1559 [iv.
1853 1508 1894 1547 3.

432 1574 520 1627 14]
556 1574 762 1623 habetur;
795 1577 837 1612 et
871 1571 983 1624 quod
1012 1572 1216 1623 Syr-apum
1245 1572 1294 1611 de
1320 1571 1510 1611 Meconio
1538 1571 1659 1612 illum
1689 1573 1795 1624 volo,
1825 1575 1896 1627 qui
1923 1615 1930 1627 ,

430 1643 653 1684 conficitur
693 1656 743 1682 ex
782 1641 919 1681 unciis
961 1639 1278 1692 quatuordecim
1325 1639 1510 1693 capitum
1554 1642 1770 1694 papaveris
1811 1642 1895 1684 albi

429 1710 538 1750 bene
570 1710 834 1758 siccatorum,
867 1712 909 1748 et
944 1708 1052 1760 (post
1093 1706 1423 1748 macerationem
1454 1707 1498 1746 in
1527 1722 1659 1760 aquae
1692 1709 1894 1750 fontanae

429 1777 545 1817 libris
601 1782 696 1817 octo
741 1775 796 1816 ad
845 1775 970 1815 horas
1022 1773 1174 1827 xiginti
1226 1773 1439 1826 quatuor,)
1484 1775 1614 1827 probe
1663 1782 1892 1827 coctorum,

429 1844 527 1884 dein
569 1856 860 1897 expressorum
900 1855 1026 1894 quam
1064 1840 1290 1881 fortissime
1303 1858 1314 1890 3
1359 1855 1539 1894 quorum
1575 1842 1785 1883 colaturae
1821 1844 1892 1884 ad-

429 1911 591 1951 duntur
626 1909 812 1950 sacchari
842 1909 992 1949 unciae
1026 1907 1177 1960 viginti
1206 1913 1397 1960 quatuor,
1433 1913 1474 1949 et
1509 1908 1555 1948 in
1590 1923 1795 1962 syrupum
1825 1924 1892 1952 co-

429 1978 585 2031 quitur.
649 1978 740 2017 Has
772 1976 886 2017 enim
918 1976 1021 2016 duas
1052 1975 1392 2028 praeparationes
1412 1975 1458 2015 in
1485 1990 1560 2016 suo
1582 1990 1735 2029 genere
1757 1978 1891 2019 effica-

429 2045 615 2086 cissimas
642 2058 732 2085 esse
754 2043 897 2097 judico
910 2060 921 2093 ς
952 2042 1199 2096 praesertim
1223 2042 1438 2096 Syrupum
1464 2043 1515 2083 de
1536 2043 1748 2094 Meconio‚
1771 2045 1891 2099 cujus

428 2112 552 2153 uncia
571 2126 659 2152 una
683 2112 777 2164 plus
804 2115 991 2164 praestat
1013 2124 1138 2163 quam
1166 2110 1315 2150 unciae
1347 2110 1453 2150 duae
1485 2110 1656 2151 alterius
1686 2111 1822 2162 istius,
1844 2113 1890 2153 in

428 2194 510 2232 quo
540 2193 797 2232 papaverum
828 2178 967 2231 capita
992 2177 1232 2218 humidiora
1260 2183 1532 2230 usmpantur,
1555 2178 1692 2231 liquor
1716 2193 1804 2220 non
1831 2180 1891 2221 ita

426 2247 592 2288 fortiter
622 2245 880 2299 exprimitur,
903 2251 958 2295 et,
980 2245 1072 2286 loco
1094 2245 1216 2297 nigri,
1241 2245 1491 2298 quandoque
1519 2246 1655 2299 capita
1674 2248 1890 2300 papaveris

426 2315 645 2364 rhoeados,
669 2328 774 2367 quae
794 2313 1015 2366 paululum
1035 2312 1205 2353 virtutis
1226 2312 1400 2362 habent,
1422 2318 1588 2365 partem
1607 2313 1668 2354 ita
1687 2328 1889 2367 magnam

427 2382 712 2435 suppeditant.
776 2380 952 2421 Quoties
973 2379 1115 2432 itaque
1143 2393 1232 2419 non
1257 2379 1356 2419 satis
1377 2379 1482 2418 mihi
1503 2385 1669 2421 constat
1691 2381 1742 2421 de
1764 2382 1888 2422 alter-

425 2450 562 2489 utrius
583 2449 735 2489 horum
757 2447 1095 2501 paregoricorum
1118 2446 1290 2496 mribus,
1308 2447 1564 2487 utrorumvis
1584 2447 1677 2488 loco
1693 2448 1888 2489 Laudani

428 2516 711 2557 Londinensis
740 2514 859 2555 solidi
887 2514 1221 2567 scsquigranum,
1243 2514 1309 2553 vel
1339 2513 1466 2553 etiam
1498 2528 1630 2567 grana
1656 2515 1753 2566 duo,
1775 2516 1888 2557 soleo

425 2583 706 2637 praescribere
732 2583 778 2622 in
803 2596 911 2635 aqua
942 2581 1208 2635 appropriata
1235 2581 1374 2622 soluta
1388 2598 1400 2631 ς
1434 2596 1516 2635 quo
1539 2587 1663 2635 pacto
1690 2582 1742 2623 ab
1770 2584 1886 2624 omni

426 2666 565 2692 errore
587 2656 628 2691 et
650 2650 755 2690 mihi
777 2655 819 2689 ct
841 2663 966 2702 aegro
987 2663 1081 2689 meo
1103 2663 1238 2689 caveo.

556 2745 567 2757 Β
594 2739 777 2770 Cfformm.
795 2740 846 2775 88,
867 2740 935 2768 199.

556 2782 564 2799 ¹
587 2782 637 2813 Sc.
656 2784 780 2818 citralli,
794 2783 968 2817 cucumeris,
986 2782 1168 2817 cucurbitae,
1190 2785 1219 2810 et
1241 2782 1391 2810 melonum.
1410 2791 1438 2811 v,
1458 2780 1628 2810 Blancardi
1646 2782 1717 2811 Les.
1737 2782 1820 2811 Med.
