<?xml version="1.0" encoding="UTF-8"?>
<!DOCTYPE html PUBLIC "-//W3C//DTD XHTML 1.0 Transitional//EN"
    "http://www.w3.org/TR/xhtml1/DTD/xhtml1-transitional.dtd">
<html xmlns="http://www.w3.org/1999/xhtml" xml:lang="en" lang="en">
 <head>
  <title>
</title>
<meta http-equiv="Content-Type" content="text/html;charset=utf-8" />
  <meta name='ocr-system' content='tesseract 3.04.00' />
  <meta name='ocr-capabilities' content='ocr_page ocr_carea ocr_par ocr_line ocrx_word'/>
</head>
<body>
  <div class='ocr_page' id='page_1' title='image "./thomaesydenhammd00sydeuoft_0653.png"; bbox 0 0 1985 3308; ppageno 0'>
   <div class='ocr_carea' id='block_1_1' title="bbox 0 0 35 3308">
    <p class='ocr_par' dir='ltr' id='par_1_1' title="bbox 0 0 35 3308">
     <span class='ocr_line' id='line_1_1' title="bbox 0 0 35 3308; baseline 0 0"><span class='ocrx_word' id='word_1_1' title='bbox 0 0 35 3308; x_wconf 95' lang='lat' dir='ltr'><strong> </strong></span> 
     </span>
    </p>
   </div>
   <div class='ocr_carea' id='block_1_2' title="bbox 744 174 1145 213">
    <p class='ocr_par' dir='ltr' id='par_1_2' title="bbox 744 174 1145 213">
     <span class='ocr_line' id='line_1_2' title="bbox 744 174 1145 213; baseline -0.002 0"><span class='ocrx_word' id='word_1_2' title='bbox 744 175 917 213; x_wconf 92' lang='lat' dir='ltr'>INDEX</span> <span class='ocrx_word' id='word_1_3' title='bbox 947 174 1145 212; x_wconf 87' lang='lat' dir='ltr'><strong>RERUM.</strong></span> 
     </span>
    </p>
   </div>
   <div class='ocr_carea' id='block_1_3' title="bbox 132 278 913 2959">
    <p class='ocr_par' dir='ltr' id='par_1_3' title="bbox 145 278 912 362">
     <span class='ocr_line' id='line_1_3' title="bbox 191 278 912 319; baseline 0.001 -11"><span class='ocrx_word' id='word_1_4' title='bbox 191 278 290 308; x_wconf 80' lang='lat' dir='ltr'><strong>Aetas</strong></span> <span class='ocrx_word' id='word_1_5' title='bbox 304 278 444 309; x_wconf 86' lang='lat' dir='ltr'><strong>hominis</strong></span> <span class='ocrx_word' id='word_1_6' title='bbox 459 279 555 309; x_wconf 84' lang='lat' dir='ltr'><strong>unius</strong></span> <span class='ocrx_word' id='word_1_7' title='bbox 577 278 801 319; x_wconf 80' lang='lat' dir='ltr'><strong>experimentis</strong></span> <span class='ocrx_word' id='word_1_8' title='bbox 817 288 912 319; x_wconf 87' lang='lat' dir='ltr'><strong>supra</strong></span> 
     </span>
     <span class='ocr_line' id='line_1_4' title="bbox 145 321 780 362; baseline 0.002 -12"><span class='ocrx_word' id='word_1_9' title='bbox 145 321 273 350; x_wconf 80' lang='lat' dir='ltr'>morbos</span> <span class='ocrx_word' id='word_1_10' title='bbox 289 321 494 352; x_wconf 82' lang='lat' dir='ltr'><strong>instituendis</strong></span> <span class='ocrx_word' id='word_1_11' title='bbox 506 331 564 362; x_wconf 91' lang='lat' dir='ltr'><strong>par</strong></span> <span class='ocrx_word' id='word_1_12' title='bbox 575 331 638 351; x_wconf 91' lang='lat' dir='ltr'><strong>non</strong></span> <span class='ocrx_word' id='word_1_13' title='bbox 657 326 713 357; x_wconf 90' lang='lat' dir='ltr'><strong>est,</strong></span> <span class='ocrx_word' id='word_1_14' title='bbox 731 323 780 352; x_wconf 88' lang='lat'><strong>24.</strong></span> 
     </span>
    </p>

    <p class='ocr_par' dir='ltr' id='par_1_4' title="bbox 147 363 913 446">
     <span class='ocr_line' id='line_1_5' title="bbox 188 363 913 403; baseline 0.001 -10"><span class='ocrx_word' id='word_1_15' title='bbox 188 363 415 394; x_wconf 71' lang='lat' dir='ltr'><strong>Arrac‘rrour:</strong></span> <span class='ocrx_word' id='word_1_16' title='bbox 445 363 531 403; x_wconf 75' lang='lat' dir='ltr'><strong>(Da)</strong></span> <span class='ocrx_word' id='word_1_17' title='bbox 560 364 781 401; x_wconf 58' lang='lat' dir='ltr'><strong>Hrs&#39;rmuca,</strong></span> <span class='ocrx_word' id='word_1_18' title='bbox 805 364 913 394; x_wconf 83' lang='lat'>364—-</span> 
     </span>
     <span class='ocr_line' id='line_1_6' title="bbox 147 405 495 446; baseline 0.006 -11"><span class='ocrx_word' id='word_1_19' title='bbox 147 405 218 435; x_wconf 81' lang='lat'>404.</span> <span class='ocrx_word' id='word_1_20' title='bbox 239 405 285 445; x_wconf 90' lang='lat' dir='ltr'>[v.</span> <span class='ocrx_word' id='word_1_21' title='bbox 303 406 495 446; x_wconf 51' lang='lat' dir='ltr'><strong>Hystericam]</strong></span> 
     </span>
    </p>

    <p class='ocr_par' dir='ltr' id='par_1_5' title="bbox 144 448 912 574">
     <span class='ocr_line' id='line_1_7' title="bbox 190 448 910 489; baseline 0.001 -12"><span class='ocrx_word' id='word_1_22' title='bbox 190 448 427 485; x_wconf 64' lang='lat' dir='ltr'><strong>Avmcmona,</strong></span> <span class='ocrx_word' id='word_1_23' title='bbox 454 448 539 487; x_wconf 80' lang='lat' dir='ltr'><strong>(Dn)</strong></span> <span class='ocrx_word' id='word_1_24' title='bbox 566 457 602 478; x_wconf 64' lang='lat' dir='ltr'><strong>rx</strong></span> <span class='ocrx_word' id='word_1_25' title='bbox 634 448 812 479; x_wconf 72' lang='lat' dir='ltr'><strong>Fonmrurs</strong></span> <span class='ocrx_word' id='word_1_26' title='bbox 840 450 910 489; x_wconf 70' lang='lat' dir='ltr'><strong>Hy-</strong></span> 
     </span>
     <span class='ocr_line' id='line_1_8' title="bbox 144 491 912 530; baseline 0.004 -12"><span class='ocrx_word' id='word_1_27' title='bbox 144 493 266 525; x_wconf 74' lang='lat' dir='ltr'><strong>sterica,</strong></span> <span class='ocrx_word' id='word_1_28' title='bbox 296 491 463 521; x_wconf 65' lang='lat' dir='ltr'><strong>BIARIBUS</strong></span> <span class='ocrx_word' id='word_1_29' title='bbox 486 492 770 530; x_wconf 68' lang='lat' dir='ltr'><strong>IIypmhondriam,</strong></span> <span class='ocrx_word' id='word_1_30' title='bbox 796 500 912 528; x_wconf 68' lang='grc' dir='ltr'><em>ΜΕΤΑ,</em></span> 
     </span>
     <span class='ocr_line' id='line_1_9' title="bbox 145 532 901 574; baseline 0.004 -13"><span class='ocrx_word' id='word_1_31' title='bbox 145 533 324 564; x_wconf 77' lang='grc'><strong>540-545.</strong></span> <span class='ocrx_word' id='word_1_32' title='bbox 345 532 390 573; x_wconf 86' lang='lat' dir='ltr'>[v.</span> <span class='ocrx_word' id='word_1_33' title='bbox 408 534 689 573; x_wconf 74' lang='lat' dir='ltr'><strong>Hypochondre&#39;aca,</strong></span> <span class='ocrx_word' id='word_1_34' title='bbox 708 534 901 574; x_wconf 59' lang='lat' dir='ltr'><strong>Hysteriea]</strong></span> 
     </span>
    </p>

    <p class='ocr_par' dir='ltr' id='par_1_6' title="bbox 143 574 912 827">
     <span class='ocr_line' id='line_1_10' title="bbox 189 574 912 616; baseline 0.001 -11"><span class='ocrx_word' id='word_1_35' title='bbox 189 574 333 606; x_wconf 79' lang='lat' dir='ltr'><strong>Affectus</strong></span> <span class='ocrx_word' id='word_1_36' title='bbox 357 576 487 616; x_wconf 85' lang='lat' dir='ltr'><strong>quidam</strong></span> <span class='ocrx_word' id='word_1_37' title='bbox 508 577 632 606; x_wconf 88' lang='lat' dir='ltr'><strong>nervosi</strong></span> <span class='ocrx_word' id='word_1_38' title='bbox 658 577 912 607; x_wconf 84' lang='lat' dir='ltr'><strong>venae-sectione</strong></span> 
     </span>
     <span class='ocr_line' id='line_1_11' title="bbox 144 619 911 658; baseline 0.003 -11"><span class='ocrx_word' id='word_1_39' title='bbox 144 622 176 646; x_wconf 83' lang='lat' dir='ltr'><strong>et</strong></span> <span class='ocrx_word' id='word_1_40' title='bbox 203 619 446 657; x_wconf 84' lang='lat' dir='ltr'><strong>purgationibus</strong></span> <span class='ocrx_word' id='word_1_41' title='bbox 475 619 615 658; x_wconf 84' lang='lat' dir='ltr'><strong>repetitis</strong></span> <span class='ocrx_word' id='word_1_42' title='bbox 642 619 796 657; x_wconf 68' lang='lat' dir='ltr'><strong>indigent.</strong></span> <span class='ocrx_word' id='word_1_43' title='bbox 826 620 911 655; x_wconf 83' lang='lat'>495;</span> 
     </span>
     <span class='ocr_line' id='line_1_12' title="bbox 144 659 910 701; baseline 0.005 -14"><span class='ocrx_word' id='word_1_44' title='bbox 144 659 274 698; x_wconf 86' lang='lat' dir='ltr'><strong>plurimi</strong></span> <span class='ocrx_word' id='word_1_45' title='bbox 294 663 427 691; x_wconf 69' lang='lat' dir='ltr'><strong>scot-buti</strong></span> <span class='ocrx_word' id='word_1_46' title='bbox 450 661 578 691; x_wconf 90' lang='lat' dir='ltr'><strong>nomine</strong></span> <span class='ocrx_word' id='word_1_47' title='bbox 601 662 760 691; x_wconf 85' lang='lat' dir='ltr'><strong>immerito</strong></span> <span class='ocrx_word' id='word_1_48' title='bbox 776 661 910 701; x_wconf 85' lang='lat' dir='ltr'><strong>insigni-</strong></span> 
     </span>
     <span class='ocr_line' id='line_1_13' title="bbox 144 703 909 743; baseline 0.004 -13"><span class='ocrx_word' id='word_1_49' title='bbox 144 707 254 738; x_wconf 84' lang='lat' dir='ltr'>untur,</span> <span class='ocrx_word' id='word_1_50' title='bbox 269 704 320 739; x_wconf 90' lang='lat'><strong>54,</strong></span> <span class='ocrx_word' id='word_1_51' title='bbox 338 704 417 738; x_wconf 85' lang='grc'><strong>259;</strong></span> <span class='ocrx_word' id='word_1_52' title='bbox 443 703 613 733; x_wconf 86' lang='lat' dir='ltr'><strong>affectuum</strong></span> <span class='ocrx_word' id='word_1_53' title='bbox 625 703 836 743; x_wconf 88' lang='lat' dir='ltr'><strong>plurimorum</strong></span> <span class='ocrx_word' id='word_1_54' title='bbox 853 715 909 734; x_wconf 93' lang='lat' dir='ltr'><strong>cu-</strong></span> 
     </span>
     <span class='ocr_line' id='line_1_14' title="bbox 144 744 909 786; baseline 0.005 -13"><span class='ocrx_word' id='word_1_55' title='bbox 144 744 233 781; x_wconf 85' lang='lat' dir='ltr'><strong>ratio,</strong></span> <span class='ocrx_word' id='word_1_56' title='bbox 246 755 307 775; x_wconf 91' lang='lat' dir='ltr'><strong>non</strong></span> <span class='ocrx_word' id='word_1_57' title='bbox 319 756 496 781; x_wconf 85' lang='lat' dir='ltr'><strong>causarum,</strong></span> <span class='ocrx_word' id='word_1_58' title='bbox 514 746 567 776; x_wconf 88' lang='lat' dir='ltr'><strong>sed</strong></span> <span class='ocrx_word' id='word_1_59' title='bbox 583 756 675 776; x_wconf 89' lang='lat' dir='ltr'><strong>verae</strong></span> <span class='ocrx_word' id='word_1_60' title='bbox 689 751 784 785; x_wconf 88' lang='lat' dir='ltr'><strong>atque</strong></span> <span class='ocrx_word' id='word_1_61' title='bbox 801 757 909 786; x_wconf 86' lang='lat' dir='ltr'><strong>exper-</strong></span> 
     </span>
     <span class='ocr_line' id='line_1_15' title="bbox 143 787 848 827; baseline 0.001 -10"><span class='ocrx_word' id='word_1_62' title='bbox 143 790 194 816; x_wconf 83' lang='lat' dir='ltr'><strong>tae</strong></span> <span class='ocrx_word' id='word_1_63' title='bbox 210 787 362 824; x_wconf 83' lang='lat' dir='ltr'><strong>methodi,</strong></span> <span class='ocrx_word' id='word_1_64' title='bbox 380 789 558 827; x_wconf 84' lang='lat' dir='ltr'><strong>cognitione</strong></span> <span class='ocrx_word' id='word_1_65' title='bbox 574 788 758 825; x_wconf 78' lang='lat' dir='ltr'><strong>absolvitur,</strong></span> <span class='ocrx_word' id='word_1_66' title='bbox 780 790 848 819; x_wconf 90' lang='lat'>100.</span> 
     </span>
    </p>

    <p class='ocr_par' dir='ltr' id='par_1_7' title="bbox 143 829 908 914">
     <span class='ocr_line' id='line_1_16' title="bbox 188 829 908 871; baseline 0.003 -12"><span class='ocrx_word' id='word_1_67' title='bbox 188 829 273 860; x_wconf 86' lang='lat' dir='ltr'><strong>Alba</strong></span> <span class='ocrx_word' id='word_1_68' title='bbox 290 830 410 866; x_wconf 83' lang='lat' dir='ltr'><strong>Febris,</strong></span> <span class='ocrx_word' id='word_1_69' title='bbox 436 831 502 860; x_wconf 88' lang='lat' dir='ltr'><strong>sive</strong></span> <span class='ocrx_word' id='word_1_70' title='bbox 525 830 696 866; x_wconf 87' lang='lat' dir='ltr'><strong>Chlorosis,</strong></span> <span class='ocrx_word' id='word_1_71' title='bbox 712 831 833 871; x_wconf 88' lang='lat' dir='ltr'><strong>species</strong></span> <span class='ocrx_word' id='word_1_72' title='bbox 850 832 908 871; x_wconf 93' lang='lat' dir='ltr'><strong>hy-</strong></span> 
     </span>
     <span class='ocr_line' id='line_1_17' title="bbox 143 872 908 914; baseline 0.005 -14"><span class='ocrx_word' id='word_1_73' title='bbox 143 872 275 903; x_wconf 86' lang='lat' dir='ltr'><strong>stericae</strong></span> <span class='ocrx_word' id='word_1_74' title='bbox 288 873 388 904; x_wconf 87' lang='lat' dir='ltr'><strong>affect.</strong></span> <span class='ocrx_word' id='word_1_75' title='bbox 406 884 445 904; x_wconf 83' lang='lat' dir='ltr'><strong>ex</strong></span> <span class='ocrx_word' id='word_1_76' title='bbox 458 873 644 903; x_wconf 80' lang='lat' dir='ltr'><strong>humoribus</strong></span> <span class='ocrx_word' id='word_1_77' title='bbox 658 873 835 914; x_wconf 84' lang='lat' dir='ltr'><strong>depravatis</strong></span> <span class='ocrx_word' id='word_1_78' title='bbox 851 879 908 911; x_wconf 88' lang='lat' dir='ltr'><strong>est,</strong></span> 
     </span>
    </p>

    <p class='ocr_par' dir='ltr' id='par_1_8' title="bbox 185 956 835 998">
     <span class='ocr_line' id='line_1_18' title="bbox 185 956 835 998; baseline 0.003 -11"><span class='ocrx_word' id='word_1_79' title='bbox 185 956 271 988; x_wconf 86' lang='lat' dir='ltr'><strong>Alba</strong></span> <span class='ocrx_word' id='word_1_80' title='bbox 286 958 451 997; x_wconf 83' lang='lat' dir='ltr'><strong>profluvia.</strong></span> <span class='ocrx_word' id='word_1_81' title='bbox 472 957 518 998; x_wconf 78' lang='lat' dir='ltr'>[v.</span> <span class='ocrx_word' id='word_1_82' title='bbox 535 959 629 988; x_wconf 75' lang='lat' dir='ltr'><strong>Fluor</strong></span> <span class='ocrx_word' id='word_1_83' title='bbox 646 957 835 998; x_wconf 57' lang='lat' dir='ltr'><strong>Muliebris]</strong></span> 
     </span>
    </p>

    <p class='ocr_par' dir='ltr' id='par_1_9' title="bbox 142 1000 909 1080">
     <span class='ocr_line' id='line_1_19' title="bbox 186 1000 909 1041; baseline 0.003 -11"><span class='ocrx_word' id='word_1_84' title='bbox 186 1000 407 1030; x_wconf 80' lang='lat' dir='ltr'><strong>Alexeterium</strong></span> <span class='ocrx_word' id='word_1_85' title='bbox 423 1000 520 1040; x_wconf 90' lang='lat' dir='ltr'><strong>pestis</strong></span> <span class='ocrx_word' id='word_1_86' title='bbox 533 1001 697 1041; x_wconf 88' lang='lat' dir='ltr'><strong>proprium</strong></span> <span class='ocrx_word' id='word_1_87' title='bbox 715 1001 747 1030; x_wconf 87' lang='lat' dir='ltr'><strong>in</strong></span> <span class='ocrx_word' id='word_1_88' title='bbox 767 1001 909 1032; x_wconf 85' lang='lat' dir='ltr'><strong>Naturae</strong></span> 
     </span>
     <span class='ocr_line' id='line_1_20' title="bbox 142 1042 770 1080; baseline 0.003 -8"><span class='ocrx_word' id='word_1_89' title='bbox 142 1042 215 1072; x_wconf 91' lang='lat' dir='ltr'><strong>sinu</strong></span> <span class='ocrx_word' id='word_1_90' title='bbox 231 1043 376 1073; x_wconf 88' lang='lat' dir='ltr'><strong>abditum</strong></span> <span class='ocrx_word' id='word_1_91' title='bbox 393 1043 496 1074; x_wconf 87' lang='lat' dir='ltr'><strong>adhuc</strong></span> <span class='ocrx_word' id='word_1_92' title='bbox 513 1043 678 1080; x_wconf 89' lang='lat' dir='ltr'><strong>delitescit,</strong></span> <span class='ocrx_word' id='word_1_93' title='bbox 700 1044 770 1074; x_wconf 86' lang='lat'>103.</span> 
     </span>
    </p>

    <p class='ocr_par' dir='ltr' id='par_1_10' title="bbox 140 1085 910 1339">
     <span class='ocr_line' id='line_1_21' title="bbox 185 1085 908 1126; baseline 0.003 -12"><span class='ocrx_word' id='word_1_94' title='bbox 185 1085 454 1126; x_wconf 80' lang='lat' dir='ltr'><strong>Alexipharmaca</strong></span> <span class='ocrx_word' id='word_1_95' title='bbox 464 1086 616 1126; x_wconf 83' lang='lat' dir='ltr'><strong>pleraque</strong></span> <span class='ocrx_word' id='word_1_96' title='bbox 625 1086 727 1116; x_wconf 90' lang='lat' dir='ltr'><strong>calida</strong></span> <span class='ocrx_word' id='word_1_97' title='bbox 736 1090 820 1122; x_wconf 90' lang='lat' dir='ltr'><strong>sunt,</strong></span> <span class='ocrx_word' id='word_1_98' title='bbox 833 1087 891 1116; x_wconf 89' lang='lat'><strong>102</strong></span> <span class='ocrx_word' id='word_1_99' title='bbox 901 1099 908 1122; x_wconf 86' lang='lat'>;</span> 
     </span>
     <span class='ocr_line' id='line_1_22' title="bbox 140 1126 906 1169; baseline 0.004 -13"><span class='ocrx_word' id='word_1_100' title='bbox 140 1126 175 1156; x_wconf 86' lang='lat' dir='ltr'><strong>in</strong></span> <span class='ocrx_word' id='word_1_101' title='bbox 191 1133 278 1168; x_wconf 83' lang='lat' dir='ltr'><strong>peste</strong></span> <span class='ocrx_word' id='word_1_102' title='bbox 294 1133 428 1168; x_wconf 88' lang='lat' dir='ltr'><strong>prosunt</strong></span> <span class='ocrx_word' id='word_1_103' title='bbox 445 1139 500 1168; x_wconf 88' lang='lat' dir='ltr'><strong>per</strong></span> <span class='ocrx_word' id='word_1_104' title='bbox 511 1128 668 1164; x_wconf 88' lang='lat' dir='ltr'><strong>accidens,</strong></span> <span class='ocrx_word' id='word_1_105' title='bbox 684 1133 841 1169; x_wconf 88' lang='lat' dir='ltr'><strong>quatenus</strong></span> <span class='ocrx_word' id='word_1_106' title='bbox 864 1139 906 1160; x_wconf 90' lang='lat' dir='ltr'><strong>sc.</strong></span> 
     </span>
     <span class='ocr_line' id='line_1_23' title="bbox 142 1169 908 1210; baseline 0.003 -11"><span class='ocrx_word' id='word_1_107' title='bbox 142 1169 359 1210; x_wconf 85' lang='lat' dir='ltr'><strong>diaphoretica</strong></span> <span class='ocrx_word' id='word_1_108' title='bbox 388 1176 470 1207; x_wconf 91' lang='lat' dir='ltr'><strong>sunt,</strong></span> <span class='ocrx_word' id='word_1_109' title='bbox 498 1172 579 1205; x_wconf 80' lang='lat'>102;</span> <span class='ocrx_word' id='word_1_110' title='bbox 619 1171 783 1201; x_wconf 84' lang='lat' dir='ltr'><strong>materiam</strong></span> <span class='ocrx_word' id='word_1_111' title='bbox 807 1172 908 1201; x_wconf 86' lang='lat' dir='ltr'><strong>morbi</strong></span> 
     </span>
     <span class='ocr_line' id='line_1_24' title="bbox 141 1213 907 1254; baseline 0.001 -12"><span class='ocrx_word' id='word_1_112' title='bbox 141 1214 334 1248; x_wconf 87' lang='lat' dir='ltr'><strong>evacuando,</strong></span> <span class='ocrx_word' id='word_1_113' title='bbox 356 1213 463 1253; x_wconf 82' lang='lat' dir='ltr'><strong>potius</strong></span> <span class='ocrx_word' id='word_1_114' title='bbox 487 1224 583 1253; x_wconf 86' lang='lat' dir='ltr'><strong>quam</strong></span> <span class='ocrx_word' id='word_1_115' title='bbox 608 1214 754 1253; x_wconf 83' lang='lat' dir='ltr'><strong>specifica</strong></span> <span class='ocrx_word' id='word_1_116' title='bbox 770 1214 907 1254; x_wconf 86' lang='lat' dir='ltr'><strong>quadam</strong></span> 
     </span>
     <span class='ocr_line' id='line_1_25' title="bbox 141 1255 910 1296; baseline 0.003 -11"><span class='ocrx_word' id='word_1_117' title='bbox 141 1255 269 1292; x_wconf 89' lang='lat' dir='ltr'><strong>virtute,</strong></span> <span class='ocrx_word' id='word_1_118' title='bbox 287 1261 430 1296; x_wconf 81' lang='lat' dir='ltr'><strong>prosunt,</strong></span> <span class='ocrx_word' id='word_1_119' title='bbox 459 1257 538 1290; x_wconf 62' lang='lat'>103:</span> <span class='ocrx_word' id='word_1_120' title='bbox 576 1260 611 1286; x_wconf 89' lang='lat' dir='ltr'><strong>ut</strong></span> <span class='ocrx_word' id='word_1_121' title='bbox 639 1256 672 1285; x_wconf 91' lang='lat' dir='ltr'><strong>in</strong></span> <span class='ocrx_word' id='word_1_122' title='bbox 698 1256 751 1287; x_wconf 92' lang='lat' dir='ltr'><strong>lue</strong></span> <span class='ocrx_word' id='word_1_123' title='bbox 775 1266 910 1287; x_wconf 85' lang='lat' dir='ltr'><strong>venerea</strong></span> 
     </span>
     <span class='ocr_line' id='line_1_26' title="bbox 141 1298 685 1339; baseline 0.002 -12"><span class='ocrx_word' id='word_1_124' title='bbox 141 1298 320 1328; x_wconf 87' lang='lat' dir='ltr'><strong>mercurius</strong></span> <span class='ocrx_word' id='word_1_125' title='bbox 337 1303 367 1328; x_wconf 88' lang='lat' dir='ltr'><strong>et</strong></span> <span class='ocrx_word' id='word_1_126' title='bbox 384 1298 593 1339; x_wconf 87' lang='lat' dir='ltr'><strong>sarsaparilla,</strong></span> <span class='ocrx_word' id='word_1_127' title='bbox 612 1300 685 1328; x_wconf 74' lang='lat' dir='ltr'><strong>ibid.</strong></span> 
     </span>
    </p>

    <p class='ocr_par' dir='ltr' id='par_1_11' title="bbox 139 1340 909 1551">
     <span class='ocr_line' id='line_1_27' title="bbox 184 1340 909 1381; baseline 0.001 -11"><span class='ocrx_word' id='word_1_128' title='bbox 184 1340 311 1371; x_wconf 88' lang='lat' dir='ltr'><strong>Allium</strong></span> <span class='ocrx_word' id='word_1_129' title='bbox 349 1341 453 1371; x_wconf 87' lang='lat' dir='ltr'><strong>solum</strong></span> <span class='ocrx_word' id='word_1_130' title='bbox 491 1341 522 1371; x_wconf 91' lang='lat' dir='ltr'><strong>in</strong></span> <span class='ocrx_word' id='word_1_131' title='bbox 560 1341 700 1381; x_wconf 90' lang='lat' dir='ltr'><strong>hydrope</strong></span> <span class='ocrx_word' id='word_1_132' title='bbox 736 1341 909 1381; x_wconf 86' lang='lat' dir='ltr'><strong>incipiente</strong></span> 
     </span>
     <span class='ocr_line' id='line_1_28' title="bbox 139 1382 906 1424; baseline 0.003 -12"><span class='ocrx_word' id='word_1_133' title='bbox 139 1382 226 1413; x_wconf 88' lang='lat' dir='ltr'><strong>hunc</strong></span> <span class='ocrx_word' id='word_1_134' title='bbox 242 1384 389 1414; x_wconf 87' lang='lat' dir='ltr'><strong>morbum</strong></span> <span class='ocrx_word' id='word_1_135' title='bbox 406 1383 578 1423; x_wconf 90' lang='lat' dir='ltr'><strong>aliquando</strong></span> <span class='ocrx_word' id='word_1_136' title='bbox 595 1383 727 1424; x_wconf 86' lang='lat' dir='ltr'><strong>depulit,</strong></span> <span class='ocrx_word' id='word_1_137' title='bbox 744 1384 825 1419; x_wconf 78' lang='lat'>4723</span> <span class='ocrx_word' id='word_1_138' title='bbox 852 1395 906 1423; x_wconf 89' lang='lat' dir='ltr'><strong>pe-</strong></span> 
     </span>
     <span class='ocr_line' id='line_1_29' title="bbox 140 1425 909 1466; baseline 0.001 -11"><span class='ocrx_word' id='word_1_139' title='bbox 140 1425 234 1455; x_wconf 85' lang='lat' dir='ltr'><strong>dibus</strong></span> <span class='ocrx_word' id='word_1_140' title='bbox 253 1427 442 1466; x_wconf 89' lang='lat' dir='ltr'><strong>applicitum</strong></span> <span class='ocrx_word' id='word_1_141' title='bbox 465 1427 609 1456; x_wconf 87' lang='lat' dir='ltr'><strong>omnium</strong></span> <span class='ocrx_word' id='word_1_142' title='bbox 633 1426 752 1466; x_wconf 85' lang='lat' dir='ltr'><strong>optime</strong></span> <span class='ocrx_word' id='word_1_143' title='bbox 774 1426 909 1463; x_wconf 84' lang='lat' dir='ltr'><strong>revellit,</strong></span> 
     </span>
     <span class='ocr_line' id='line_1_30' title="bbox 140 1468 907 1503; baseline 0 -5"><span class='ocrx_word' id='word_1_144' title='bbox 140 1469 221 1503; x_wconf 83' lang='lat'>354;</span> <span class='ocrx_word' id='word_1_145' title='bbox 246 1468 321 1498; x_wconf 90' lang='lat' dir='ltr'><strong>hinc</strong></span> <span class='ocrx_word' id='word_1_146' title='bbox 339 1469 456 1499; x_wconf 86' lang='lat' dir='ltr'><strong>adultis</strong></span> <span class='ocrx_word' id='word_1_147' title='bbox 477 1469 607 1499; x_wconf 87' lang='lat' dir='ltr'><strong>variolis</strong></span> <span class='ocrx_word' id='word_1_148' title='bbox 627 1468 717 1499; x_wconf 89' lang='lat' dir='ltr'><strong>confi.</strong></span> <span class='ocrx_word' id='word_1_149' title='bbox 734 1469 907 1499; x_wconf 86' lang='lat' dir='ltr'><strong>laboranti—</strong></span> 
     </span>
     <span class='ocr_line' id='line_1_31' title="bbox 139 1510 494 1551; baseline 0.003 -11"><span class='ocrx_word' id='word_1_150' title='bbox 139 1510 200 1540; x_wconf 90' lang='lat' dir='ltr'><strong>bus</strong></span> <span class='ocrx_word' id='word_1_151' title='bbox 216 1511 403 1551; x_wconf 82' lang='lat' dir='ltr'><strong>applicatur,</strong></span> <span class='ocrx_word' id='word_1_152' title='bbox 421 1512 494 1541; x_wconf 88' lang='grc'><strong><em>355.</em></strong></span> 
     </span>
    </p>

    <p class='ocr_par' dir='ltr' id='par_1_12' title="bbox 138 1553 908 1678">
     <span class='ocr_line' id='line_1_32' title="bbox 183 1553 908 1593; baseline 0.003 -11"><span class='ocrx_word' id='word_1_153' title='bbox 183 1553 260 1583; x_wconf 91' lang='lat' dir='ltr'><strong>Alvi</strong></span> <span class='ocrx_word' id='word_1_154' title='bbox 287 1553 479 1593; x_wconf 87' lang='lat' dir='ltr'><strong>profluvium</strong></span> <span class='ocrx_word' id='word_1_155' title='bbox 509 1558 540 1583; x_wconf 85' lang='lat' dir='ltr'><strong>et</strong></span> <span class='ocrx_word' id='word_1_156' title='bbox 564 1553 706 1583; x_wconf 83' lang='lat' dir='ltr'><strong>vomitus</strong></span> <span class='ocrx_word' id='word_1_157' title='bbox 737 1553 908 1584; x_wconf 86' lang='lat' dir='ltr'><strong>sudoribus</strong></span> 
     </span>
     <span class='ocr_line' id='line_1_33' title="bbox 138 1595 908 1636; baseline 0 -10"><span class='ocrx_word' id='word_1_158' title='bbox 138 1595 173 1625; x_wconf 86' lang='lat' dir='ltr'><strong>in</strong></span> <span class='ocrx_word' id='word_1_159' title='bbox 196 1600 284 1636; x_wconf 86' lang='lat' dir='ltr'><strong>peste</strong></span> <span class='ocrx_word' id='word_1_160' title='bbox 308 1602 468 1632; x_wconf 86' lang='lat' dir='ltr'><strong>curantur,</strong></span> <span class='ocrx_word' id='word_1_161' title='bbox 488 1596 566 1631; x_wconf 63' lang='lat'>1142</span> <span class='ocrx_word' id='word_1_162' title='bbox 597 1596 689 1626; x_wconf 89' lang='lat' dir='ltr'><strong>alvus</strong></span> <span class='ocrx_word' id='word_1_163' title='bbox 719 1596 752 1626; x_wconf 90' lang='lat' dir='ltr'><strong>in</strong></span> <span class='ocrx_word' id='word_1_164' title='bbox 781 1596 908 1626; x_wconf 88' lang='lat' dir='ltr'><strong>variolis</strong></span> 
     </span>
     <span class='ocr_line' id='line_1_34' title="bbox 139 1637 813 1678; baseline 0.001 -10"><span class='ocrx_word' id='word_1_165' title='bbox 139 1637 232 1668; x_wconf 88' lang='lat' dir='ltr'><strong>discr.</strong></span> <span class='ocrx_word' id='word_1_166' title='bbox 249 1643 315 1669; x_wconf 90' lang='lat' dir='ltr'><strong>toto</strong></span> <span class='ocrx_word' id='word_1_167' title='bbox 331 1639 440 1669; x_wconf 88' lang='lat' dir='ltr'><strong>morbo</strong></span> <span class='ocrx_word' id='word_1_168' title='bbox 455 1639 520 1669; x_wconf 86' lang='lat' dir='ltr'><strong>fere</strong></span> <span class='ocrx_word' id='word_1_169' title='bbox 535 1639 722 1678; x_wconf 84' lang='lat' dir='ltr'><strong>constipata,</strong></span> <span class='ocrx_word' id='word_1_170' title='bbox 743 1640 813 1669; x_wconf 87' lang='lat'>122.</span> 
     </span>
    </p>

    <p class='ocr_par' dir='ltr' id='par_1_13' title="bbox 182 1681 736 1721">
     <span class='ocr_line' id='line_1_35' title="bbox 182 1681 736 1721; baseline 0 -10"><span class='ocrx_word' id='word_1_171' title='bbox 182 1681 375 1718; x_wconf 71' lang='lat' dir='ltr'><strong>AMBus‘ns,</strong></span> <span class='ocrx_word' id='word_1_172' title='bbox 398 1681 484 1721; x_wconf 69' lang='lat' dir='ltr'><strong>(Da)</strong></span> <span class='ocrx_word' id='word_1_173' title='bbox 503 1682 561 1711; x_wconf 82' lang='lat'><strong>601</strong></span> <span class='ocrx_word' id='word_1_174' title='bbox 577 1694 584 1717; x_wconf 83' lang='grc'>;</span> <span class='ocrx_word' id='word_1_175' title='bbox 607 1682 647 1711; x_wconf 89' lang='lat' dir='ltr'><strong>cf.</strong></span> <span class='ocrx_word' id='word_1_176' title='bbox 663 1683 736 1711; x_wconf 85' lang='lat'>255.</span> 
     </span>
    </p>

    <p class='ocr_par' dir='ltr' id='par_1_14' title="bbox 138 1723 905 1806">
     <span class='ocr_line' id='line_1_36' title="bbox 181 1723 905 1765; baseline 0 -11"><span class='ocrx_word' id='word_1_177' title='bbox 181 1723 344 1760; x_wconf 84' lang='lat' dir='ltr'><strong>Amentia,</strong></span> <span class='ocrx_word' id='word_1_178' title='bbox 366 1725 432 1754; x_wconf 76' lang='lat' dir='ltr'><strong>sive</strong></span> <span class='ocrx_word' id='word_1_179' title='bbox 454 1724 572 1761; x_wconf 88' lang='lat' dir='ltr'><strong>mania,</strong></span> <span class='ocrx_word' id='word_1_180' title='bbox 589 1729 661 1765; x_wconf 92' lang='lat' dir='ltr'><strong>post</strong></span> <span class='ocrx_word' id='word_1_181' title='bbox 682 1724 785 1754; x_wconf 85' lang='lat' dir='ltr'><strong>febres</strong></span> <span class='ocrx_word' id='word_1_182' title='bbox 808 1724 905 1754; x_wconf 90' lang='lat' dir='ltr'><strong>inter-</strong></span> 
     </span>
     <span class='ocr_line' id='line_1_37' title="bbox 138 1765 503 1806; baseline 0.008 -11"><span class='ocrx_word' id='word_1_183' title='bbox 138 1765 220 1797; x_wconf 85' lang='lat' dir='ltr'><strong>mitt.</strong></span> <span class='ocrx_word' id='word_1_184' title='bbox 238 1771 382 1798; x_wconf 87' lang='lat' dir='ltr'><strong>autumn.</strong></span> <span class='ocrx_word' id='word_1_185' title='bbox 400 1768 441 1798; x_wconf 90' lang='lat'><strong>90</strong></span> <span class='ocrx_word' id='word_1_186' title='bbox 457 1777 503 1806; x_wconf 92' lang='lat' dir='ltr'><strong>sq.</strong></span> 
     </span>
    </p>

    <p class='ocr_par' dir='ltr' id='par_1_15' title="bbox 138 1808 905 1892">
     <span class='ocr_line' id='line_1_38' title="bbox 182 1808 905 1849; baseline 0.003 -11"><span class='ocrx_word' id='word_1_187' title='bbox 182 1809 372 1840; x_wconf 84' lang='lat' dir='ltr'><strong>Anatomiae</strong></span> <span class='ocrx_word' id='word_1_188' title='bbox 394 1820 550 1849; x_wconf 86' lang='lat' dir='ltr'><strong>quaenam</strong></span> <span class='ocrx_word' id='word_1_189' title='bbox 573 1809 685 1839; x_wconf 87' lang='lat' dir='ltr'><strong>notitia</strong></span> <span class='ocrx_word' id='word_1_190' title='bbox 705 1808 834 1839; x_wconf 85' lang='lat' dir='ltr'><strong>Medico</strong></span> <span class='ocrx_word' id='word_1_191' title='bbox 858 1814 905 1840; x_wconf 90' lang='lat' dir='ltr'><strong>at-</strong></span> 
     </span>
     <span class='ocr_line' id='line_1_39' title="bbox 138 1851 668 1892; baseline 0.002 -11"><span class='ocrx_word' id='word_1_192' title='bbox 138 1860 200 1891; x_wconf 88' lang='lat' dir='ltr'><strong>que</strong></span> <span class='ocrx_word' id='word_1_193' title='bbox 217 1851 377 1892; x_wconf 89' lang='lat' dir='ltr'><strong>Chirurgo</strong></span> <span class='ocrx_word' id='word_1_194' title='bbox 392 1852 580 1888; x_wconf 89' lang='lat' dir='ltr'><strong>necessaria,</strong></span> <span class='ocrx_word' id='word_1_195' title='bbox 596 1852 668 1882; x_wconf 83' lang='lat'>463.</span> 
     </span>
    </p>

    <p class='ocr_par' dir='ltr' id='par_1_16' title="bbox 138 1893 906 1977">
     <span class='ocr_line' id='line_1_40' title="bbox 182 1893 906 1934; baseline -0.001 -10"><span class='ocrx_word' id='word_1_196' title='bbox 182 1893 303 1924; x_wconf 90' lang='lat' dir='ltr'><strong>Anethi</strong></span> <span class='ocrx_word' id='word_1_197' title='bbox 319 1905 426 1924; x_wconf 85' lang='lat' dir='ltr'><strong>semen</strong></span> <span class='ocrx_word' id='word_1_198' title='bbox 442 1899 595 1934; x_wconf 87' lang='lat' dir='ltr'><strong>tanquam</strong></span> <span class='ocrx_word' id='word_1_199' title='bbox 612 1894 797 1934; x_wconf 86' lang='lat' dir='ltr'><strong>specificum</strong></span> <span class='ocrx_word' id='word_1_200' title='bbox 809 1893 906 1924; x_wconf 90' lang='lat' dir='ltr'><strong>habe-</strong></span> 
     </span>
     <span class='ocr_line' id='line_1_41' title="bbox 138 1937 884 1977; baseline 0 -11"><span class='ocrx_word' id='word_1_201' title='bbox 138 1940 191 1966; x_wconf 89' lang='lat' dir='ltr'><strong>tur</strong></span> <span class='ocrx_word' id='word_1_202' title='bbox 206 1937 239 1966; x_wconf 89' lang='lat' dir='ltr'><strong>in</strong></span> <span class='ocrx_word' id='word_1_203' title='bbox 256 1937 409 1976; x_wconf 86' lang='lat' dir='ltr'><strong>singultu,</strong></span> <span class='ocrx_word' id='word_1_204' title='bbox 427 1937 481 1967; x_wconf 90' lang='lat' dir='ltr'><strong>sed</strong></span> <span class='ocrx_word' id='word_1_205' title='bbox 497 1947 560 1967; x_wconf 90' lang='lat' dir='ltr'><strong>non</strong></span> <span class='ocrx_word' id='word_1_206' title='bbox 578 1947 702 1977; x_wconf 86' lang='lat' dir='ltr'><strong>semper</strong></span> <span class='ocrx_word' id='word_1_207' title='bbox 713 1937 816 1975; x_wconf 84' lang='lat' dir='ltr'><strong>juvat,</strong></span> <span class='ocrx_word' id='word_1_208' title='bbox 833 1938 884 1966; x_wconf 91' lang='lat'><strong>61.</strong></span> 
     </span>
    </p>

    <p class='ocr_par' dir='ltr' id='par_1_17' title="bbox 135 1979 907 2442">
     <span class='ocr_line' id='line_1_42' title="bbox 182 1979 907 2019; baseline 0 -10"><span class='ocrx_word' id='word_1_209' title='bbox 182 1980 340 2015; x_wconf 76' lang='grc' dir='ltr'><em>ΑΝσῐΝΑ,</em></span> <span class='ocrx_word' id='word_1_210' title='bbox 365 1979 450 2019; x_wconf 79' lang='grc' dir='ltr'>(ΒΕ)</span> <span class='ocrx_word' id='word_1_211' title='bbox 475 1979 656 2015; x_wconf 85' lang='grc'><strong>265-267,</strong></span> <span class='ocrx_word' id='word_1_212' title='bbox 679 1980 751 2016; x_wconf 88' lang='grc'><em>559,</em></span> <span class='ocrx_word' id='word_1_213' title='bbox 773 1980 854 2013; x_wconf 82' lang='grc' dir='ltr'><strong>56ος</strong></span> <span class='ocrx_word' id='word_1_214' title='bbox 890 1989 907 2009; x_wconf 90' lang='lat' dir='ltr'><strong>a</strong></span> 
     </span>
     <span class='ocr_line' id='line_1_43' title="bbox 138 2021 905 2062; baseline -0.001 -10"><span class='ocrx_word' id='word_1_215' title='bbox 138 2021 251 2058; x_wconf 89' lang='lat' dir='ltr'><strong>calore,</strong></span> <span class='ocrx_word' id='word_1_216' title='bbox 273 2022 436 2052; x_wconf 86' lang='lat' dir='ltr'><strong>intensum</strong></span> <span class='ocrx_word' id='word_1_217' title='bbox 461 2022 563 2062; x_wconf 85' lang='lat' dir='ltr'><strong>frigus</strong></span> <span class='ocrx_word' id='word_1_218' title='bbox 588 2022 694 2052; x_wconf 85' lang='lat' dir='ltr'><strong>subito</strong></span> <span class='ocrx_word' id='word_1_219' title='bbox 719 2021 905 2061; x_wconf 84' lang='lat' dir='ltr'><strong>excipiente,</strong></span> 
     </span>
     <span class='ocr_line' id='line_1_44' title="bbox 137 2064 906 2105; baseline 0.001 -11"><span class='ocrx_word' id='word_1_220' title='bbox 137 2064 327 2105; x_wconf 89' lang='lat' dir='ltr'><strong>plerumque</strong></span> <span class='ocrx_word' id='word_1_221' title='bbox 342 2065 451 2101; x_wconf 88' lang='lat' dir='ltr'><strong>oritur,</strong></span> <span class='ocrx_word' id='word_1_222' title='bbox 469 2066 528 2100; x_wconf 71' lang='lat'><strong>303</strong></span> <span class='ocrx_word' id='word_1_223' title='bbox 552 2065 586 2094; x_wconf 91' lang='lat' dir='ltr'><strong>in</strong></span> <span class='ocrx_word' id='word_1_224' title='bbox 607 2064 724 2104; x_wconf 85' lang='lat' dir='ltr'><strong>angina</strong></span> <span class='ocrx_word' id='word_1_225' title='bbox 739 2064 834 2094; x_wconf 87' lang='lat' dir='ltr'><strong>febris</strong></span> <span class='ocrx_word' id='word_1_226' title='bbox 851 2075 906 2104; x_wconf 89' lang='lat' dir='ltr'><strong>pro</strong></span> 
     </span>
     <span class='ocr_line' id='line_1_45' title="bbox 137 2107 906 2148; baseline 0 -11"><span class='ocrx_word' id='word_1_227' title='bbox 137 2108 248 2137; x_wconf 91' lang='lat' dir='ltr'><strong>morbo</strong></span> <span class='ocrx_word' id='word_1_228' title='bbox 267 2108 417 2148; x_wconf 86' lang='lat' dir='ltr'><strong>primario</strong></span> <span class='ocrx_word' id='word_1_229' title='bbox 429 2108 584 2143; x_wconf 86' lang='lat' dir='ltr'><strong>habenda,</strong></span> <span class='ocrx_word' id='word_1_230' title='bbox 599 2111 629 2137; x_wconf 93' lang='lat' dir='ltr'><strong>et</strong></span> <span class='ocrx_word' id='word_1_231' title='bbox 643 2107 759 2147; x_wconf 88' lang='lat' dir='ltr'><strong>reliqui</strong></span> <span class='ocrx_word' id='word_1_232' title='bbox 775 2107 906 2137; x_wconf 82' lang='lat' dir='ltr'><strong>affectus</strong></span> 
     </span>
     <span class='ocr_line' id='line_1_46' title="bbox 137 2150 907 2190; baseline 0 -10"><span class='ocrx_word' id='word_1_233' title='bbox 137 2154 264 2180; x_wconf 85' lang='lat' dir='ltr'><strong>tantum</strong></span> <span class='ocrx_word' id='word_1_234' title='bbox 297 2154 521 2190; x_wconf 81' lang='lat' dir='ltr'><strong>symptomata,</strong></span> <span class='ocrx_word' id='word_1_235' title='bbox 553 2150 625 2186; x_wconf 88' lang='lat'><strong>239,</strong></span> <span class='ocrx_word' id='word_1_236' title='bbox 652 2151 732 2185; x_wconf 77' lang='grc' dir='ltr'><strong>24ος</strong></span> <span class='ocrx_word' id='word_1_237' title='bbox 772 2150 907 2188; x_wconf 76' lang='lat' dir='ltr'><strong>anginae</strong></span> 
     </span>
     <span class='ocr_line' id='line_1_47' title="bbox 138 2192 905 2232; baseline 0.003 -10"><span class='ocrx_word' id='word_1_238' title='bbox 138 2192 318 2232; x_wconf 86' lang='lat' dir='ltr'><strong>descriptio,</strong></span> <span class='ocrx_word' id='word_1_239' title='bbox 337 2193 409 2228; x_wconf 85' lang='lat'><strong>265,</strong></span> <span class='ocrx_word' id='word_1_240' title='bbox 431 2193 482 2229; x_wconf 91' lang='grc'><strong>66,</strong></span> <span class='ocrx_word' id='word_1_241' title='bbox 502 2194 582 2227; x_wconf 83' lang='lat'>559;</span> <span class='ocrx_word' id='word_1_242' title='bbox 609 2192 739 2228; x_wconf 90' lang='lat' dir='ltr'><strong>curatio,</strong></span> <span class='ocrx_word' id='word_1_243' title='bbox 765 2193 836 2227; x_wconf 85' lang='lat'><strong>266,</strong></span> <span class='ocrx_word' id='word_1_244' title='bbox 854 2193 905 2229; x_wconf 91' lang='grc'><strong>67,</strong></span> 
     </span>
     <span class='ocr_line' id='line_1_48' title="bbox 137 2235 906 2276; baseline 0.001 -12"><span class='ocrx_word' id='word_1_245' title='bbox 137 2236 210 2271; x_wconf 88' lang='grc'><em>559,</em></span> <span class='ocrx_word' id='word_1_246' title='bbox 233 2237 292 2271; x_wconf 88' lang='grc'><strong>60;</strong></span> <span class='ocrx_word' id='word_1_247' title='bbox 318 2236 453 2275; x_wconf 85' lang='lat' dir='ltr'><strong>anginae</strong></span> <span class='ocrx_word' id='word_1_248' title='bbox 476 2235 680 2276; x_wconf 88' lang='lat' dir='ltr'><strong>epidemicae,</strong></span> <span class='ocrx_word' id='word_1_249' title='bbox 705 2236 784 2270; x_wconf 86' lang='grc'><strong>240;</strong></span> <span class='ocrx_word' id='word_1_250' title='bbox 809 2245 906 2265; x_wconf 84' lang='lat' dir='ltr'><strong>verno</strong></span> 
     </span>
     <span class='ocr_line' id='line_1_49' title="bbox 136 2277 906 2318; baseline 0 -10"><span class='ocrx_word' id='word_1_251' title='bbox 136 2282 289 2318; x_wconf 88' lang='lat' dir='ltr'><strong>tempore,</strong></span> <span class='ocrx_word' id='word_1_252' title='bbox 311 2288 394 2308; x_wconf 88' lang='lat' dir='ltr'><strong>anno</strong></span> <span class='ocrx_word' id='word_1_253' title='bbox 419 2279 482 2314; x_wconf 77' lang='lat'><strong>¹65,</strong></span> <span class='ocrx_word' id='word_1_254' title='bbox 502 2278 640 2308; x_wconf 88' lang='lat' dir='ltr'><strong>Londini</strong></span> <span class='ocrx_word' id='word_1_255' title='bbox 664 2281 736 2318; x_wconf 88' lang='lat' dir='ltr'><strong>post</strong></span> <span class='ocrx_word' id='word_1_256' title='bbox 759 2277 906 2317; x_wconf 75' lang='lat' dir='ltr'><strong>hyemem</strong></span> 
     </span>
     <span class='ocr_line' id='line_1_50' title="bbox 135 2320 905 2361; baseline 0.001 -11"><span class='ocrx_word' id='word_1_257' title='bbox 135 2320 287 2360; x_wconf 86' lang='lat' dir='ltr'><strong>frigidam</strong></span> <span class='ocrx_word' id='word_1_258' title='bbox 315 2325 347 2351; x_wconf 87' lang='lat' dir='ltr'><strong>et</strong></span> <span class='ocrx_word' id='word_1_259' title='bbox 373 2321 495 2351; x_wconf 88' lang='lat' dir='ltr'><strong>siccum</strong></span> <span class='ocrx_word' id='word_1_260' title='bbox 522 2321 597 2361; x_wconf 89' lang='lat' dir='ltr'><strong>gelu</strong></span> <span class='ocrx_word' id='word_1_261' title='bbox 621 2325 817 2360; x_wconf 87' lang='lat' dir='ltr'><strong>grassantur,</strong></span> <span class='ocrx_word' id='word_1_262' title='bbox 846 2322 905 2356; x_wconf 72' lang='lat'><strong>953</strong></span> 
     </span>
     <span class='ocr_line' id='line_1_51' title="bbox 137 2363 906 2403; baseline 0 -10"><span class='ocrx_word' id='word_1_263' title='bbox 137 2373 193 2403; x_wconf 90' lang='lat' dir='ltr'><strong>per</strong></span> <span class='ocrx_word' id='word_1_264' title='bbox 213 2363 335 2403; x_wconf 89' lang='lat' dir='ltr'><strong>aliquot</strong></span> <span class='ocrx_word' id='word_1_265' title='bbox 356 2364 550 2403; x_wconf 87' lang='lat' dir='ltr'><strong>septimanas</strong></span> <span class='ocrx_word' id='word_1_266' title='bbox 573 2364 671 2403; x_wconf 86' lang='lat' dir='ltr'><strong>pestis</strong></span> <span class='ocrx_word' id='word_1_267' title='bbox 693 2363 906 2393; x_wconf 90' lang='lat' dir='ltr'><strong>Londinensis</strong></span> 
     </span>
     <span class='ocr_line' id='line_1_52' title="bbox 136 2407 635 2442; baseline 0 -6"><span class='ocrx_word' id='word_1_268' title='bbox 136 2412 283 2436; x_wconf 85' lang='lat' dir='ltr'><strong>exortum</strong></span> <span class='ocrx_word' id='word_1_269' title='bbox 300 2410 547 2442; x_wconf 86' lang='lat' dir='ltr'><strong>antecesserunt,</strong></span> <span class='ocrx_word' id='word_1_270' title='bbox 566 2407 635 2436; x_wconf 89' lang='lat'>102.</span> 
     </span>
    </p>

    <p class='ocr_par' dir='ltr' id='par_1_18' title="bbox 136 2448 906 2531">
     <span class='ocr_line' id='line_1_53' title="bbox 180 2448 906 2479; baseline 0 -1"><span class='ocrx_word' id='word_1_271' title='bbox 180 2448 340 2479; x_wconf 79' lang='lat' dir='ltr'><strong>Aniculae</strong></span> <span class='ocrx_word' id='word_1_272' title='bbox 362 2449 560 2479; x_wconf 88' lang='lat' dir='ltr'><strong>medicorum</strong></span> <span class='ocrx_word' id='word_1_273' title='bbox 584 2448 696 2479; x_wconf 89' lang='lat' dir='ltr'><strong>simiae</strong></span> <span class='ocrx_word' id='word_1_274' title='bbox 720 2448 853 2478; x_wconf 84' lang='lat' dir='ltr'><strong>stolidae</strong></span> <span class='ocrx_word' id='word_1_275' title='bbox 869 2459 906 2479; x_wconf 84' lang='lat' dir='ltr'><strong>ac</strong></span> 
     </span>
     <span class='ocr_line' id='line_1_54' title="bbox 136 2490 695 2531; baseline -0.002 -10"><span class='ocrx_word' id='word_1_276' title='bbox 136 2491 290 2528; x_wconf 89' lang='lat' dir='ltr'><strong>infelices,</strong></span> <span class='ocrx_word' id='word_1_277' title='bbox 310 2493 378 2522; x_wconf 90' lang='lat'>140.</span> <span class='ocrx_word' id='word_1_278' title='bbox 398 2491 444 2530; x_wconf 90' lang='lat' dir='ltr'>[v.</span> <span class='ocrx_word' id='word_1_279' title='bbox 466 2490 695 2531; x_wconf 52' lang='lat' dir='ltr'><strong>Mulierculae]</strong></span> 
     </span>
    </p>

    <p class='ocr_par' dir='ltr' id='par_1_19' title="bbox 177 2533 787 2574">
     <span class='ocr_line' id='line_1_55' title="bbox 177 2533 787 2574; baseline 0 -10"><span class='ocrx_word' id='word_1_280' title='bbox 177 2535 290 2564; x_wconf 84' lang='lat' dir='ltr'><strong>Anima</strong></span> <span class='ocrx_word' id='word_1_281' title='bbox 306 2536 408 2564; x_wconf 81' lang='lat' dir='ltr'><strong>mundi</strong></span> <span class='ocrx_word' id='word_1_282' title='bbox 424 2534 696 2574; x_wconf 88' lang='lat' dir='ltr'><strong>philosophorum,</strong></span> <span class='ocrx_word' id='word_1_283' title='bbox 717 2533 787 2564; x_wconf 90' lang='lat'>117.</span> 
     </span>
    </p>

    <p class='ocr_par' dir='ltr' id='par_1_20' title="bbox 132 2575 906 2959">
     <span class='ocr_line' id='line_1_56' title="bbox 180 2575 905 2617; baseline -0.001 -11"><span class='ocrx_word' id='word_1_284' title='bbox 180 2577 292 2606; x_wconf 88' lang='lat' dir='ltr'><strong>Animi</strong></span> <span class='ocrx_word' id='word_1_285' title='bbox 316 2577 489 2607; x_wconf 91' lang='lat' dir='ltr'><strong>commotio</strong></span> <span class='ocrx_word' id='word_1_286' title='bbox 507 2577 693 2617; x_wconf 82' lang='lat' dir='ltr'><strong>apoplexiae</strong></span> <span class='ocrx_word' id='word_1_287' title='bbox 713 2576 851 2617; x_wconf 88' lang='lat' dir='ltr'><strong>speciem</strong></span> <span class='ocrx_word' id='word_1_288' title='bbox 873 2575 905 2606; x_wconf 87' lang='lat' dir='ltr'><strong>in</strong></span> 
     </span>
     <span class='ocr_line' id='line_1_57' title="bbox 135 2619 904 2659; baseline 0 -11"><span class='ocrx_word' id='word_1_289' title='bbox 135 2620 301 2659; x_wconf 87' lang='lat' dir='ltr'><strong>puerperis</strong></span> <span class='ocrx_word' id='word_1_290' title='bbox 337 2619 506 2659; x_wconf 88' lang='lat' dir='ltr'><strong>hystericis</strong></span> <span class='ocrx_word' id='word_1_291' title='bbox 543 2629 635 2659; x_wconf 86' lang='lat' dir='ltr'><strong>saepe</strong></span> <span class='ocrx_word' id='word_1_292' title='bbox 665 2619 791 2655; x_wconf 85' lang='lat' dir='ltr'><strong>excitat,</strong></span> <span class='ocrx_word' id='word_1_293' title='bbox 823 2620 904 2654; x_wconf 83' lang='lat'><strong>365;</strong></span> 
     </span>
     <span class='ocr_line' id='line_1_58' title="bbox 135 2662 906 2702; baseline -0.001 -11"><span class='ocrx_word' id='word_1_294' title='bbox 135 2662 234 2692; x_wconf 89' lang='lat' dir='ltr'><strong>animi</strong></span> <span class='ocrx_word' id='word_1_295' title='bbox 251 2671 421 2702; x_wconf 83' lang='lat' dir='ltr'><strong>compages</strong></span> <span class='ocrx_word' id='word_1_296' title='bbox 444 2662 548 2702; x_wconf 86' lang='lat' dir='ltr'><strong>magis</strong></span> <span class='ocrx_word' id='word_1_297' title='bbox 568 2662 705 2692; x_wconf 87' lang='lat' dir='ltr'><strong>delicata</strong></span> <span class='ocrx_word' id='word_1_298' title='bbox 721 2671 817 2701; x_wconf 87' lang='lat' dir='ltr'><strong>quam</strong></span> <span class='ocrx_word' id='word_1_299' title='bbox 837 2671 906 2691; x_wconf 89' lang='lat' dir='ltr'><strong>cor-</strong></span> 
     </span>
     <span class='ocr_line' id='line_1_59' title="bbox 134 2704 903 2744; baseline -0.001 -10"><span class='ocrx_word' id='word_1_300' title='bbox 134 2705 220 2744; x_wconf 90' lang='lat' dir='ltr'><strong>poris</strong></span> <span class='ocrx_word' id='word_1_301' title='bbox 238 2709 408 2739; x_wconf 88' lang='lat' dir='ltr'><strong>structura,</strong></span> <span class='ocrx_word' id='word_1_302' title='bbox 419 2705 480 2736; x_wconf 82' lang='lat'><strong>376</strong></span> <span class='ocrx_word' id='word_1_303' title='bbox 494 2717 500 2739; x_wconf 82' lang='lat'>;</span> <span class='ocrx_word' id='word_1_304' title='bbox 525 2705 624 2735; x_wconf 87' lang='lat' dir='ltr'><strong>animi</strong></span> <span class='ocrx_word' id='word_1_305' title='bbox 642 2704 824 2744; x_wconf 86' lang='lat' dir='ltr'><strong>pathemata</strong></span> <span class='ocrx_word' id='word_1_306' title='bbox 838 2704 903 2743; x_wconf 90' lang='lat' dir='ltr'><strong>spi-</strong></span> 
     </span>
     <span class='ocr_line' id='line_1_60' title="bbox 134 2747 904 2788; baseline -0.001 -11"><span class='ocrx_word' id='word_1_307' title='bbox 134 2747 258 2777; x_wconf 89' lang='lat' dir='ltr'><strong>rituum</strong></span> <span class='ocrx_word' id='word_1_308' title='bbox 283 2747 420 2788; x_wconf 88' lang='lat' dir='ltr'><strong>systasin</strong></span> <span class='ocrx_word' id='word_1_309' title='bbox 445 2747 583 2783; x_wconf 87' lang='lat' dir='ltr'><strong>solvunt,</strong></span> <span class='ocrx_word' id='word_1_310' title='bbox 602 2749 684 2782; x_wconf 63' lang='lat'>4392</span> <span class='ocrx_word' id='word_1_311' title='bbox 715 2747 848 2786; x_wconf 85' lang='lat' dir='ltr'><strong>ideoque</strong></span> <span class='ocrx_word' id='word_1_312' title='bbox 872 2747 904 2776; x_wconf 90' lang='lat' dir='ltr'><strong>in</strong></span> 
     </span>
     <span class='ocr_line' id='line_1_61' title="bbox 133 2789 906 2830; baseline -0.001 -10"><span class='ocrx_word' id='word_1_313' title='bbox 133 2790 275 2830; x_wconf 81' lang='lat' dir='ltr'><strong>podagra</strong></span> <span class='ocrx_word' id='word_1_314' title='bbox 298 2795 374 2820; x_wconf 91' lang='lat' dir='ltr'><strong>sunt</strong></span> <span class='ocrx_word' id='word_1_315' title='bbox 396 2790 533 2827; x_wconf 87' lang='lat' dir='ltr'><strong>vitanda,</strong></span> <span class='ocrx_word' id='word_1_316' title='bbox 559 2792 653 2824; x_wconf 73' lang='lat' dir='ltr'><strong>ibid.,·</strong></span> <span class='ocrx_word' id='word_1_317' title='bbox 686 2790 718 2820; x_wconf 92' lang='lat' dir='ltr'><strong>in</strong></span> <span class='ocrx_word' id='word_1_318' title='bbox 741 2789 906 2820; x_wconf 82' lang='lat' dir='ltr'><strong>affectione</strong></span> 
     </span>
     <span class='ocr_line' id='line_1_62' title="bbox 133 2832 906 2872; baseline -0.001 -10"><span class='ocrx_word' id='word_1_319' title='bbox 133 2832 351 2872; x_wconf 89' lang='lat' dir='ltr'><strong>hypochondr.</strong></span> <span class='ocrx_word' id='word_1_320' title='bbox 367 2843 422 2863; x_wconf 89' lang='lat' dir='ltr'><strong>seu</strong></span> <span class='ocrx_word' id='word_1_321' title='bbox 432 2832 551 2872; x_wconf 84' lang='lat' dir='ltr'><strong>hyster.</strong></span> <span class='ocrx_word' id='word_1_322' title='bbox 566 2833 731 2868; x_wconf 87' lang='lat' dir='ltr'><strong>atrociora,</strong></span> <span class='ocrx_word' id='word_1_323' title='bbox 744 2833 819 2867; x_wconf 69' lang='lat'><strong>3693</strong></span> <span class='ocrx_word' id='word_1_324' title='bbox 838 2832 906 2862; x_wconf 89' lang='lat' dir='ltr'><strong>ani-</strong></span> 
     </span>
     <span class='ocr_line' id='line_1_63' title="bbox 132 2875 905 2915; baseline -0.001 -10"><span class='ocrx_word' id='word_1_325' title='bbox 132 2875 180 2905; x_wconf 88' lang='lat' dir='ltr'><strong>mi</strong></span> <span class='ocrx_word' id='word_1_326' title='bbox 207 2875 304 2905; x_wconf 89' lang='lat' dir='ltr'><strong>robur</strong></span> <span class='ocrx_word' id='word_1_327' title='bbox 331 2875 425 2911; x_wconf 87' lang='lat' dir='ltr'><strong>unde,</strong></span> <span class='ocrx_word' id='word_1_328' title='bbox 456 2875 537 2910; x_wconf 81' lang='grc' dir='ltr'><strong>376ς</strong></span> <span class='ocrx_word' id='word_1_329' title='bbox 577 2875 675 2905; x_wconf 90' lang='lat' dir='ltr'><strong>animi</strong></span> <span class='ocrx_word' id='word_1_330' title='bbox 707 2880 737 2905; x_wconf 91' lang='lat' dir='ltr'><strong>et</strong></span> <span class='ocrx_word' id='word_1_331' title='bbox 767 2875 905 2915; x_wconf 88' lang='lat' dir='ltr'><strong>corporis</strong></span> 
     </span>
     <span class='ocr_line' id='line_1_64' title="bbox 133 2918 905 2959; baseline -0.001 -11"><span class='ocrx_word' id='word_1_332' title='bbox 133 2921 241 2948; x_wconf 88' lang='lat' dir='ltr'><strong>motus</strong></span> <span class='ocrx_word' id='word_1_333' title='bbox 254 2918 456 2948; x_wconf 89' lang='lat' dir='ltr'><strong>violentiores</strong></span> <span class='ocrx_word' id='word_1_334' title='bbox 468 2918 617 2948; x_wconf 79' lang='lat' dir='ltr'><strong>affectum</strong></span> <span class='ocrx_word' id='word_1_335' title='bbox 634 2919 754 2959; x_wconf 78' lang='lat' dir='ltr'><strong>hyster.</strong></span> <span class='ocrx_word' id='word_1_336' title='bbox 768 2918 905 2947; x_wconf 82' lang='lat' dir='ltr'><strong>excitare</strong></span> 
     </span>
    </p>
   </div>
   <div class='ocr_carea' id='block_1_4' title="bbox 133 2960 935 3002">
    <p class='ocr_par' dir='ltr' id='par_1_21' title="bbox 133 2960 935 3002">
     <span class='ocr_line' id='line_1_65' title="bbox 133 2960 935 3002; baseline 0 -12"><span class='ocrx_word' id='word_1_337' title='bbox 133 2960 253 2996; x_wconf 85' lang='lat' dir='ltr'><strong>valent,</strong></span> <span class='ocrx_word' id='word_1_338' title='bbox 272 2962 352 2995; x_wconf 74' lang='lat'>202:</span> <span class='ocrx_word' id='word_1_339' title='bbox 377 2961 504 2991; x_wconf 90' lang='lat' dir='ltr'><strong>animus</strong></span> <span class='ocrx_word' id='word_1_340' title='bbox 520 2961 552 2991; x_wconf 91' lang='lat' dir='ltr'><strong>in</strong></span> <span class='ocrx_word' id='word_1_341' title='bbox 569 2960 738 3002; x_wconf 87' lang='lat' dir='ltr'><strong>hystericis</strong></span> <span class='ocrx_word' id='word_1_342' title='bbox 755 2966 785 2990; x_wconf 92' lang='lat' dir='ltr'><strong>et</strong></span> <span class='ocrx_word' id='word_1_343' title='bbox 802 2960 902 3000; x_wconf 88' lang='lat' dir='ltr'><strong>hypo·</strong></span> <span class='ocrx_word' id='word_1_344' title='bbox 931 2973 935 2997; x_wconf 75' lang='grc' dir='ltr'>ι</span> 
     </span>
    </p>
   </div>
   <div class='ocr_carea' id='block_1_5' title="bbox 1669 180 1742 216">
    <p class='ocr_par' dir='ltr' id='par_1_22' title="bbox 1669 180 1742 216">
     <span class='ocr_line' id='line_1_66' title="bbox 1669 180 1742 216; baseline 0.041 -3"><span class='ocrx_word' id='word_1_345' title='bbox 1669 180 1742 216; x_wconf 80' lang='grc'><strong>617</strong></span> 
     </span>
    </p>
   </div>
   <div class='ocr_carea' id='block_1_6' title="bbox 962 275 1740 3000">
    <p class='ocr_par' dir='ltr' id='par_1_23' title="bbox 968 275 1740 444">
     <span class='ocr_line' id='line_1_67' title="bbox 969 275 1740 316; baseline 0.004 -10"><span class='ocrx_word' id='word_1_346' title='bbox 969 275 1169 306; x_wconf 88' lang='lat' dir='ltr'><strong>chondriacis</strong></span> <span class='ocrx_word' id='word_1_347' title='bbox 1193 276 1350 316; x_wconf 83' lang='lat' dir='ltr'><strong>quomodo</strong></span> <span class='ocrx_word' id='word_1_348' title='bbox 1374 276 1415 306; x_wconf 86' lang='lat' dir='ltr'><strong>sit</strong></span> <span class='ocrx_word' id='word_1_349' title='bbox 1437 278 1640 316; x_wconf 84' lang='lat' dir='ltr'><strong>constitutus,</strong></span> <span class='ocrx_word' id='word_1_350' title='bbox 1667 281 1740 316; x_wconf 79' lang='lat'><strong>369,</strong></span> 
     </span>
     <span class='ocr_line' id='line_1_68' title="bbox 969 318 1738 361; baseline 0.005 -13"><span class='ocrx_word' id='word_1_351' title='bbox 969 319 1029 355; x_wconf 87' lang='grc'><strong>70;</strong></span> <span class='ocrx_word' id='word_1_352' title='bbox 1054 319 1087 349; x_wconf 89' lang='lat' dir='ltr'><strong>in</strong></span> <span class='ocrx_word' id='word_1_353' title='bbox 1104 319 1244 359; x_wconf 87' lang='lat' dir='ltr'><strong>podagra</strong></span> <span class='ocrx_word' id='word_1_354' title='bbox 1255 318 1430 349; x_wconf 86' lang='lat' dir='ltr'><strong>inveterata</strong></span> <span class='ocrx_word' id='word_1_355' title='bbox 1442 329 1477 350; x_wconf 92' lang='lat' dir='ltr'><strong>eo</strong></span> <span class='ocrx_word' id='word_1_356' title='bbox 1494 330 1596 360; x_wconf 87' lang='lat' dir='ltr'><strong>usque</strong></span> <span class='ocrx_word' id='word_1_357' title='bbox 1612 326 1738 361; x_wconf 86' lang='lat' dir='ltr'><strong>torque-</strong></span> 
     </span>
     <span class='ocr_line' id='line_1_69' title="bbox 968 362 1740 404; baseline 0.005 -13"><span class='ocrx_word' id='word_1_358' title='bbox 968 366 1021 391; x_wconf 89' lang='lat' dir='ltr'><strong>tur</strong></span> <span class='ocrx_word' id='word_1_359' title='bbox 1049 365 1086 391; x_wconf 90' lang='lat' dir='ltr'><strong>ut</strong></span> <span class='ocrx_word' id='word_1_360' title='bbox 1111 362 1230 391; x_wconf 87' lang='lat' dir='ltr'><strong>rectius</strong></span> <span class='ocrx_word' id='word_1_361' title='bbox 1260 363 1436 391; x_wconf 76' lang='lat' dir='ltr'><strong>iracundiae</strong></span> <span class='ocrx_word' id='word_1_362' title='bbox 1464 372 1560 402; x_wconf 87' lang='lat' dir='ltr'><strong>quarn</strong></span> <span class='ocrx_word' id='word_1_363' title='bbox 1583 366 1740 404; x_wconf 81' lang='lat' dir='ltr'><strong>podagrae</strong></span> 
     </span>
     <span class='ocr_line' id='line_1_70' title="bbox 968 403 1470 444; baseline 0.002 -11"><span class='ocrx_word' id='word_1_364' title='bbox 968 413 1180 444; x_wconf 80' lang='lat' dir='ltr'><strong>paroxysmus</strong></span> <span class='ocrx_word' id='word_1_365' title='bbox 1196 403 1257 434; x_wconf 91' lang='lat' dir='ltr'><strong>dici</strong></span> <span class='ocrx_word' id='word_1_366' title='bbox 1275 409 1379 443; x_wconf 83' lang='lat' dir='ltr'><strong>queat,</strong></span> <span class='ocrx_word' id='word_1_367' title='bbox 1397 404 1470 434; x_wconf 88' lang='lat'>416.</span> 
     </span>
    </p>

    <p class='ocr_par' dir='ltr' id='par_1_24' title="bbox 1011 445 1737 489">
     <span class='ocr_line' id='line_1_71' title="bbox 1011 445 1737 489; baseline 0.003 -13"><span class='ocrx_word' id='word_1_368' title='bbox 1011 446 1183 476; x_wconf 86' lang='lat' dir='ltr'><strong>Annorum</strong></span> <span class='ocrx_word' id='word_1_369' title='bbox 1196 446 1446 476; x_wconf 80' lang='lat' dir='ltr'><strong>constitutiones.</strong></span> <span class='ocrx_word' id='word_1_370' title='bbox 1463 445 1508 486; x_wconf 90' lang='lat' dir='ltr'>[v.</span> <span class='ocrx_word' id='word_1_371' title='bbox 1529 448 1737 489; x_wconf 61' lang='lat' dir='ltr'><strong>Constitzzliri]</strong></span> 
     </span>
    </p>

    <p class='ocr_par' dir='ltr' id='par_1_25' title="bbox 968 489 1739 609">
     <span class='ocr_line' id='line_1_72' title="bbox 1011 489 1737 529; baseline 0.004 -11"><span class='ocrx_word' id='word_1_372' title='bbox 1011 489 1127 519; x_wconf 85' lang='lat' dir='ltr'><strong>Annus</strong></span> <span class='ocrx_word' id='word_1_373' title='bbox 1143 490 1205 524; x_wconf 83' lang='lat'>’66‚</span> <span class='ocrx_word' id='word_1_374' title='bbox 1223 499 1285 529; x_wconf 92' lang='lat' dir='ltr'><strong>quo</strong></span> <span class='ocrx_word' id='word_1_375' title='bbox 1302 489 1400 528; x_wconf 89' lang='lat' dir='ltr'><strong>pestis</strong></span> <span class='ocrx_word' id='word_1_376' title='bbox 1418 489 1557 519; x_wconf 89' lang='lat' dir='ltr'><strong>Londini</strong></span> <span class='ocrx_word' id='word_1_377' title='bbox 1573 492 1737 528; x_wconf 71' lang='lat' dir='ltr'><strong>grassaba-</strong></span> 
     </span>
     <span class='ocr_line' id='line_1_73' title="bbox 968 531 1739 572; baseline 0.004 -11"><span class='ocrx_word' id='word_1_378' title='bbox 968 535 1029 567; x_wconf 87' lang='lat' dir='ltr'><strong>tur,</strong></span> <span class='ocrx_word' id='word_1_379' title='bbox 1044 531 1245 572; x_wconf 87' lang='lat' dir='ltr'><strong>caeteroquin</strong></span> <span class='ocrx_word' id='word_1_380' title='bbox 1259 531 1491 562; x_wconf 84' lang='lat' dir='ltr'><strong>saluberrimus</strong></span> <span class='ocrx_word' id='word_1_381' title='bbox 1505 536 1536 561; x_wconf 87' lang='lat' dir='ltr'><strong>et</strong></span> <span class='ocrx_word' id='word_1_382' title='bbox 1548 533 1739 564; x_wconf 84' lang='lat' dir='ltr'><strong>mitissimus</strong></span> 
     </span>
     <span class='ocr_line' id='line_1_74' title="bbox 968 574 1123 609; baseline 0.006 -6"><span class='ocrx_word' id='word_1_383' title='bbox 968 574 1040 609; x_wconf 89' lang='lat' dir='ltr'><strong>fuit,</strong></span> <span class='ocrx_word' id='word_1_384' title='bbox 1056 575 1123 604; x_wconf 91' lang='lat'>102.</span> 
     </span>
    </p>

    <p class='ocr_par' dir='ltr' id='par_1_26' title="bbox 1012 615 1480 656">
     <span class='ocr_line' id='line_1_75' title="bbox 1012 615 1480 656; baseline 0 -10"><span class='ocrx_word' id='word_1_385' title='bbox 1012 616 1181 656; x_wconf 82' lang='lat' dir='ltr'><strong>Anodyna.</strong></span> <span class='ocrx_word' id='word_1_386' title='bbox 1200 615 1244 656; x_wconf 81' lang='lat' dir='ltr'><strong>[v.</strong></span> <span class='ocrx_word' id='word_1_387' title='bbox 1264 615 1480 656; x_wconf 60' lang='lat' dir='ltr'><strong>Paregorica]</strong></span> 
     </span>
    </p>

    <p class='ocr_par' dir='ltr' id='par_1_27' title="bbox 1009 657 1720 699">
     <span class='ocr_line' id='line_1_76' title="bbox 1009 657 1720 699; baseline 0.001 -11"><span class='ocrx_word' id='word_1_388' title='bbox 1009 657 1167 699; x_wconf 83' lang='grc' dir='ltr'>Ἀνορεξία</span> <span class='ocrx_word' id='word_1_389' title='bbox 1179 669 1217 688; x_wconf 89' lang='lat' dir='ltr'><strong>ex</strong></span> <span class='ocrx_word' id='word_1_390' title='bbox 1233 659 1423 689; x_wconf 90' lang='lat' dir='ltr'><strong>humoribus</strong></span> <span class='ocrx_word' id='word_1_391' title='bbox 1439 659 1629 698; x_wconf 75' lang='lat' dir='ltr'><strong>depravatiS,</strong></span> <span class='ocrx_word' id='word_1_392' title='bbox 1648 659 1720 692; x_wconf 87' lang='lat'>377.</span> 
     </span>
    </p>

    <p class='ocr_par' dir='ltr' id='par_1_28' title="bbox 967 701 1738 822">
     <span class='ocr_line' id='line_1_77' title="bbox 1011 701 1738 741; baseline 0.001 -10"><span class='ocrx_word' id='word_1_393' title='bbox 1011 701 1191 732; x_wconf 86' lang='lat' dir='ltr'><strong>Anthraces</strong></span> <span class='ocrx_word' id='word_1_394' title='bbox 1233 701 1265 730; x_wconf 90' lang='lat' dir='ltr'><strong>in</strong></span> <span class='ocrx_word' id='word_1_395' title='bbox 1303 706 1392 741; x_wconf 88' lang='lat' dir='ltr'><strong>peste</strong></span> <span class='ocrx_word' id='word_1_396' title='bbox 1433 702 1580 731; x_wconf 86' lang='lat' dir='ltr'><strong>adustam</strong></span> <span class='ocrx_word' id='word_1_397' title='bbox 1613 702 1738 739; x_wconf 84' lang='lat' dir='ltr'><strong>faciem,</strong></span> 
     </span>
     <span class='ocr_line' id='line_1_78' title="bbox 967 743 1737 784; baseline 0.003 -11"><span class='ocrx_word' id='word_1_398' title='bbox 967 744 1101 783; x_wconf 89' lang='lat' dir='ltr'><strong>pyrotici</strong></span> <span class='ocrx_word' id='word_1_399' title='bbox 1129 743 1262 774; x_wconf 88' lang='lat' dir='ltr'><strong>actualis</strong></span> <span class='ocrx_word' id='word_1_400' title='bbox 1292 744 1494 784; x_wconf 88' lang='lat' dir='ltr'><strong>impressioni</strong></span> <span class='ocrx_word' id='word_1_401' title='bbox 1518 754 1582 774; x_wconf 91' lang='lat' dir='ltr'><strong>non</strong></span> <span class='ocrx_word' id='word_1_402' title='bbox 1606 745 1737 775; x_wconf 90' lang='lat' dir='ltr'><strong>absimi-</strong></span> 
     </span>
     <span class='ocr_line' id='line_1_79' title="bbox 967 786 1277 822; baseline 0.003 -7"><span class='ocrx_word' id='word_1_403' title='bbox 967 786 1042 822; x_wconf 89' lang='lat' dir='ltr'><strong>lem,</strong></span> <span class='ocrx_word' id='word_1_404' title='bbox 1058 787 1188 822; x_wconf 85' lang='lat' dir='ltr'><strong>habent,</strong></span> <span class='ocrx_word' id='word_1_405' title='bbox 1208 787 1277 816; x_wconf 83' lang='lat'>102.</span> 
     </span>
    </p>

    <p class='ocr_par' dir='ltr' id='par_1_29' title="bbox 968 829 1739 911">
     <span class='ocr_line' id='line_1_80' title="bbox 1010 829 1739 870; baseline 0.003 -12"><span class='ocrx_word' id='word_1_406' title='bbox 1010 829 1209 859; x_wconf 87' lang='lat' dir='ltr'><strong>Antidotalia</strong></span> <span class='ocrx_word' id='word_1_407' title='bbox 1226 829 1329 858; x_wconf 90' lang='lat' dir='ltr'><strong>calida</strong></span> <span class='ocrx_word' id='word_1_408' title='bbox 1340 833 1462 869; x_wconf 89' lang='lat' dir='ltr'><strong>pestem</strong></span> <span class='ocrx_word' id='word_1_409' title='bbox 1478 829 1584 870; x_wconf 87' lang='lat' dir='ltr'><strong>potius</strong></span> <span class='ocrx_word' id='word_1_410' title='bbox 1601 830 1739 860; x_wconf 86' lang='lat' dir='ltr'><strong>invitant</strong></span> 
     </span>
     <span class='ocr_line' id='line_1_81' title="bbox 968 872 1291 911; baseline 0.003 -11"><span class='ocrx_word' id='word_1_411' title='bbox 968 881 1065 911; x_wconf 87' lang='lat' dir='ltr'><strong>quam</strong></span> <span class='ocrx_word' id='word_1_412' title='bbox 1082 875 1198 907; x_wconf 86' lang='lat' dir='ltr'><strong>arcent,</strong></span> <span class='ocrx_word' id='word_1_413' title='bbox 1219 872 1291 901; x_wconf 85' lang='lat'>102.</span> 
     </span>
    </p>

    <p class='ocr_par' dir='ltr' id='par_1_30' title="bbox 966 914 1738 1081">
     <span class='ocr_line' id='line_1_82' title="bbox 1011 914 1734 954; baseline 0.003 -11"><span class='ocrx_word' id='word_1_414' title='bbox 1011 914 1244 944; x_wconf 86' lang='lat' dir='ltr'><strong>Antimonialia</strong></span> <span class='ocrx_word' id='word_1_415' title='bbox 1258 914 1394 944; x_wconf 85' lang='lat' dir='ltr'><strong>emetica</strong></span> <span class='ocrx_word' id='word_1_416' title='bbox 1411 924 1578 954; x_wconf 88' lang='lat' dir='ltr'><strong>nunquam</strong></span> <span class='ocrx_word' id='word_1_417' title='bbox 1594 919 1663 945; x_wconf 85' lang='lat' dir='ltr'><strong>tuto</strong></span> <span class='ocrx_word' id='word_1_418' title='bbox 1679 926 1734 945; x_wconf 84' lang='lat' dir='ltr'><strong>ex-</strong></span> 
     </span>
     <span class='ocr_line' id='line_1_83' title="bbox 966 956 1736 995; baseline 0.003 -9"><span class='ocrx_word' id='word_1_419' title='bbox 966 956 1117 986; x_wconf 87' lang='lat' dir='ltr'><strong>hibentur</strong></span> <span class='ocrx_word' id='word_1_420' title='bbox 1132 956 1275 995; x_wconf 87' lang='lat' dir='ltr'><strong>puerulis</strong></span> <span class='ocrx_word' id='word_1_421' title='bbox 1296 957 1379 986; x_wconf 87' lang='lat' dir='ltr'><strong>infra</strong></span> <span class='ocrx_word' id='word_1_422' title='bbox 1395 957 1642 987; x_wconf 87' lang='lat' dir='ltr'><strong>adolescentiam</strong></span> <span class='ocrx_word' id='word_1_423' title='bbox 1659 968 1736 988; x_wconf 90' lang='lat' dir='ltr'><strong>con-</strong></span> 
     </span>
     <span class='ocr_line' id='line_1_84' title="bbox 967 999 1738 1040; baseline 0.004 -12"><span class='ocrx_word' id='word_1_424' title='bbox 967 999 1097 1035; x_wconf 88' lang='lat' dir='ltr'><strong>stitutis,</strong></span> <span class='ocrx_word' id='word_1_425' title='bbox 1110 1000 1166 1034; x_wconf 83' lang='lat'>46;</span> <span class='ocrx_word' id='word_1_426' title='bbox 1185 1009 1288 1039; x_wconf 85' lang='lat' dir='ltr'><strong>neque</strong></span> <span class='ocrx_word' id='word_1_427' title='bbox 1304 1004 1373 1029; x_wconf 91' lang='lat' dir='ltr'><strong>tuto</strong></span> <span class='ocrx_word' id='word_1_428' title='bbox 1387 1009 1529 1039; x_wconf 86' lang='lat' dir='ltr'><strong>unquam</strong></span> <span class='ocrx_word' id='word_1_429' title='bbox 1545 1001 1738 1040; x_wconf 88' lang='lat' dir='ltr'><strong>praebentur</strong></span> 
     </span>
     <span class='ocr_line' id='line_1_85' title="bbox 966 1041 1429 1081; baseline 0 -10"><span class='ocrx_word' id='word_1_430' title='bbox 966 1041 1027 1071; x_wconf 85' lang='lat' dir='ltr'><strong>nisi</strong></span> <span class='ocrx_word' id='word_1_431' title='bbox 1045 1042 1170 1081; x_wconf 86' lang='lat' dir='ltr'><strong>copiose</strong></span> <span class='ocrx_word' id='word_1_432' title='bbox 1185 1041 1359 1077; x_wconf 88' lang='lat' dir='ltr'><strong>diluantur,</strong></span> <span class='ocrx_word' id='word_1_433' title='bbox 1378 1043 1429 1072; x_wconf 89' lang='lat'><strong>44.</strong></span> 
     </span>
    </p>

    <p class='ocr_par' dir='ltr' id='par_1_31' title="bbox 966 1084 1738 1199">
     <span class='ocr_line' id='line_1_86' title="bbox 1010 1084 1735 1124; baseline 0.003 -11"><span class='ocrx_word' id='word_1_434' title='bbox 1010 1084 1271 1114; x_wconf 85' lang='lat' dir='ltr'><strong>Antiscorbutica</strong></span> <span class='ocrx_word' id='word_1_435' title='bbox 1294 1084 1482 1124; x_wconf 86' lang='lat' dir='ltr'><strong>hydropem,</strong></span> <span class='ocrx_word' id='word_1_436' title='bbox 1509 1094 1547 1114; x_wconf 88' lang='lat' dir='ltr'><strong>ex</strong></span> <span class='ocrx_word' id='word_1_437' title='bbox 1571 1084 1657 1115; x_wconf 88' lang='lat' dir='ltr'><strong>febre</strong></span> <span class='ocrx_word' id='word_1_438' title='bbox 1684 1085 1735 1115; x_wconf 88' lang='lat' dir='ltr'><strong>in-</strong></span> 
     </span>
     <span class='ocr_line' id='line_1_87' title="bbox 966 1127 1738 1166; baseline 0.003 -10"><span class='ocrx_word' id='word_1_439' title='bbox 966 1127 1096 1157; x_wconf 80' lang='lat' dir='ltr'><strong>termitt.</strong></span> <span class='ocrx_word' id='word_1_440' title='bbox 1124 1131 1269 1157; x_wconf 87' lang='lat' dir='ltr'><strong>autumn.</strong></span> <span class='ocrx_word' id='word_1_441' title='bbox 1298 1131 1422 1163; x_wconf 89' lang='lat' dir='ltr'><strong>natum,</strong></span> <span class='ocrx_word' id='word_1_442' title='bbox 1452 1127 1655 1166; x_wconf 84' lang='lat' dir='ltr'><strong>expellentia,</strong></span> <span class='ocrx_word' id='word_1_443' title='bbox 1686 1129 1738 1165; x_wconf 88' lang='grc'><strong>89,</strong></span> 
     </span>
     <span class='ocr_line' id='line_1_88' title="bbox 967 1171 1039 1199; baseline -0.014 0"><span class='ocrx_word' id='word_1_444' title='bbox 967 1171 1039 1199; x_wconf 83' lang='grc'><strong>550.</strong></span> 
     </span>
    </p>

    <p class='ocr_par' dir='ltr' id='par_1_32' title="bbox 1010 1210 1598 1251">
     <span class='ocr_line' id='line_1_89' title="bbox 1010 1210 1598 1251; baseline -0.002 -10"><span class='ocrx_word' id='word_1_445' title='bbox 1010 1211 1231 1242; x_wconf 86' lang='lat' dir='ltr'><strong>Antivenerea.</strong></span> <span class='ocrx_word' id='word_1_446' title='bbox 1251 1210 1296 1251; x_wconf 87' lang='lat' dir='ltr'><strong>[v.</strong></span> <span class='ocrx_word' id='word_1_447' title='bbox 1315 1210 1598 1251; x_wconf 63' lang='lat' dir='ltr'><strong>Alaripharmoem]</strong></span> 
     </span>
    </p>

    <p class='ocr_par' dir='ltr' id='par_1_33' title="bbox 965 1254 1739 1545">
     <span class='ocr_line' id='line_1_90' title="bbox 1009 1254 1736 1294; baseline 0 -10"><span class='ocrx_word' id='word_1_448' title='bbox 1009 1254 1161 1293; x_wconf 88' lang='lat' dir='ltr'><strong>Aphthae</strong></span> <span class='ocrx_word' id='word_1_449' title='bbox 1198 1254 1386 1294; x_wconf 80' lang='lat' dir='ltr'><strong>dysenteriis</strong></span> <span class='ocrx_word' id='word_1_450' title='bbox 1416 1254 1637 1284; x_wconf 84' lang='lat' dir='ltr'><strong>recedentibus</strong></span> <span class='ocrx_word' id='word_1_451' title='bbox 1680 1265 1736 1284; x_wconf 90' lang='lat' dir='ltr'><strong>su-</strong></span> 
     </span>
     <span class='ocr_line' id='line_1_91' title="bbox 966 1297 1736 1337; baseline 0 -11"><span class='ocrx_word' id='word_1_452' title='bbox 966 1298 1197 1336; x_wconf 85' lang='lat' dir='ltr'><strong>pervenientes,</strong></span> <span class='ocrx_word' id='word_1_453' title='bbox 1210 1297 1294 1326; x_wconf 88' lang='lat' dir='ltr'><strong>uude</strong></span> <span class='ocrx_word' id='word_1_454' title='bbox 1310 1302 1489 1333; x_wconf 82' lang='lat' dir='ltr'><strong>nascantur,</strong></span> <span class='ocrx_word' id='word_1_455' title='bbox 1511 1297 1588 1332; x_wconf 84' lang='lat'>179;</span> <span class='ocrx_word' id='word_1_456' title='bbox 1614 1297 1644 1326; x_wconf 88' lang='lat' dir='ltr'><strong>in</strong></span> <span class='ocrx_word' id='word_1_457' title='bbox 1663 1298 1736 1337; x_wconf 83' lang='lat' dir='ltr'><strong>dys-</strong></span> 
     </span>
     <span class='ocr_line' id='line_1_92' title="bbox 966 1339 1736 1374; baseline 0 -5"><span class='ocrx_word' id='word_1_458' title='bbox 966 1340 1084 1369; x_wconf 87' lang='lat' dir='ltr'><strong>enteria</strong></span> <span class='ocrx_word' id='word_1_459' title='bbox 1109 1344 1244 1369; x_wconf 88' lang='lat' dir='ltr'><strong>mortem</strong></span> <span class='ocrx_word' id='word_1_460' title='bbox 1267 1339 1502 1374; x_wconf 69' lang='lat' dir='ltr'><strong>denuntiantes,</strong></span> <span class='ocrx_word' id='word_1_461' title='bbox 1529 1340 1609 1373; x_wconf 82' lang='lat'>168;</span> <span class='ocrx_word' id='word_1_462' title='bbox 1633 1340 1665 1369; x_wconf 90' lang='lat' dir='ltr'><strong>in</strong></span> <span class='ocrx_word' id='word_1_463' title='bbox 1691 1340 1736 1369; x_wconf 86' lang='lat' dir='ltr'><strong>fe-</strong></span> 
     </span>
     <span class='ocr_line' id='line_1_93' title="bbox 966 1382 1736 1421; baseline 0 -10"><span class='ocrx_word' id='word_1_464' title='bbox 966 1382 1020 1411; x_wconf 87' lang='lat' dir='ltr'><strong>bre</strong></span> <span class='ocrx_word' id='word_1_465' title='bbox 1044 1382 1180 1421; x_wconf 85' lang='lat' dir='ltr'><strong>epidem.</strong></span> <span class='ocrx_word' id='word_1_466' title='bbox 1196 1392 1289 1416; x_wconf 89' lang='lat' dir='ltr'><strong>nova,</strong></span> <span class='ocrx_word' id='word_1_467' title='bbox 1311 1391 1393 1411; x_wconf 91' lang='lat' dir='ltr'><strong>anno</strong></span> <span class='ocrx_word' id='word_1_468' title='bbox 1415 1383 1478 1417; x_wconf 72' lang='lat'><strong>’85‚</strong></span> <span class='ocrx_word' id='word_1_469' title='bbox 1502 1382 1675 1412; x_wconf 85' lang='lat' dir='ltr'><strong>recidivam</strong></span> <span class='ocrx_word' id='word_1_470' title='bbox 1692 1382 1736 1412; x_wconf 88' lang='lat' dir='ltr'><strong>fe-</strong></span> 
     </span>
     <span class='ocr_line' id='line_1_94' title="bbox 965 1424 1738 1463; baseline 0 -9"><span class='ocrx_word' id='word_1_471' title='bbox 965 1424 1052 1454; x_wconf 86' lang='lat' dir='ltr'><strong>brem</strong></span> <span class='ocrx_word' id='word_1_472' title='bbox 1065 1425 1233 1459; x_wconf 86' lang='lat' dir='ltr'><strong>inducunt,</strong></span> <span class='ocrx_word' id='word_1_473' title='bbox 1251 1435 1332 1463; x_wconf 85' lang='lat' dir='ltr'><strong>quae</strong></span> <span class='ocrx_word' id='word_1_474' title='bbox 1347 1425 1594 1463; x_wconf 88' lang='lat' dir='ltr'><strong>symptomatica</strong></span> <span class='ocrx_word' id='word_1_475' title='bbox 1612 1429 1738 1455; x_wconf 85' lang='lat' dir='ltr'><strong>tantum</strong></span> 
     </span>
     <span class='ocr_line' id='line_1_95' title="bbox 967 1467 1739 1506; baseline 0.001 -10"><span class='ocrx_word' id='word_1_476' title='bbox 967 1471 1024 1502; x_wconf 86' lang='lat' dir='ltr'><strong>est,</strong></span> <span class='ocrx_word' id='word_1_477' title='bbox 1038 1468 1097 1497; x_wconf 83' lang='lat'>491</span> <span class='ocrx_word' id='word_1_478' title='bbox 1114 1479 1120 1501; x_wconf 86' lang='grc'>;</span> <span class='ocrx_word' id='word_1_479' title='bbox 1145 1467 1260 1496; x_wconf 84' lang='lat' dir='ltr'><strong>cortice</strong></span> <span class='ocrx_word' id='word_1_480' title='bbox 1276 1467 1391 1496; x_wconf 81' lang='lat' dir='ltr'><strong>PeruV.</strong></span> <span class='ocrx_word' id='word_1_481' title='bbox 1405 1467 1607 1506; x_wconf 86' lang='lat' dir='ltr'><strong>quandonam</strong></span> <span class='ocrx_word' id='word_1_482' title='bbox 1625 1478 1739 1498; x_wconf 86' lang='lat' dir='ltr'><strong>sanen-</strong></span> 
     </span>
     <span class='ocr_line' id='line_1_96' title="bbox 967 1510 1210 1545; baseline 0.004 -7"><span class='ocrx_word' id='word_1_483' title='bbox 967 1514 1028 1545; x_wconf 87' lang='lat' dir='ltr'><strong>tur,</strong></span> <span class='ocrx_word' id='word_1_484' title='bbox 1047 1510 1120 1544; x_wconf 90' lang='lat'><strong>491,</strong></span> <span class='ocrx_word' id='word_1_485' title='bbox 1139 1510 1210 1539; x_wconf 82' lang='lat'>492.</span> 
     </span>
    </p>

    <p class='ocr_par' dir='ltr' id='par_1_34' title="bbox 1010 1550 1521 1590">
     <span class='ocr_line' id='line_1_97' title="bbox 1010 1550 1521 1590; baseline 0 -9"><span class='ocrx_word' id='word_1_486' title='bbox 1010 1551 1228 1586; x_wconf 76' lang='lat' dir='ltr'><strong>APOPLExrA,</strong></span> <span class='ocrx_word' id='word_1_487' title='bbox 1252 1550 1338 1590; x_wconf 72' lang='lat' dir='ltr'>(DE)</span> <span class='ocrx_word' id='word_1_488' title='bbox 1357 1551 1430 1587; x_wconf 87' lang='grc'><em>570,</em></span> <span class='ocrx_word' id='word_1_489' title='bbox 1449 1550 1521 1583; x_wconf 89' lang='grc'><strong>571.</strong></span> 
     </span>
    </p>

    <p class='ocr_par' dir='ltr' id='par_1_35' title="bbox 964 1593 1739 1805">
     <span class='ocr_line' id='line_1_98' title="bbox 1010 1593 1738 1634; baseline 0.001 -11"><span class='ocrx_word' id='word_1_490' title='bbox 1010 1593 1190 1634; x_wconf 85' lang='lat' dir='ltr'><strong>Apoplexia</strong></span> <span class='ocrx_word' id='word_1_491' title='bbox 1217 1594 1359 1624; x_wconf 85' lang='lat' dir='ltr'><strong>febribus</strong></span> <span class='ocrx_word' id='word_1_492' title='bbox 1386 1593 1551 1625; x_wconf 88' lang='lat' dir='ltr'><strong>intermitt.</strong></span> <span class='ocrx_word' id='word_1_493' title='bbox 1581 1594 1656 1623; x_wconf 89' lang='lat' dir='ltr'><strong>anni</strong></span> <span class='ocrx_word' id='word_1_494' title='bbox 1686 1593 1738 1626; x_wconf 88' lang='lat'><strong>&#39;78</strong></span> 
     </span>
     <span class='ocr_line' id='line_1_99' title="bbox 967 1636 1737 1676; baseline 0.001 -11"><span class='ocrx_word' id='word_1_495' title='bbox 967 1637 1194 1676; x_wconf 88' lang='lat' dir='ltr'><strong>superveniens</strong></span> <span class='ocrx_word' id='word_1_496' title='bbox 1239 1636 1355 1666; x_wconf 86' lang='lat' dir='ltr'><strong>cortice</strong></span> <span class='ocrx_word' id='word_1_497' title='bbox 1397 1636 1515 1666; x_wconf 82' lang='lat' dir='ltr'><strong>PeruV.</strong></span> <span class='ocrx_word' id='word_1_498' title='bbox 1556 1637 1737 1672; x_wconf 82' lang='lat' dir='ltr'><strong>curabatur,</strong></span> 
     </span>
     <span class='ocr_line' id='line_1_100' title="bbox 967 1679 1739 1719; baseline 0 -11"><span class='ocrx_word' id='word_1_499' title='bbox 967 1680 1028 1709; x_wconf 82' lang='lat'><strong>289</strong></span> <span class='ocrx_word' id='word_1_500' title='bbox 1043 1692 1049 1713; x_wconf 69' lang='grc' dir='ltr'>ς</span> <span class='ocrx_word' id='word_1_501' title='bbox 1073 1679 1240 1719; x_wconf 82' lang='lat' dir='ltr'><strong>apoplexia</strong></span> <span class='ocrx_word' id='word_1_502' title='bbox 1252 1679 1395 1718; x_wconf 87' lang='lat' dir='ltr'><strong>vulgaris</strong></span> <span class='ocrx_word' id='word_1_503' title='bbox 1418 1689 1549 1709; x_wconf 85' lang='lat' dir='ltr'><strong>causam</strong></span> <span class='ocrx_word' id='word_1_504' title='bbox 1564 1689 1627 1708; x_wconf 91' lang='lat' dir='ltr'><strong>non</strong></span> <span class='ocrx_word' id='word_1_505' title='bbox 1643 1680 1739 1709; x_wconf 82' lang='lat' dir='ltr'><strong>habet</strong></span> 
     </span>
     <span class='ocr_line' id='line_1_101' title="bbox 966 1721 1737 1762; baseline 0.001 -11"><span class='ocrx_word' id='word_1_506' title='bbox 966 1722 1098 1752; x_wconf 86' lang='lat' dir='ltr'><strong>eandem</strong></span> <span class='ocrx_word' id='word_1_507' title='bbox 1114 1733 1210 1761; x_wconf 80' lang='lat' dir='ltr'><strong>quain</strong></span> <span class='ocrx_word' id='word_1_508' title='bbox 1224 1721 1394 1762; x_wconf 83' lang='lat' dir='ltr'><strong>hysterica,</strong></span> <span class='ocrx_word' id='word_1_509' title='bbox 1410 1723 1470 1751; x_wconf 82' lang='lat'><strong>365</strong></span> <span class='ocrx_word' id='word_1_510' title='bbox 1485 1734 1490 1757; x_wconf 88' lang='lat'>;</span> <span class='ocrx_word' id='word_1_511' title='bbox 1517 1721 1549 1751; x_wconf 89' lang='lat' dir='ltr'><strong>in</strong></span> <span class='ocrx_word' id='word_1_512' title='bbox 1566 1722 1737 1762; x_wconf 82' lang='lat' dir='ltr'><strong>podagrico</strong></span> 
     </span>
     <span class='ocr_line' id='line_1_102' title="bbox 964 1764 1739 1805; baseline 0 -11"><span class='ocrx_word' id='word_1_513' title='bbox 964 1775 1157 1805; x_wconf 80' lang='lat' dir='ltr'><strong>paroxysmo</strong></span> <span class='ocrx_word' id='word_1_514' title='bbox 1173 1764 1355 1795; x_wconf 84' lang='lat' dir='ltr'><strong>sudoriferis</strong></span> <span class='ocrx_word' id='word_1_515' title='bbox 1371 1764 1530 1799; x_wconf 80' lang='lat' dir='ltr'><strong>exhibitis,</strong></span> <span class='ocrx_word' id='word_1_516' title='bbox 1548 1766 1621 1794; x_wconf 90' lang='lat'>422.</span> <span class='ocrx_word' id='word_1_517' title='bbox 1735 1765 1739 1768; x_wconf 73' lang='grc'><strong>”</strong></span> 
     </span>
    </p>

    <p class='ocr_par' dir='ltr' id='par_1_36' title="bbox 964 1806 1738 2141">
     <span class='ocr_line' id='line_1_103' title="bbox 1009 1806 1737 1847; baseline 0 -10"><span class='ocrx_word' id='word_1_518' title='bbox 1009 1808 1187 1847; x_wconf 87' lang='lat' dir='ltr'><strong>Apostema.</strong></span> <span class='ocrx_word' id='word_1_519' title='bbox 1223 1807 1297 1837; x_wconf 84' lang='lat' dir='ltr'><strong>talis</strong></span> <span class='ocrx_word' id='word_1_520' title='bbox 1336 1806 1481 1837; x_wconf 86' lang='lat' dir='ltr'><strong>Naturae</strong></span> <span class='ocrx_word' id='word_1_521' title='bbox 1515 1808 1664 1837; x_wconf 85' lang='lat' dir='ltr'><strong>machina</strong></span> <span class='ocrx_word' id='word_1_522' title='bbox 1704 1808 1737 1838; x_wconf 88' lang='lat' dir='ltr'><strong>in</strong></span> 
     </span>
     <span class='ocr_line' id='line_1_104' title="bbox 966 1849 1736 1890; baseline 0.003 -12"><span class='ocrx_word' id='word_1_523' title='bbox 966 1851 1123 1886; x_wconf 88' lang='lat' dir='ltr'><strong>carnibus,</strong></span> <span class='ocrx_word' id='word_1_524' title='bbox 1142 1850 1246 1890; x_wconf 90' lang='lat' dir='ltr'><strong>qualis</strong></span> <span class='ocrx_word' id='word_1_525' title='bbox 1269 1849 1366 1880; x_wconf 86' lang='lat' dir='ltr'><strong>febris</strong></span> <span class='ocrx_word' id='word_1_526' title='bbox 1390 1849 1422 1879; x_wconf 87' lang='lat' dir='ltr'><strong>in</strong></span> <span class='ocrx_word' id='word_1_527' title='bbox 1447 1849 1645 1886; x_wconf 87' lang='lat' dir='ltr'><strong>humoribus,</strong></span> <span class='ocrx_word' id='word_1_528' title='bbox 1665 1852 1736 1887; x_wconf 53' lang='lat'><strong>15111,</strong></span> 
     </span>
     <span class='ocr_line' id='line_1_105' title="bbox 965 1892 1734 1932; baseline 0 -10"><span class='ocrx_word' id='word_1_529' title='bbox 965 1893 1016 1928; x_wconf 84' lang='lat'><strong>55,</strong></span> <span class='ocrx_word' id='word_1_530' title='bbox 1035 1894 1096 1922; x_wconf 86' lang='lat'><strong>336</strong></span> <span class='ocrx_word' id='word_1_531' title='bbox 1111 1905 1117 1927; x_wconf 90' lang='lat'>;</span> <span class='ocrx_word' id='word_1_532' title='bbox 1141 1896 1338 1932; x_wconf 86' lang='lat' dir='ltr'><strong>apostemata</strong></span> <span class='ocrx_word' id='word_1_533' title='bbox 1363 1892 1522 1931; x_wconf 90' lang='lat' dir='ltr'><strong>quomodo</strong></span> <span class='ocrx_word' id='word_1_534' title='bbox 1538 1893 1669 1923; x_wconf 80' lang='lat' dir='ltr'><strong>febrem.</strong></span> <span class='ocrx_word' id='word_1_535' title='bbox 1686 1904 1734 1922; x_wconf 88' lang='lat' dir='ltr'><strong>rc-</strong></span> 
     </span>
     <span class='ocr_line' id='line_1_106' title="bbox 965 1935 1738 1975; baseline 0.003 -11"><span class='ocrx_word' id='word_1_536' title='bbox 965 1940 1070 1975; x_wconf 88' lang='lat' dir='ltr'><strong>sorpto</strong></span> <span class='ocrx_word' id='word_1_537' title='bbox 1086 1945 1176 1975; x_wconf 88' lang='lat' dir='ltr'><strong>pure,</strong></span> <span class='ocrx_word' id='word_1_538' title='bbox 1191 1935 1339 1970; x_wconf 86' lang='lat' dir='ltr'><strong>excitent,</strong></span> <span class='ocrx_word' id='word_1_539' title='bbox 1357 1935 1418 1964; x_wconf 88' lang='grc'><strong>336</strong></span> <span class='ocrx_word' id='word_1_540' title='bbox 1434 1947 1440 1969; x_wconf 89' lang='grc'>;</span> <span class='ocrx_word' id='word_1_541' title='bbox 1464 1935 1503 1964; x_wconf 89' lang='lat' dir='ltr'><strong>ad</strong></span> <span class='ocrx_word' id='word_1_542' title='bbox 1524 1935 1622 1975; x_wconf 88' lang='lat' dir='ltr'><strong>pestis</strong></span> <span class='ocrx_word' id='word_1_543' title='bbox 1646 1946 1738 1966; x_wconf 85' lang='lat' dir='ltr'><strong>verae</strong></span> 
     </span>
     <span class='ocr_line' id='line_1_107' title="bbox 964 1977 1734 2017; baseline 0.001 -10"><span class='ocrx_word' id='word_1_544' title='bbox 964 1978 1162 2008; x_wconf 85' lang='lat' dir='ltr'><strong>curationem</strong></span> <span class='ocrx_word' id='word_1_545' title='bbox 1185 1977 1328 2007; x_wconf 91' lang='lat' dir='ltr'><strong>nondum</strong></span> <span class='ocrx_word' id='word_1_546' title='bbox 1350 1977 1481 2007; x_wconf 85' lang='lat' dir='ltr'><strong>excitari</strong></span> <span class='ocrx_word' id='word_1_547' title='bbox 1505 1987 1523 2007; x_wconf 88' lang='lat' dir='ltr'><strong>a</strong></span> <span class='ocrx_word' id='word_1_548' title='bbox 1545 1978 1638 2007; x_wconf 90' lang='lat' dir='ltr'><strong>nobis</strong></span> <span class='ocrx_word' id='word_1_549' title='bbox 1660 1988 1734 2017; x_wconf 86' lang='lat' dir='ltr'><strong>pos-</strong></span> 
     </span>
     <span class='ocr_line' id='line_1_108' title="bbox 965 2020 1735 2059; baseline 0.001 -10"><span class='ocrx_word' id='word_1_550' title='bbox 965 2025 1050 2056; x_wconf 89' lang='lat' dir='ltr'><strong>sunt,</strong></span> <span class='ocrx_word' id='word_1_551' title='bbox 1083 2021 1162 2055; x_wconf 83' lang='lat'>104;</span> <span class='ocrx_word' id='word_1_552' title='bbox 1197 2020 1230 2050; x_wconf 93' lang='lat' dir='ltr'><strong>in</strong></span> <span class='ocrx_word' id='word_1_553' title='bbox 1252 2024 1351 2059; x_wconf 85' lang='lat' dir='ltr'><strong>peste,</strong></span> <span class='ocrx_word' id='word_1_554' title='bbox 1375 2020 1430 2050; x_wconf 90' lang='lat' dir='ltr'><strong>ubi</strong></span> <span class='ocrx_word' id='word_1_555' title='bbox 1453 2020 1492 2050; x_wconf 91' lang='lat' dir='ltr'><strong>ad</strong></span> <span class='ocrx_word' id='word_1_556' title='bbox 1515 2020 1735 2051; x_wconf 86' lang='lat' dir='ltr'><strong>maturitatem</strong></span> 
     </span>
     <span class='ocr_line' id='line_1_109' title="bbox 964 2062 1733 2103; baseline 0.001 -11"><span class='ocrx_word' id='word_1_557' title='bbox 964 2063 1163 2103; x_wconf 89' lang='lat' dir='ltr'><strong>perveniunt,</strong></span> <span class='ocrx_word' id='word_1_558' title='bbox 1190 2063 1343 2092; x_wconf 81' lang='lat' dir='ltr'><strong>incertam</strong></span> <span class='ocrx_word' id='word_1_559' title='bbox 1377 2072 1413 2092; x_wconf 90' lang='lat' dir='ltr'><strong>ac</strong></span> <span class='ocrx_word' id='word_1_560' title='bbox 1439 2062 1587 2093; x_wconf 88' lang='lat' dir='ltr'><strong>fallacem</strong></span> <span class='ocrx_word' id='word_1_561' title='bbox 1615 2064 1733 2093; x_wconf 88' lang='lat' dir='ltr'><strong>consti-</strong></span> 
     </span>
     <span class='ocr_line' id='line_1_110' title="bbox 964 2105 1470 2141; baseline 0 -6"><span class='ocrx_word' id='word_1_562' title='bbox 964 2110 1060 2135; x_wconf 87' lang='lat' dir='ltr'><strong>tuunt</strong></span> <span class='ocrx_word' id='word_1_563' title='bbox 1082 2105 1289 2140; x_wconf 87' lang='lat' dir='ltr'><strong>curationem,</strong></span> <span class='ocrx_word' id='word_1_564' title='bbox 1310 2106 1380 2141; x_wconf 85' lang='lat'><strong>104,</strong></span> <span class='ocrx_word' id='word_1_565' title='bbox 1401 2105 1470 2136; x_wconf 90' lang='grc'><strong>116.</strong></span> 
     </span>
    </p>

    <p class='ocr_par' dir='ltr' id='par_1_37' title="bbox 963 2147 1734 2273">
     <span class='ocr_line' id='line_1_111' title="bbox 1008 2147 1733 2188; baseline 0 -10"><span class='ocrx_word' id='word_1_566' title='bbox 1008 2147 1177 2188; x_wconf 88' lang='lat' dir='ltr'><strong>Appetitui</strong></span> <span class='ocrx_word' id='word_1_567' title='bbox 1207 2148 1378 2187; x_wconf 86' lang='lat' dir='ltr'><strong>depravato</strong></span> <span class='ocrx_word' id='word_1_568' title='bbox 1407 2147 1643 2187; x_wconf 85' lang='lat' dir='ltr'><strong>indulgendum</strong></span> <span class='ocrx_word' id='word_1_569' title='bbox 1674 2148 1733 2178; x_wconf 86' lang='lat' dir='ltr'><strong>ali-</strong></span> 
     </span>
     <span class='ocr_line' id='line_1_112' title="bbox 965 2191 1734 2231; baseline 0.001 -11"><span class='ocrx_word' id='word_1_570' title='bbox 965 2191 1101 2230; x_wconf 88' lang='lat' dir='ltr'><strong>quando,</strong></span> <span class='ocrx_word' id='word_1_571' title='bbox 1113 2192 1186 2226; x_wconf 88' lang='lat'><strong>214,</strong></span> <span class='ocrx_word' id='word_1_572' title='bbox 1199 2192 1271 2226; x_wconf 87' lang='lat'><strong>215,</strong></span> <span class='ocrx_word' id='word_1_573' title='bbox 1290 2191 1363 2227; x_wconf 80' lang='lat'><strong>343,</strong></span> <span class='ocrx_word' id='word_1_574' title='bbox 1378 2191 1458 2225; x_wconf 75' lang='lat'>3443</span> <span class='ocrx_word' id='word_1_575' title='bbox 1484 2191 1643 2230; x_wconf 88' lang='lat' dir='ltr'><strong>appetitus</strong></span> <span class='ocrx_word' id='word_1_576' title='bbox 1659 2201 1734 2231; x_wconf 90' lang='lat' dir='ltr'><strong>pro-</strong></span> 
     </span>
     <span class='ocr_line' id='line_1_113' title="bbox 963 2233 1659 2273; baseline 0 -10"><span class='ocrx_word' id='word_1_577' title='bbox 963 2234 1073 2263; x_wconf 87' lang='lat' dir='ltr'><strong>stratio</strong></span> <span class='ocrx_word' id='word_1_578' title='bbox 1088 2243 1128 2263; x_wconf 83' lang='lat' dir='ltr'><strong>ex</strong></span> <span class='ocrx_word' id='word_1_579' title='bbox 1144 2234 1318 2263; x_wconf 88' lang='lat' dir='ltr'><strong>humorum</strong></span> <span class='ocrx_word' id='word_1_580' title='bbox 1335 2233 1568 2273; x_wconf 83' lang='lat' dir='ltr'><strong>depravatione,</strong></span> <span class='ocrx_word' id='word_1_581' title='bbox 1586 2233 1659 2265; x_wconf 85' lang='lat'>377.</span> 
     </span>
    </p>

    <p class='ocr_par' dir='ltr' id='par_1_38' title="bbox 962 2276 1736 2657">
     <span class='ocr_line' id='line_1_114' title="bbox 1006 2276 1735 2316; baseline -0.001 -10"><span class='ocrx_word' id='word_1_582' title='bbox 1006 2277 1104 2316; x_wconf 88' lang='lat' dir='ltr'><strong>Aqua</strong></span> <span class='ocrx_word' id='word_1_583' title='bbox 1139 2286 1220 2316; x_wconf 90' lang='lat' dir='ltr'><strong>pura</strong></span> <span class='ocrx_word' id='word_1_584' title='bbox 1257 2280 1288 2306; x_wconf 91' lang='lat' dir='ltr'><strong>et</strong></span> <span class='ocrx_word' id='word_1_585' title='bbox 1324 2276 1431 2311; x_wconf 88' lang='lat' dir='ltr'><strong>cruda,</strong></span> <span class='ocrx_word' id='word_1_586' title='bbox 1462 2276 1495 2305; x_wconf 91' lang='lat' dir='ltr'><strong>ni</strong></span> <span class='ocrx_word' id='word_1_587' title='bbox 1533 2276 1572 2306; x_wconf 88' lang='lat' dir='ltr'><strong>ab</strong></span> <span class='ocrx_word' id='word_1_588' title='bbox 1602 2276 1735 2306; x_wconf 88' lang='lat' dir='ltr'><strong>ineunte</strong></span> 
     </span>
     <span class='ocr_line' id='line_1_115' title="bbox 963 2320 1733 2359; baseline 0.001 -12"><span class='ocrx_word' id='word_1_589' title='bbox 963 2323 1064 2349; x_wconf 88' lang='lat' dir='ltr'><strong>aetate</strong></span> <span class='ocrx_word' id='word_1_590' title='bbox 1088 2323 1281 2355; x_wconf 86' lang='lat' dir='ltr'><strong>assumatur,</strong></span> <span class='ocrx_word' id='word_1_591' title='bbox 1305 2328 1419 2354; x_wconf 89' lang='lat' dir='ltr'><strong>nocua,</strong></span> <span class='ocrx_word' id='word_1_592' title='bbox 1442 2320 1523 2353; x_wconf 87' lang='grc'><strong>435;</strong></span> <span class='ocrx_word' id='word_1_593' title='bbox 1551 2328 1654 2358; x_wconf 87' lang='lat' dir='ltr'><strong>aquae</strong></span> <span class='ocrx_word' id='word_1_594' title='bbox 1676 2329 1733 2359; x_wconf 91' lang='lat' dir='ltr'><strong>po-</strong></span> 
     </span>
     <span class='ocr_line' id='line_1_116' title="bbox 963 2361 1734 2401; baseline 0.001 -11"><span class='ocrx_word' id='word_1_595' title='bbox 963 2362 1039 2392; x_wconf 88' lang='lat' dir='ltr'><strong>tatio</strong></span> <span class='ocrx_word' id='word_1_596' title='bbox 1066 2362 1100 2391; x_wconf 89' lang='lat' dir='ltr'><strong>in</strong></span> <span class='ocrx_word' id='word_1_597' title='bbox 1128 2361 1167 2391; x_wconf 87' lang='lat' dir='ltr'><strong>iis</strong></span> <span class='ocrx_word' id='word_1_598' title='bbox 1193 2361 1246 2401; x_wconf 89' lang='lat' dir='ltr'><strong>qui</strong></span> <span class='ocrx_word' id='word_1_599' title='bbox 1271 2361 1450 2401; x_wconf 82' lang='lat' dir='ltr'><strong>spirituosis</strong></span> <span class='ocrx_word' id='word_1_600' title='bbox 1474 2361 1653 2400; x_wconf 84' lang='lat' dir='ltr'><strong>liquoribus</strong></span> <span class='ocrx_word' id='word_1_601' title='bbox 1679 2362 1734 2391; x_wconf 88' lang='lat' dir='ltr'><strong>diu</strong></span> 
     </span>
     <span class='ocr_line' id='line_1_117' title="bbox 963 2404 1736 2444; baseline -0.001 -10"><span class='ocrx_word' id='word_1_602' title='bbox 963 2405 1082 2434; x_wconf 84' lang='lat' dir='ltr'><strong>assucti</strong></span> <span class='ocrx_word' id='word_1_603' title='bbox 1102 2404 1203 2441; x_wconf 85' lang='lat' dir='ltr'><strong>fuere,</strong></span> <span class='ocrx_word' id='word_1_604' title='bbox 1226 2404 1400 2444; x_wconf 86' lang='lat' dir='ltr'><strong>hydropem</strong></span> <span class='ocrx_word' id='word_1_605' title='bbox 1424 2404 1517 2444; x_wconf 85' lang='lat' dir='ltr'><strong>parit,</strong></span> <span class='ocrx_word' id='word_1_606' title='bbox 1536 2404 1617 2438; x_wconf 88' lang='lat'>456;</span> <span class='ocrx_word' id='word_1_607' title='bbox 1653 2414 1736 2444; x_wconf 86' lang='lat' dir='ltr'><strong>aqua</strong></span> 
     </span>
     <span class='ocr_line' id='line_1_118' title="bbox 962 2446 1735 2487; baseline 0.003 -12"><span class='ocrx_word' id='word_1_608' title='bbox 962 2447 1142 2487; x_wconf 87' lang='lat' dir='ltr'><strong>podagricis</strong></span> <span class='ocrx_word' id='word_1_609' title='bbox 1162 2457 1243 2487; x_wconf 86' lang='lat' dir='ltr'><strong>pura</strong></span> <span class='ocrx_word' id='word_1_610' title='bbox 1266 2451 1296 2476; x_wconf 86' lang='lat' dir='ltr'><strong>et</strong></span> <span class='ocrx_word' id='word_1_611' title='bbox 1319 2446 1416 2476; x_wconf 85' lang='lat' dir='ltr'><strong>cruda</strong></span> <span class='ocrx_word' id='word_1_612' title='bbox 1439 2446 1626 2486; x_wconf 85' lang='lat' dir='ltr'><strong>periculosa,</strong></span> <span class='ocrx_word' id='word_1_613' title='bbox 1649 2449 1710 2477; x_wconf 83' lang='lat'>435</span> <span class='ocrx_word' id='word_1_614' title='bbox 1729 2460 1735 2481; x_wconf 84' lang='lat'>;</span> 
     </span>
     <span class='ocr_line' id='line_1_119' title="bbox 963 2489 1733 2530; baseline 0 -11"><span class='ocrx_word' id='word_1_615' title='bbox 963 2490 994 2519; x_wconf 90' lang='lat' dir='ltr'><strong>in</strong></span> <span class='ocrx_word' id='word_1_616' title='bbox 1013 2489 1152 2520; x_wconf 83' lang='lat' dir='ltr'><strong>Auctore</strong></span> <span class='ocrx_word' id='word_1_617' title='bbox 1169 2489 1339 2530; x_wconf 71' lang='lat' dir='ltr'><strong>podagrico</strong></span> <span class='ocrx_word' id='word_1_618' title='bbox 1356 2489 1554 2519; x_wconf 88' lang='lat' dir='ltr'><strong>diarrhoeam</strong></span> <span class='ocrx_word' id='word_1_619' title='bbox 1572 2489 1733 2525; x_wconf 83' lang='lat' dir='ltr'><strong>excitavit,</strong></span> 
     </span>
     <span class='ocr_line' id='line_1_120' title="bbox 963 2531 1732 2572; baseline 0 -10"><span class='ocrx_word' id='word_1_620' title='bbox 963 2533 1025 2562; x_wconf 88' lang='lat'><strong>446</strong></span> <span class='ocrx_word' id='word_1_621' title='bbox 1043 2545 1049 2568; x_wconf 91' lang='lat'>;</span> <span class='ocrx_word' id='word_1_622' title='bbox 1085 2543 1168 2572; x_wconf 86' lang='lat' dir='ltr'><strong>aqua</strong></span> <span class='ocrx_word' id='word_1_623' title='bbox 1192 2542 1271 2572; x_wconf 90' lang='lat' dir='ltr'><strong>pura</strong></span> <span class='ocrx_word' id='word_1_624' title='bbox 1294 2531 1363 2562; x_wconf 91' lang='lat' dir='ltr'><strong>oleo</strong></span> <span class='ocrx_word' id='word_1_625' title='bbox 1385 2532 1559 2572; x_wconf 82' lang='lat' dir='ltr'><strong>praefertur</strong></span> <span class='ocrx_word' id='word_1_626' title='bbox 1580 2532 1619 2562; x_wconf 90' lang='lat' dir='ltr'><strong>ab</strong></span> <span class='ocrx_word' id='word_1_627' title='bbox 1643 2532 1732 2562; x_wconf 84' lang='lat' dir='ltr'><strong>Auc-</strong></span> 
     </span>
     <span class='ocr_line' id='line_1_121' title="bbox 963 2575 1734 2611; baseline 0.001 -7"><span class='ocrx_word' id='word_1_628' title='bbox 963 2579 1038 2611; x_wconf 87' lang='lat' dir='ltr'><strong>tore,</strong></span> <span class='ocrx_word' id='word_1_629' title='bbox 1070 2575 1109 2605; x_wconf 92' lang='lat' dir='ltr'><strong>ad</strong></span> <span class='ocrx_word' id='word_1_630' title='bbox 1148 2575 1337 2605; x_wconf 85' lang='lat' dir='ltr'><strong>dilutionem</strong></span> <span class='ocrx_word' id='word_1_631' title='bbox 1375 2575 1488 2605; x_wconf 90' lang='lat' dir='ltr'><strong>veneni</strong></span> <span class='ocrx_word' id='word_1_632' title='bbox 1520 2584 1558 2604; x_wconf 87' lang='lat' dir='ltr'><strong>ex</strong></span> <span class='ocrx_word' id='word_1_633' title='bbox 1594 2585 1734 2605; x_wconf 87' lang='lat' dir='ltr'><strong>mercur.</strong></span> 
     </span>
     <span class='ocr_line' id='line_1_122' title="bbox 963 2617 1629 2657; baseline 0.002 -10"><span class='ocrx_word' id='word_1_634' title='bbox 963 2617 1091 2648; x_wconf 91' lang='lat' dir='ltr'><strong>sublim.</strong></span> <span class='ocrx_word' id='word_1_635' title='bbox 1110 2617 1268 2647; x_wconf 90' lang='lat' dir='ltr'><strong>corrosivo</strong></span> <span class='ocrx_word' id='word_1_636' title='bbox 1283 2617 1450 2657; x_wconf 86' lang='lat' dir='ltr'><strong>assumpti,</strong></span> <span class='ocrx_word' id='word_1_637' title='bbox 1470 2617 1540 2653; x_wconf 90' lang='lat'><strong>301,</strong></span> <span class='ocrx_word' id='word_1_638' title='bbox 1558 2618 1629 2648; x_wconf 83' lang='lat'>302.</span> 
     </span>
    </p>

    <p class='ocr_par' dir='ltr' id='par_1_39' title="bbox 962 2659 1734 2786">
     <span class='ocr_line' id='line_1_123' title="bbox 1005 2659 1731 2700; baseline -0.001 -10"><span class='ocrx_word' id='word_1_639' title='bbox 1005 2661 1102 2700; x_wconf 89' lang='lat' dir='ltr'><strong>Aqua</strong></span> <span class='ocrx_word' id='word_1_640' title='bbox 1117 2660 1266 2690; x_wconf 85' lang='lat' dir='ltr'><strong>menthae</strong></span> <span class='ocrx_word' id='word_1_641' title='bbox 1290 2660 1322 2689; x_wconf 89' lang='lat' dir='ltr'><strong>in</strong></span> <span class='ocrx_word' id='word_1_642' title='bbox 1342 2659 1403 2689; x_wconf 89' lang='lat' dir='ltr'><strong>ileo</strong></span> <span class='ocrx_word' id='word_1_643' title='bbox 1419 2669 1503 2696; x_wconf 84' lang='lat' dir='ltr'><strong>vero,</strong></span> <span class='ocrx_word' id='word_1_644' title='bbox 1519 2661 1580 2694; x_wconf 84' lang='lat'><strong>64;</strong></span> <span class='ocrx_word' id='word_1_645' title='bbox 1604 2670 1652 2700; x_wconf 89' lang='lat' dir='ltr'><strong>aq.</strong></span> <span class='ocrx_word' id='word_1_646' title='bbox 1671 2660 1731 2690; x_wconf 91' lang='lat' dir='ltr'><strong>mi-</strong></span> 
     </span>
     <span class='ocr_line' id='line_1_124' title="bbox 962 2702 1734 2742; baseline 0.001 -10"><span class='ocrx_word' id='word_1_647' title='bbox 962 2703 1071 2733; x_wconf 90' lang='lat' dir='ltr'><strong>rabilis</strong></span> <span class='ocrx_word' id='word_1_648' title='bbox 1091 2703 1122 2732; x_wconf 91' lang='lat' dir='ltr'><strong>in</strong></span> <span class='ocrx_word' id='word_1_649' title='bbox 1147 2703 1246 2733; x_wconf 87' lang='lat' dir='ltr'><strong>colica</strong></span> <span class='ocrx_word' id='word_1_650' title='bbox 1268 2702 1392 2738; x_wconf 89' lang='lat' dir='ltr'><strong>biliosa,</strong></span> <span class='ocrx_word' id='word_1_651' title='bbox 1417 2703 1495 2737; x_wconf 84' lang='lat'>199;</span> <span class='ocrx_word' id='word_1_652' title='bbox 1521 2712 1569 2742; x_wconf 90' lang='lat' dir='ltr'><strong>aq.</strong></span> <span class='ocrx_word' id='word_1_653' title='bbox 1587 2713 1734 2733; x_wconf 87' lang='lat' dir='ltr'><strong>rosarum</strong></span> 
     </span>
     <span class='ocr_line' id='line_1_125' title="bbox 962 2745 1498 2786; baseline -0.002 -11"><span class='ocrx_word' id='word_1_654' title='bbox 962 2746 1058 2785; x_wconf 87' lang='lat' dir='ltr'><strong>capiti</strong></span> <span class='ocrx_word' id='word_1_655' title='bbox 1074 2746 1234 2786; x_wconf 89' lang='lat' dir='ltr'><strong>applicata</strong></span> <span class='ocrx_word' id='word_1_656' title='bbox 1249 2745 1282 2774; x_wconf 89' lang='lat' dir='ltr'><strong>in</strong></span> <span class='ocrx_word' id='word_1_657' title='bbox 1299 2745 1428 2783; x_wconf 73' lang='lat' dir='ltr'><strong>vigiliis,</strong></span> <span class='ocrx_word' id='word_1_658' title='bbox 1447 2746 1498 2775; x_wconf 85' lang='lat'>58.</span> 
     </span>
    </p>

    <p class='ocr_par' dir='ltr' id='par_1_40' title="bbox 962 2787 1734 2870">
     <span class='ocr_line' id='line_1_126' title="bbox 1006 2787 1734 2828; baseline 0 -10"><span class='ocrx_word' id='word_1_659' title='bbox 1006 2789 1131 2828; x_wconf 88' lang='lat' dir='ltr'><strong>Aquae.</strong></span> <span class='ocrx_word' id='word_1_660' title='bbox 1168 2787 1212 2828; x_wconf 70' lang='lat' dir='ltr'><strong>[V.</strong></span> <span class='ocrx_word' id='word_1_661' title='bbox 1245 2789 1473 2824; x_wconf 73' lang='lat' dir='ltr'><strong>Bunnienses,</strong></span> <span class='ocrx_word' id='word_1_662' title='bbox 1517 2789 1734 2828; x_wconf 73' lang='lat' dir='ltr'><strong>Chalybeatae,</strong></span> 
     </span>
     <span class='ocr_line' id='line_1_127' title="bbox 962 2830 1634 2870; baseline 0 -10"><span class='ocrx_word' id='word_1_663' title='bbox 962 2832 1138 2867; x_wconf 76' lang='lat' dir='ltr'><strong>Minerales‚</strong></span> <span class='ocrx_word' id='word_1_664' title='bbox 1156 2833 1351 2870; x_wconf 75' lang='lat' dir='ltr'><strong>Snlphureae,</strong></span> <span class='ocrx_word' id='word_1_665' title='bbox 1374 2830 1634 2870; x_wconf 77' lang='lat' dir='ltr'><strong>Tnnbrigienses.]</strong></span> 
     </span>
    </p>

    <p class='ocr_par' dir='ltr' id='par_1_41' title="bbox 962 2874 1733 2957">
     <span class='ocr_line' id='line_1_128' title="bbox 1006 2874 1733 2914; baseline 0 -11"><span class='ocrx_word' id='word_1_666' title='bbox 1006 2874 1120 2914; x_wconf 87' lang='lat' dir='ltr'><strong>Aquae</strong></span> <span class='ocrx_word' id='word_1_667' title='bbox 1135 2874 1296 2904; x_wconf 88' lang='lat' dir='ltr'><strong>cardiacae</strong></span> <span class='ocrx_word' id='word_1_668' title='bbox 1308 2878 1511 2912; x_wconf 85' lang='lat' dir='ltr'><strong>temperatae,</strong></span> <span class='ocrx_word' id='word_1_669' title='bbox 1528 2874 1586 2905; x_wconf 87' lang='lat'><strong>172</strong></span> <span class='ocrx_word' id='word_1_670' title='bbox 1599 2886 1605 2909; x_wconf 74' lang='grc' dir='ltr'>ς</span> <span class='ocrx_word' id='word_1_671' title='bbox 1631 2883 1733 2913; x_wconf 83' lang='lat' dir='ltr'><strong>aquae</strong></span> 
     </span>
     <span class='ocr_line' id='line_1_129' title="bbox 962 2915 1549 2957; baseline 0 -11"><span class='ocrx_word' id='word_1_672' title='bbox 962 2917 1154 2957; x_wconf 86' lang='lat' dir='ltr'><strong>epidemicae</strong></span> <span class='ocrx_word' id='word_1_673' title='bbox 1171 2916 1204 2946; x_wconf 90' lang='lat' dir='ltr'><strong>in</strong></span> <span class='ocrx_word' id='word_1_674' title='bbox 1221 2915 1321 2946; x_wconf 89' lang='lat' dir='ltr'><strong>colica</strong></span> <span class='ocrx_word' id='word_1_675' title='bbox 1336 2915 1460 2953; x_wconf 89' lang='lat' dir='ltr'><strong>biliosa,</strong></span> <span class='ocrx_word' id='word_1_676' title='bbox 1481 2917 1549 2947; x_wconf 89' lang='grc'><strong>199.</strong></span> 
     </span>
    </p>

    <p class='ocr_par' dir='ltr' id='par_1_42' title="bbox 1005 2958 1732 3000">
     <span class='ocr_line' id='line_1_130' title="bbox 1005 2958 1732 3000; baseline -0.001 -11"><span class='ocrx_word' id='word_1_677' title='bbox 1005 2959 1120 2999; x_wconf 84' lang='lat' dir='ltr'><strong>Aquae</strong></span> <span class='ocrx_word' id='word_1_678' title='bbox 1140 2959 1388 3000; x_wconf 86' lang='lat' dir='ltr'><strong>hydropicorum</strong></span> <span class='ocrx_word' id='word_1_679' title='bbox 1410 2959 1552 2989; x_wconf 82' lang='lat' dir='ltr'><strong>maxima.</strong></span> <span class='ocrx_word' id='word_1_680' title='bbox 1573 2958 1732 2989; x_wconf 82' lang='lat' dir='ltr'><strong>celeritate</strong></span> 
     </span>
    </p>
   </div>
   <div class='ocr_carea' id='block_1_7' title="bbox 893 3012 971 3050">
    <p class='ocr_par' dir='ltr' id='par_1_43' title="bbox 893 3012 971 3050">
     <span class='ocr_line' id='line_1_131' title="bbox 893 3012 971 3050; baseline 0 0"><span class='ocrx_word' id='word_1_681' title='bbox 893 3012 971 3050; x_wconf 74' lang='lat'><strong>41&lt;</strong></span> 
     </span>
    </p>
   </div>
  </div>
 </body>
</html>
