1985 3308
233 125 755 168 OBSERVATIONUM
788 121 1163 166 MEDICARUM
1202 127 1265 160 IV.
1296 130 1325 167 1,
1350 130 1382 160 2.
1457 121 1537 162 163

83 231 256 272 morbus
281 233 582 287 reperiebatur,
605 232 732 273 etiam
753 231 826 272 illa
848 233 1101 283 tempestate
1123 240 1304 280 quacum
1330 225 1471 265 minus
1499 225 1537 265 ei
1565 234 1731 285 Cgossmr.

83 300 357 342 conveniebat
364 318 376 351 ς
398 302 577 355 exempli
591 301 737 354 gratia,
746 298 1037 352 Dysenteriae,
1053 296 1132 337 etsi
1145 295 1317 336 morbus
1331 298 1537 333 autumno
1557 276 1738 348 {1¹2¹ssssss

82 365 264 407 maxime
298 368 502 421 proprius,
534 382 670 408 unum
708 368 884 407 fortasse
920 369 993 405 aut
1027 363 1158 404 alium
1191 362 1304 415 (licet
1339 374 1432 401 raro
1466 360 1537 400 ad-
1579 361 1713 391 ’ὅθ-’72

81 431 285 486 modum,)
309 448 403 474 vere
424 434 673 475 incessebat.

146 499 225 553 [8.]
266 501 377 541 Satis
406 502 549 554 itaque
580 502 779 542 evicimus
808 500 933 554 quod,
955 513 1030 553 per
1055 499 1267 551 integram
1294 496 1404 536 hanc
1426 495 1537 536 Con·
1557 502 1679 532 Mensis
1700 545 1706 550 .

82 566 360 618 stitutionem,
398 568 665 610 subintrante
707 570 732 609 J
736 569 834 619 ulio,
876 567 963 621 (qui
1002 566 1159 606 mensis
1200 564 1434 605 certissima
1473 567 1536 603 est
1554 544 1695 616 811ῗῖξῆρέζέ
1699 556 1742 616 {fs

80 633 263 674 febrium
307 637 619 677 autumnalium
664 637 834 689 epocha,
874 636 940 675 uti
984 648 1209 675 vernarum
1249 631 1531 684 Februarius,)
1555 628 1658 688 briuni
1676 640 1734 677 ²}ss-

79 701 235 742 Febres
252 703 552 757 Dysentericae
574 704 892 758 grassabantur3
925 708 1131 743 autumno
1151 715 1248 742 vero
1265 701 1354 754 jam
1376 714 1419 740 se
1439 714 1534 752 pro·
1552 671 1745 754 Ῐιῗὲιῐὲὲῖῗῖια,

79 769 174 822 pius
216 770 477 822 admovente,
511 772 790 826 Dysenteriae
835 770 1034 824 (morbus,
1072 769 1106 808 si
1146 767 1381 810 accuratius
1420 766 1535 819 loqui
1554 757 1613 828 {¹121
1614 767 1728 829 ἴῇἷὲζιῖ

79 835 269 887 velimus,
310 851 406 878 vere
451 839 738 891 autumnalis,)
781 838 932 878 iisdem
977 836 1259 878 succedebant
1275 852 1286 886 3
1339 849 1441 888 quas
1483 834 1535 874 ab
1555 823 1743 883 Morborum}

79 903 232 957 hyeme
263 904 440 946 difflatas
472 907 735 960 excipiebant
767 906 911 946 Febris
936 904 1215 959 Dysentcrica
1242 909 1284 944 et
1314 903 1510 943 Variolae
1523 919 1535 952 5
1553 895 1694 967 cierllelsss

81 985 187 1024 quae
205 973 375 1025 quidem
391 974 586 1015 Variolac
606 990 693 1016 non
715 989 808 1015 eam
824 979 992 1014 tantum
1014 974 1224 1027 hyemem,
1243 972 1316 1012 sed
1332 977 1374 1013 et
1392 971 1534 1012 subse·
1554 947 1626 1009 iiam
1644 957 1726 1012 ha-nc

81 1053 214 1092 quens
245 1041 374 1081 ctiam
397 1056 480 1092 ver,
503 1057 580 1082 nec
610 1057 697 1083 non
728 1048 931 1083 aestatem
959 1042 1019 1081 illi
1041 1041 1313 1094 conjunctam
1340 1054 1535 1094 peragra-
1555 1022 1721 1096 ggffiglm'

79 1103 196 1156 bant,
220 1107 353 1148 donec
382 1122 548 1150 reverso
569 1110 683 1150 Julio
711 1124 735 1150 a
766 1109 971 1150 Febribus
993 1109 1280 1162 Dysentericis
1305 1107 1537 1161 epidemice

79 1174 380 1226 praedantibus
402 1177 666 1230 ejicerentur.
728 1178 870 1230 Atque
890 1177 969 1217 hae
990 1190 1133 1217 rerum
1162 1180 1281 1217 erant
1303 1175 1412 1215 vices
1434 1174 1538 1215 dum

79 1240 239 1294 vigeret
259 1243 474 1296 praedicta
495 1245 768 1285 Constitutio.

144 1308 224 1363 [9.]
263 1310 495 1352 Observare
516 1312 689 1365 insuper
710 1316 786 1362 est,
806 1311 930 1365 quod,
949 1311 1074 1352 sicuti
1095 1309 1425 1364 epidemicorum
1444 1308 1533 1362 qui-
1557 1322 1624 1396 Ut}d
1630 1325 1732 1355 morbi

1553 1376 1601 1405 epi
1628 1377 1722 1397 emim

78 1373 183 1417 libet
208 1377 254 1417 in
285 1378 475 1432 subjecto
505 1379 747 1433 particulari
778 1393 873 1418 suas
906 1377 1033 1418 habet
1063 1375 1270 1431 periodos,
1298 1375 1534 1428 (augmenti
1549 1409 1584 1438 in
1600 1410 1726 1449 subjee-

79 1441 250 1495 scilicet,
274 1449 422 1495 sssatus,
445 1450 488 1486 et
516 1445 839 1498 declinationis)
868 1445 931 1485 ita
958 1445 1087 1485 etiam
1116 1442 1378 1484 Constitutio
1407 1455 1533 1495 gene·
1552 1452 1592 1481 tis
1608 1453 1706 1492 parti-

78 1510 177 1551 ralis
199 1526 487 1567 quaecunque,
512 1528 618 1567 quae
639 1513 738 1554 huic
760 1512 932 1554 alterive
958 1511 1107 1552 morbo
1129 1509 1359 1564 epidemice
1379 1509 1534 1563 produ·
1553 1494 1726 1567 ξξῖὲξῇῗ

79 1578 213 1619 cendo
233 1579 357 1631 favet,
378 1595 454 1634 pro
479 1581 645 1622 ratione
669 1581 872 1635 temporis
901 1594 983 1634 quo
1005 1579 1264 1628 dominatur,
1287 1592 1383 1618 suas
1405 1577 1536 1618 etiam
1554 1578 1741 1610 Constituti-

78 1646 271 1700 periodos
297 1648 439 1699 habet,
468 1655 678 1703 quatenus
705 1648 863 1690 scilicet
889 1648 1025 1689 indies
1053 1647 1187 1700 magis
1213 1660 1261 1686 ac
1286 1646 1422 1699 magis
1449 1645 1534 1699 epi-
1553 1631 1737 1695 ἵζ’]ῐζξῗξ

80 1712 241 1755 demice
272 1721 499 1768 grassatur,
523 1717 656 1757 donec
683 1715 821 1768 ἀκμήν
850 1715 1040 1769 attigerit
1069 1729 1203 1765 suam,
1226 1718 1354 1767 atque
1383 1712 1535 1754 exinde
1554 1706 1672 1779 htagent
1686 1718 1740 1748 pe-

79 1777 230 1820 iisdem
250 1781 336 1822 fere
365 1783 565 1836 gradibus
592 1784 818 1834 decrescat,
842 1784 976 1824 donec
997 1783 1172 1824 tandem
1200 1782 1371 1836 penitus
1393 1781 1535 1822 exolu-
1552 1759 1597 1779 no
1623 1759 1668 1780 ω’

80 1847 173 1898 erit,
197 1848 318 1890 alteri
339 1850 646 1892 Constitutioni
666 1853 807 1893 locum
828 1853 995 1893 cedens.
1053 1852 1399 1906 symptomatum
1421 1851 1537 1891 enim

81 1915 194 1967 quod
215 1916 370 1958 attinet
391 1918 715 1969 vehementiam,
739 1920 946 1960 atrociora
967 1924 1067 1959 sunt
1089 1919 1233 1959 omnia
1253 1919 1328 1959 ubi
1348 1918 1536 1971 primum

81 1995 125 2021 se
155 1984 339 2024 ostendit
354 2002 365 2034 ;
398 2000 504 2038 quae
531 1987 701 2040 quidem
727 1987 933 2040 paulatim
960 1987 1204 2036 mitescunt,
1228 1991 1271 2027 et
1298 1986 1345 2026 in
1366 1986 1535 2026 Consti-

81 2048 261 2090 tutionis
283 2053 548 2107 catastrophe
569 2058 659 2094 tam
684 2059 784 2093 sunt
811 2053 999 2107 benigna
1019 2059 1147 2106 atque
1169 2051 1379 2108 εὐφόρητα
1407 2067 1535 2106 quam

81 2117 242 2170 patitur
270 2120 407 2160 morbi
434 2126 589 2161 natm'a
612 2121 657 2160 in
685 2135 767 2174 quo
798 2121 1059 2170 fundantur,-
1093 2120 1206 2173 quod
1234 2121 1334 2160 satis
1361 2120 1535 2160 demon-

81 2189 218 2227 strant
251 2188 529 2242 Dysenteriae
550 2195 593 2230 et
614 2189 810 2230 Variolae
842 2189 970 2242 hujus
993 2187 1335 2237 Constitutionis,
1358 2192 1406 2228 ut
1436 2201 1535 2227 mox

78 2254 212 2297 fusius
241 2257 561 2298 declarabimus.
625 2257 768 2311 Hujus
792 2256 1124 2298 Constitutionis
1154 2255 1323 2296 morbos
1350 2254 1534 2308 particu-

78 2323 223 2364 lariter
243 2324 487 2366 tractandos
509 2324 743 2377 aggredior,
766 2338 814 2365 co
837 2337 962 2377 quern
984 2323 1064 2377 ipsi
1085 2327 1306 2364 servarunt
1327 2321 1489 2363 ordine.

681 2464 807 2504 CAP.
841 2462 932 2504 II.d

483 2567 654 2607 cholera
674 2565 848 2606 Morbus
869 2566 966 2605 anni
989 2564 1130 2604 1669.e

134 2652 352 2694 MoRBUSs
377 2652 457 2702 hic,
481 2652 553 2705 qui
578 2654 641 2704 (ut
663 2655 789 2691 antea
813 2650 1025 2701 diximus)
1052 2661 1164 2688 anno
1189 2648 1299 2688 1669
1330 2660 1374 2687 se
1404 2646 1532 2687 latius

78 2721 303 2762 diffuderat
317 2735 445 2774 quam
466 2720 547 2760 alio
569 2719 713 2772 quovis
735 2731 860 2767 anno,
876 2721 1086 2770 quantum
1107 2728 1185 2769 ego
1201 2715 1530 2764 observaveram,

119 2806 133 2825 ‘¹
158 2807 255 2837 Deest
271 2807 330 2836 hoc
345 2817 411 2846 cap.
429 2806 461 2835 in
478 2805 524 2835 ed.
543 2805 614 2838 '66;
639 2808 723 2833 extat
741 2803 772 2832 in
876 2806 887 2819 Θ
912 2803 983 2831 (mni
1003 2799 1101 2839 1669]
1120 2810 1180 2830 om.
1200 2799 1247 2829 ed.
1266 2799 1328 2830 ‘76.

79 2850 126 2880 ed.
146 2850 196 2879 ’68
224 2854 293 2889 post
314 2849 332 2879 i.
357 2850 384 2879 4.
410 2850 467 2878 52:
500 2847 539 2877 cf.
569 2858 599 2887 p.
624 2846 672 2877 62.
721 2845 772 2874 Cf.
877 2843 885 2861 ¹
909 2841 1361 2881 Morbus—obsera]Febrium
1371 2846 1530 2880 symptom-

79 2893 208 2923 Process.
228 2893 286 2922 Int.
306 2902 330 2921 c.
350 2892 399 2921 24.
831 2889 931 2917 atibus
952 2888 1022 2925 quin
1038 2891 1067 2916 el
1086 2887 1190 2915 Passio
1209 2886 1361 2914 Cholerica
1380 2885 1530 2913 accenseri
