1985 3308
401 157 690 199 EPISTOLA
721 157 782 197 II.
817 157 1247 199 RESPONSORIA.
1303 161 1305 164 ’
1469 162 1556 201 325

98 264 206 305 vires
228 263 502 318 animumque
524 263 676 313 addat;
708 263 822 304 unde
844 263 972 304 etiam
994 264 1164 304 Natura
1185 268 1307 305 tanto
1329 265 1446 305 oneri
1468 279 1559 306 suc-
1606 276 1659 306 Dn
1677 275 1753 306 Lus:

93 333 343 383 cumbente,
379 332 495 373 haud
528 331 661 385 pauci,
699 331 914 385 spiritibus
951 337 1078 384 atque
1115 332 1232 372 omni
1266 332 1376 373 vitae
1412 333 1561 373 robore
1583 318 1764 348 Vmenm.

101 399 351 453 diaphoresi,
392 398 729 454 purgationibus,
772 403 814 438 et
854 398 1027 452 jejuniis
1068 399 1336 451 supervacuis
1381 399 1563 452 (praeter

99 468 254 507 vulnus
284 468 335 508 ab
366 468 629 522 hydrargyro
657 466 895 518 inflictum,)
920 465 1095 506 tandem
1128 467 1299 520 penitus
1333 467 1561 517 exhaustis,

101 535 255 576 misere
296 536 478 576 confecti
518 540 631 576 sunt.
693 535 899 588 Persaepc
940 534 1081 585 etiam,
1118 535 1266 575 morbo
1302 536 1392 589 jam
1426 535 1563 588 pulso,

102 617 227 656 aeger
259 617 308 643 ea
339 603 566 656 spirituum
594 603 713 657 copia
740 617 824 656 qua
854 606 944 643 erat
975 616 1079 656 opus
1105 603 1158 643 ad
1188 603 1564 656 redintegrandam

102 671 330 712 sanitatem
355 671 599 721 destitutus,
622 685 721 725 prae
746 670 1036 711 imbecillitate
1061 670 1244 711 concidit
1258 688 1268 720 ;
1302 675 1375 711 aut
1401 670 1435 710 si
1455 671 1564 711 forte

102 738 336 779 Libitinam
372 739 508 779 valeat
549 739 748 792 effugere,
785 742 850 779 tot
889 738 1105 792 tantisque
1141 738 1399 779 cruciatibus
1433 738 1564 778 vitam

101 806 284 856 redimit,
301 810 350 846 ut
371 806 483 847 tanti
503 821 590 847 non
615 807 668 847 sit
689 807 846 847 vivere:
885 806 936 847 de
967 806 1118 860 quibus
1140 806 1273 847 Poeta
1293 820 1316 847 e
1337 806 1562 847 neotericis

101 875 218 916 haud
237 875 502 930 ineleganter
518 893 585 916 :—

413 962 432 976 “
447 960 602 990 Graviora
618 960 736 990 morbis
754 961 894 1000 patimur
910 961 1066 998 remedia3

450 1013 518 1044 Nee
534 1014 599 1043 vita
613 1014 693 1043 tanti
710 1018 766 1050 est,
784 1014 888 1044 vivere
906 1020 941 1044 ut
957 1016 1069 1055 possis,
1087 1016 1200 1045 mori.’'

169 1090 278 1144 [38]
319 1089 403 1130 Hic
420 1093 562 1130 autem
579 1089 624 1129 in
640 1093 840 1143 promptu
857 1094 919 1130 est
942 1090 1067 1130 istam
1089 1090 1373 1144 objectionem
1391 1091 1563 1141 diluere,
1586 1101 1693 1133 Quare

105 1157 216 1211 “qui
246 1158 294 1198 fit
322 1161 370 1198 ut
398 1157 595 1198 nonnulli
625 1157 705 1198 hoc
733 1157 882 1198 morbo
908 1158 1079 1208 (scilieet
1106 1158 1152 1198 111
1181 1163 1297 1200 statu
1328 1160 1417 1213 ejus
1439 1159 1565 1200 modo
1584 1145 1770 1218 Ῐζῇᾗζζὲὼο

104 1226 246 1279 dicto‚)
266 1226 375 1266 male
397 1226 566 1266 multati
586 1225 631 1265 in
651 1226 832 1266 Galliam
854 1226 1131 1279 commigrare
1148 1232 1356 1279 cogantur
1376 1232 1425 1268 ut
1447 1227 1498 1268 ab
1516 1242 1564 1268 eo
1584 1230 1616 1260 in
1630 1231 1771 1279 Galliam

103 1294 339 1334 liberentur
351 1294 400 1334 ?’'
432 1294 551 1347 cujus
573 1293 633 1334 rei
654 1294 764 1334 hanc
786 1307 874 1334 esse
896 1294 1103 1334 rationem
1133 1295 1358 1348 (quantum
1374 1295 1565 1349 judicare
1585 1283 1772 1355 ξὲιὲὲὲἶῗξῖἢ

103 1362 306 1415 possum,)
351 1361 556 1401 existimo.
621 1361 880 1414 Hujusmodi
921 1362 1069 1414 aegris,
1111 1363 1357 1403 oeconomia
1396 1363 1565 1403 illorum
1583 1363 1643 1388 tur.

104 1443 329 1483 corporum
360 1443 503 1469 eversa
533 1443 580 1469 ac
600 1429 757 1469 xiribus
784 1429 1018 1482 prostratis,
1050 1429 1162 1482 apud
1192 1444 1269 1470 nos
1300 1433 1372 1471 ae'r
1401 1444 1566 1470 crassus

105 1511 153 1538 ac
173 1497 374 1537 humidus
402 1496 677 1537 resarciendis
706 1496 847 1537 minus
868 1496 1045 1537 idoneus
1068 1501 1144 1548 est,
1168 1511 1266 1538 cum
1286 1497 1366 1538 iste
1390 1498 1565 1550 Galliae,

105 1569 254 1619 utpote
288 1565 360 1618 qui
392 1564 598 1605 salubrior
629 1579 676 1605 ac
713 1565 847 1618 magis
882 1579 1068 1616 serenus,
1099 1565 1269 1619 spiritus
1306 1566 1490 1619 corporis
1523 1571 1566 1607 et

105 1633 212 1674 vires
253 1633 490 1686 deperditas
537 1632 775 1673 instaurare
816 1637 940 1686 aptus
982 1633 1035 1673 sit
1049 1650 1060 1683 3
1110 1647 1199 1674 non
1240 1634 1353 1687 quod
1386 1634 1567 1675 Practici

107 1700 265 1740 ibidem
286 1700 502 1753 degentes,
525 1704 624 1740 utut
647 1700 761 1740 docti
782 1700 966 1753 quidem,
989 1700 1240 1740 methodum
1263 1715 1346 1754 qua
1365 1701 1434 1741 1110
1455 1715 1566 1741 mor-

106 1767 186 1808 bus
217 1767 381 1808 devinci
411 1768 556 1821 possit,
579 1767 730 1808 melius
759 1768 926 1818 callent,
950 1782 1077 1822 quam
1110 1782 1187 1809 nos
1215 1769 1284 1809 hic
1315 1769 1362 1809 in
1394 1769 1565 1822 Anglia.

110 1835 195 1876 Sed
214 1839 264 1876 ut
286 1835 339 1876 ad
360 1835 544 1876 diaetam
565 1840 761 1876 revertar.

173 1903 280 1957 [39.]
320 1903 525 1943 Existimo
546 1903 701 1956 itaque,
729 1903 786 1956 (et
808 1902 1067 1957 experientia
1090 1918 1257 1945 mecum
1285 1904 1414 1958 facit,)
1441 1905 1566 1959 quod,

109 1976 276 2025 praeter
292 1972 507 2025 jusculum
529 1986 796 2022 avenaceum,
818 1974 1089 2026 panatellam,
1111 1974 1176 2014 lac
1197 1974 1501 2025 cerevisiatum,
1525 1979 1568 2015 et

110 2039 349 2080 cerevisiam
376 2043 551 2079 tenuem
581 2040 848 2093 tepefactam,
878 2045 971 2090 etc„
989 2041 1157 2094 juscula
1186 2041 1360 2094 insuper
1390 2055 1412 2081 e
1441 2055 1567 2082 carne

109 2107 299 2157 w‘tulina,
322 2107 548 2160 pullorum,
564 2112 691 2161 atque
713 2108 794 2148 alia
815 2108 1021 2161 ejusmodi
1042 2108 1086 2148 in
1107 2108 1308 2149 mediocri
1329 2109 1568 2161 quantitate

111 2190 237 2228 aegro
263 2180 304 2216 et
328 2175 489 2229 possint
514 2176 699 2226 concedi,
723 2180 764 2216 et
796 2175 977 2216 debeant
994 2193 1005 2226 ς
1039 2180 1165 2229 atque
1192 2181 1254 2226 ut,
1277 2176 1352 2216 ubi
1382 2176 1568 2229 primum

111 2257 295 2297 eousque
336 2243 571 2284 subsederit
613 2244 878 2297 gingivarum
908 2249 1051 2284 tumor
1082 2248 1130 2284 ut
1168 2244 1315 2284 dentes
1348 2258 1567 2285 conserere
1587 2255 1660 2287 Quo
1676 2259 1756 2285 tem-

110 2312 259 2362 valeat,
288 2311 593 2362 cuniculorum,
624 2312 850 2365 pullorum,
879 2326 1087 2365 agnorum
1118 2326 1276 2362 carncS,
1306 2316 1432 2365 atque
1457 2313 1566 2366 ejus·
1585 2307 1745 2371 Εὲζεῑξιῗζζ

111 2378 226 2419 modi
247 2379 490 2430 teneriores,
514 2384 557 2420 at
586 2394 712 2434 parca
738 2395 884 2430 manu,
908 2380 994 2421 sint
1020 2379 1333 2433 indulgendae,
1364 2384 1413 2419 ut
1433 2380 1498 2420 vel
1521 2380 1567 2420 in
1585 2384 1683 2413 riores
1699 2384 1748 2413 in-

111 2448 221 2488 lecto
249 2462 292 2488 se
322 2448 550 2499 contineat,
582 2449 646 2489 vel
677 2448 730 2489 ad
759 2449 904 2502 ignem
935 2448 1090 2499 sedeat,
1113 2453 1238 2502 prout
1268 2449 1348 2489 hoc
1370 2449 1434 2489 vel
1463 2449 1569 2489 illud
1586 2426 1771 2509 ἓέὲῗξὲξξὲ,

112 2515 247 2569 magis
278 2515 508 2557 allubescat
544 2516 708 2557 animo:
752 2531 850 2557 cum
882 2517 996 2557 enim
1036 2516 1261 2571 ptyalismo
1302 2521 1570 2570 expugnetur

112 2583 181 2624 hic
212 2583 398 2634 morbus,
430 2598 519 2625 non
552 2584 802 2638 diaphoresi,
834 2585 1081 2626 hariolando
1116 2599 1205 2625 non
1238 2599 1331 2625 sum
1368 2599 1570 2638 quorsum

113 2665 249 2705 aeger,
271 2652 389 2692 nulla
408 2656 589 2705 urgente
610 2653 872 2703 necessitate,
895 2653 1028 2693 nimio
1049 2653 1185 2693 calore
1206 2656 1429 2693 mactetm.

178 2719 285 2773 [40]
324 2720 451 2760 Dicta
479 2720 706 2761 methodus
736 2721 802 2761 uti
832 2720 1065 2774 expeditior
1095 2725 1170 2770 cst,
1201 2721 1314 2773 (cum
1340 2733 1479 2773 neque
1505 2723 1570 2760 tot
1589 2731 1678 2761 Haec
1695 2741 1762 2780 ιηεἵ

115 2786 202 2828 dies
234 2788 397 2842 corpori
429 2793 528 2828 ante
564 2788 854 2829 salivationem
890 2787 1179 2842 praeparando
1211 2787 1421 2828 inutiliter
1454 2787 1570 2828 insu·
1588 2774 1776 2857 ξξῖἒὲξέζ1“

115 2855 303 2906 mendos,
325 2869 403 2896 1100
427 2855 670 2909 frequentes
698 2856 800 2897 istas
827 2856 1113 2910 purgationes,
1137 2859 1211 2896 aut
1242 2854 1414 2896 decocta
1438 2855 1572 2896 solen-
1591 2860 1696 2897 ditior,

117 2923 189 2964 nia
223 2929 317 2978 post
350 2924 653 2976 salix-ationem,
677 2924 812 2978 aegris
847 2924 1068 2978 imponat,)
1103 2924 1164 2964 ita
1188 2924 1445 2965 certissimus
1481 2937 1575 2964 sum
