1985 3308
720 116 890 153 INDEX
922 115 1128 152 RERUM.

127 229 204 259 agra
231 219 377 260 ingemet
403 223 506 256 nocet,
536 220 619 255 419;
656 219 690 249 in
714 218 890 258 juvenibus

127 262 201 292 vino
226 261 438 297 excalefactis,
466 261 556 292 initio
584 261 778 301 paroxysmi‚
808 262 889 296 419:

127 304 182 333 ubi
198 304 377 334 metastasis
400 304 552 334 materiae
567 304 606 333 ad
622 303 803 343 pulmones,
818 304 893 340 446,

127 347 201 381 447,
215 347 296 382 615;
327 346 359 375 in
383 346 509 386 pruritu
534 346 645 382 ferino,
660 346 731 381 265,
750 346 833 380 559;
859 345 892 374 in

126 387 367 424 rheumatismo,
385 389 456 424 257,
474 389 554 423 556;
581 388 764 427 frequenter
782 388 894 417 iterata

126 440 238 470 aegros
261 429 332 460 aliis
355 431 474 460 morbis
498 430 650 460 obnoxios
674 429 788 466 reddit,
809 431 891 464 2993

126 482 234 502 serum
263 472 354 502 lactis
383 473 508 511 copiose
543 472 694 502 haustum
725 473 795 511 ejus
824 472 894 502 loco

126 514 342 549 substituitur,
375 516 448 550 299,
477 516 558 549 300;
600 514 632 543 in
663 513 894 544 rheumatismo

126 555 313 592 inveterato,
328 558 408 591 260;
434 557 465 586 in
483 556 576 586 scroti
592 561 717 586 tumore
732 562 764 586 et
787 556 895 586 dolore

126 598 319 635 vehementi,
341 609 359 628 a
388 599 451 635 lue,
479 600 552 634 318,
569 600 650 633 590;
674 598 706 628 in
727 598 807 627 tussi
827 598 894 637 epi-

126 639 211 670 dem.
226 641 302 670 anni
326 640 388 675 y79,
412 641 492 676 293;
517 641 550 670 in
574 640 713 675 variolis,
735 641 804 676 132,
820 641 894 676 223,

126 683 201 718 224,
216 683 290 719 347,
308 682 391 718 565;
431 682 486 712 ubi
515 683 681 722 phrenitis,
702 682 775 722 quia
798 682 894 712 facies

126 733 191 754 non
207 729 322 760 tumet,
340 726 420 759 144;
444 730 552 754 tamen
573 725 606 754 in
632 724 691 754 hoc
708 724 817 754 morbo
833 725 893 754 mi-

125 775 187 796 nus
198 776 295 806 quam
308 767 390 796 ae'ris
405 767 664 806 contemperatiO,
676 766 726 796 vel
741 767 895 796 catharsis

125 807 248 845 iterata,
265 808 368 838 morbi
390 808 576 839 violentiam
601 809 737 845 cohibet,
755 809 837 844 3383
862 809 895 838 in

125 850 218 880 initio
253 851 308 880 ubi
347 850 537 886 celebratur,
579 851 614 880 fit
652 851 822 891 praecipue
859 855 895 880 ut

126 892 244 922 mictus
267 893 472 932 sanguineus,
491 892 636 922 maculae
659 903 847 933 purpureae,
865 898 896 923 et

125 933 199 971 alia,
220 934 369 971 vitentur,
396 936 473 970 1383
499 935 626 975 quando
649 945 762 965 nocere
784 935 893 975 possit,

128 977 188 1006 132
202 989 208 1011 ;
235 977 261 1006 si
277 977 491 1017 inopportuna
506 977 612 1014 fuerit,
626 977 829 1017 pustularum
844 988 892 1007 re-

125 1028 243 1055 cessuS,
266 1029 323 1048 nec
353 1029 417 1049 non
445 1020 538 1049 faciei
561 1030 597 1049 ac
621 1029 778 1050 manuum
802 1020 894 1050 detu-

124 1061 326 1097 mescentiae,
344 1071 440 1091 causa
459 1072 528 1092 esse
544 1065 658 1101 potest,
679 1063 758 1097 135;
783 1062 810 1091 si
823 1063 893 1101 jus-

124 1106 167 1138 ta,
182 1102 215 1132 in
232 1103 467 1133 confluentibus
487 1114 653 1144 erumpere
675 1103 820 1143 pustulas
835 1104 893 1134 ali-

124 1145 253 1184 quando
269 1145 354 1182 facit,
372 1147 450 1181 132;
475 1146 507 1176 in
531 1146 660 1176 variolis
678 1147 771 1176 discr.
788 1147 895 1186 potius

123 1196 235 1222 nocua,
258 1189 316 1217 140
333 1200 339 1222 ;
364 1188 390 1217 si
407 1188 536 1218 morbus
556 1188 652 1218 fuerit
667 1189 893 1225 vehementior,

122 1229 266 1269 pustulis
278 1230 347 1268 jam
365 1230 517 1266 deciduis,
537 1231 596 1260 148
610 1242 617 1265 ;
642 1231 675 1260 in
692 1241 792 1270 agone
808 1241 893 1261 mor-

123 1270 175 1308 tis,
193 1272 263 1307 144,
284 1273 362 1307 145,
387 1277 460 1312 post
475 1273 612 1302 variolas
628 1273 718 1303 confi.
739 1273 895 1313 pessimas

122 1318 258 1350 curatas,
275 1314 358 1348 357;
390 1315 424 1344 in
447 1314 698 1351 contusionibus,
722 1316 796 1351 449,
821 1317 895 1352 450,

121 1355 206 1390 602;
244 1357 512 1386 venae-sectionis
535 1367 599 1387 non
621 1357 836 1397 congruentis,
860 1358 894 1388 in

122 1396 276 1434 febribus,
294 1398 414 1435 effecta,
433 1400 484 1435 41,
502 1400 552 1429 42.

167 1439 327 1470 Venenati
337 1451 356 1470 a
372 1441 543 1471 sublimato
556 1441 716 1471 corrosivo
729 1446 893 1482 assumpto

122 1482 246 1512 curatio
262 1482 329 1512 sola
345 1493 428 1522 aqua
443 1483 593 1523 simplici,
611 1485 682 1514 301.

165 1523 336 1554 Venenum
360 1525 480 1555 Medici
502 1526 536 1555 in
556 1525 643 1555 febre
668 1525 820 1565 maligna,
837 1535 894 1565 per

122 1564 342 1597 calefacientia
357 1567 583 1607 expellendum
599 1573 762 1607 putarunt,
782 1569 852 1598 509.

166 1608 286 1639 Venter
311 1609 478 1639 induratus
501 1610 536 1639 in
558 1610 701 1640 febribus
726 1610 893 1640 intermitt.

122 1654 269 1681 autumn.
298 1651 451 1687 clintum„
480 1652 530 1688 73,
563 1652 626 1687 74;
655 1652 688 1682 in
716 1652 894 1682 infantibus

121 1692 386 1729 febricitantibus,
402 1695 452 1725 89.

164 1734 347 1766 Ventriculi
358 1736 515 1773 debilitas,
526 1736 685 1777 podagrae
701 1736 895 1767 inveteratae

123 1777 264 1816 sequela,
279 1779 353 1808 445.

166 1819 277 1849 Venus
299 1819 331 1850 in
359 1820 539 1860 podagricis
562 1825 665 1857 nocet,
689 1822 770 1856 441;
802 1831 892 1861 prae-

123 1865 307 1934 23a5u33i4et
330 1862 431 1892 nimia
454 1863 628 1902 podagram
652 1863 794 1899 advocat,
821 1865 896 1900 409,

166 1945 307 1986 Vertigo,
331 1946 364 1975 in
392 1946 586 1976 variolarum
608 1946 709 1982 initio,
735 1946 792 1976 has
817 1957 894 1977 con-

123 1987 266 2017 fluxuras
281 1989 497 2028 praenuntiat,
511 1990 586 2019 346.

167 2029 320 2060 Vesrcar:
340 2030 427 2070 (Dr-2)
449 2030 606 2066 Urenass.
623 2031 696 2067 603,
713 2032 786 2061 604.

166 2072 365 2103 Vesicatoria
393 2073 427 2102 in
454 2073 630 2113 apoplexia,
662 2074 743 2108 570;
779 2073 811 2103 in
840 2083 891 2103 co-

125 2115 258 2144 matosis
303 2115 403 2145 affect.
443 2115 579 2145 variolas
620 2116 893 2155 praecedentibus,

124 2157 204 2191 346;
237 2157 270 2186 in
301 2163 424 2187 comate
456 2157 561 2187 febrili
583 2168 601 2188 a
624 2158 893 2194 calefacientibus,

122 2199 204 2234 494;
230 2199 263 2228 in
278 2199 364 2229 febre
385 2209 425 2229 ex
442 2200 523 2230 tussi
543 2200 628 2230 male
648 2205 791 2236 tractata,
810 2201 892 2235 297;

124 2241 157 2271 in
187 2241 273 2271 febre
299 2241 433 2281 epidem.
459 2251 551 2279 nova,
576 2244 659 2278 490;
691 2243 724 2272 in
752 2242 896 2282 hydrope

122 2293 339 2323 gangraenaln
354 2284 500 2321 invitant,
520 2285 600 2319 474;
625 2285 658 2314 in
682 2285 861 2324 phrenitide
877 2296 895 2315 a

123 2325 393 2361 calefacientibus,
407 2327 486 2361 49·1·;
510 2326 545 2356 in
560 2327 640 2357 tussi
651 2327 798 2367 epidem.,
813 2329 892 2363 294,

122 2367 155 2397 in
173 2367 299 2398 variolis
315 2367 420 2404 confi„
436 2370 507 2398 354.

167 2409 335 2440 vesiculae
349 2410 382 2440 in
398 2410 526 2440 variolis
542 2411 632 2442 confl.
651 2411 727 2441 anni
744 2411 808 2447 ’70,
823 2412 892 2442 189.

165 2452 314 2482 Vestium
337 2452 535 2492 hyemalium
552 2453 706 2494 depositio
725 2463 894 2494 quousque

122 2494 165 2524 sit
179 2494 361 2529 differenda,
380 2496 451 2526 241.

161 2536 298 2566 Vetulae
313 2537 497 2567 sudoriferis
519 2537 588 2568 suis
611 2547 708 2577 quam
728 2547 821 2577 saepe
837 2548 893 2568 no-

122 2584 228 2614 ceant,
243 2579 317 2615 507,
335 2580 410 2609 508.

166 2620 296 2651 Vibices
311 2631 367 2651 seu
382 2620 529 2651 maculae
545 2622 578 2652 in
600 2625 672 2652 cute
688 2621 798 2662 nigrae
813 2633 892 2663 quo-

123 2663 218 2693 modo
235 2663 424 2698 excitentur,
446 2665 515 2694 109.

166 2705 305 2744 vigiliae
321 2715 384 2744 quo
403 2711 494 2745 pacto
516 2705 709 2743 tractandae,
727 2707 786 2741 56;
813 2717 892 2746 quo-

123 2747 218 2777 modo
234 2748 467 2787 consopiendae
490 2753 562 2788 post
583 2748 703 2778 febrem
728 2749 796 2778 sine
819 2759 892 2779 nar-

123 2789 246 2826 coticis,
274 2791 333 2823 58;
365 2795 435 2829 post
463 2789 625 2819 catharsin
649 2795 680 2820 et
704 2800 893 2821 venae-sec-

123 2831 243 2861 tionem
273 2831 419 2862 omnium
447 2831 587 2862 maxime
615 2832 697 2862 vires
723 2833 896 2871 subruimt,

122 2874 204 2909 4383
230 2874 427 2913 vespertinae
450 2873 524 2915 plus
547 2879 664 2905 nocent
687 2884 784 2914 quam
808 2875 892 2906 dilu-

1647 119 1721 153 655

953 217 1026 248 culo
1048 226 1188 257 surgere,
1211 218 1285 254 438,
1308 218 1390 253 439ς
1419 218 1453 247 in
1479 217 1606 248 variolis
1629 218 1722 248 discr.

953 259 1128 300 paregorici
1145 269 1240 289 usum
1257 259 1403 295 suadent,
1424 261 1492 290 1:39.

995 302 1071 332 Vini
1084 302 1276 342 compotatio
1288 312 1447 341 quaenam
1461 307 1653 332 nocumenta
1669 312 1718 332 se-

953 354 1027 374 cum
1043 344 1157 381 trahat,
1171 345 1243 380 434,
1255 345 1333 379 435;
1359 344 1433 374 vino
1448 344 1576 381 assueti,
1587 344 1618 374 in
1637 345 1724 375 senio

953 396 1070 425 aquam
1087 391 1142 416 aut
1158 395 1278 425 aquosa
1296 392 1459 416 sumentes
1479 386 1565 416 brevi
1582 386 1721 416 interne-

953 433 1075 464 cantur,
1090 429 1163 464 435,
1177 430 1252 462 438;
1278 428 1389 458 vinum
1404 433 1435 458 et
1447 433 1573 458 acetum
1586 429 1723 459 fermen-

954 471 1071 500 tatione
1087 470 1315 510 vegetabilium
1332 470 1564 510 producuntur‚
1581 473 1637 505 40;
1664 471 1725 501 im-

953 513 1117 543 modicum
1147 512 1306 543 coctiones
1337 513 1501 548 subvertit,
1534 514 1607 548 434,
1637 514 1698 542 435
1715 525 1722 548 ς

953 555 1127 590 modicum,
1144 555 1200 585 ubi
1222 559 1329 585 cortex
1351 555 1465 585 Peruv.
1484 555 1565 584 nihil
1585 555 1725 594 amplius

953 597 1061 634 efficit,
1077 607 1145 627 rem
1161 607 1254 637 saepe
1269 597 1418 633 absolvit,
1434 599 1515 632 288;
1540 597 1725 628 antidotalis

953 639 1062 676 instar,
1085 645 1205 679 pestem
1228 640 1336 679 potius
1360 640 1494 670 accersit
1517 649 1614 679 quam
1635 649 1725 679 prae-

953 687 1053 716 cavet,
1076 682 1150 717 102;
1177 682 1211 711 in
1232 682 1314 711 cutis
1336 682 1570 721 eruptionibus,
1585 683 1665 717 265;
1691 683 1724 711 in

954 724 1094 753 febribus
1130 724 1307 760 intermitt.,
1344 725 1405 754 286
1420 736 1426 759 ;
1466 724 1499 754 in
1529 724 1726 763 gonorrhoea

954 765 1057 802 virui„
1074 766 1156 801 315;
1188 766 1220 796 in
1234 766 1387 806 hydrope,
1405 767 1464 798 471
1484 779 1490 801 ;
1521 766 1554 795 in
1572 766 1723 807 podagra,

953 809 1026 843 434,
1044 818 1107 848 sq.;
1131 808 1164 838 in
1179 808 1308 838 variolis
1324 808 1430 846 confi„
1445 809 1518 839 355.

996 850 1119 880 Vinum
1150 850 1344 880 Canariense
1382 855 1412 880 et
1444 850 1662 890 Hispanicum
1691 850 1725 880 in

954 892 1087 928 diabete,
1105 893 1188 928 290;
1220 893 1253 922 in
1273 893 1453 932 dysenteria
1473 902 1514 922 ex
1535 893 1726 922 torminibus

954 935 1082 970 ventris,
1100 935 1185 970 501;
1217 935 1250 964 in
1275 934 1433 974 hysterica
1460 935 1574 970 affect.,
1599 935 1649 964 vel
1674 945 1723 964 so-

954 976 1023 1006 lum
1058 976 1109 1006 vel
1143 977 1398 1012 aromatisatum,
1429 978 1490 1007 388
1505 989 1512 1013 ;
1549 977 1582 1006 in
1619 977 1723 1006 infan—

953 1019 1038 1048 tibus
1064 1019 1278 1059 purgantibus
1303 1019 1488 1055 debilitatis,
1514 1029 1590 1049 cum
1619 1019 1726 1049 herbis

953 1062 1185 1098 roborantibus,
1211 1063 1269 1091 381
1287 1074 1294 1097 ;
1325 1062 1359 1091 in
1381 1062 1532 1101 podagra,
1552 1063 1627 1097 438,
1643 1062 1726 1097 446;

953 1103 987 1132 in
1016 1103 1143 1133 variolis
1171 1114 1276 1133 anom.
1300 1103 1520 1140 semicoctum,
1548 1105 1620 1140 193,
1643 1106 1724 1139 223;

955 1145 1176 1185 Malaganum,
1190 1146 1240 1175 vel
1252 1145 1437 1182 Falernum,
1449 1146 1514 1176 sive
1526 1146 1726 1183 Muscatum,

953 1187 985 1217 in
1000 1189 1081 1218 tussi
1098 1193 1169 1228 post
1184 1188 1298 1218 febrim
1314 1189 1442 1225 contin„
1455 1191 1496 1218 54
1509 1201 1515 1225 ;
1532 1188 1644 1218 vinum
1657 1199 1724 1218 me-

953 1230 1096 1260 dicatum
1112 1231 1146 1260 in
1160 1230 1313 1270 hydrope,
1330 1231 1405 1267 471,
1421 1231 1492 1262 472.

997 1272 1066 1302 Viri
1089 1273 1242 1312 hydrope,
1270 1277 1372 1303 aetate
1398 1273 1588 1312 praesertim
1614 1272 1723 1312 ingra-

953 1319 1110 1350 vescente,
1135 1315 1331 1352 afficiuntur,
1362 1316 1447 1350 455;
1485 1315 1664 1350 sedentarii,
1690 1320 1727 1346 ut

952 1357 1123 1394 foeminae,
1134 1357 1303 1397 hysterieis
1319 1357 1420 1387 affect.
1436 1362 1612 1394 tentantur,
1628 1358 1704 1388 364.

995 1399 1164 1429 Virulenta
1173 1399 1305 1429 materia
1316 1399 1348 1428 in
1359 1400 1556 1439 gonorrhoea
1567 1409 1623 1439 per
1631 1399 1724 1439 glan-

954 1441 1002 1471 dis
1018 1441 1231 1471 substantiam
1246 1446 1428 1481 penetrans,
1444 1443 1516 1479 309,
1534 1443 1607 1472 310.

997 1483 1128 1513 Viscera
1142 1483 1259 1513 debilia
1280 1488 1311 1513 et
1325 1484 1504 1523 putrefacta
1525 1484 1561 1514 in
1582 1484 1726 1524 hydrope

954 1526 1142 1555 evacuantia
1159 1530 1278 1562 vetant,
1290 1526 1367 1561 469;
1392 1526 1426 1555 in
1438 1527 1580 1566 podagra
1595 1526 1726 1566 irregul.

954 1568 1081 1607 quando
1105 1567 1284 1607 periculose
1307 1567 1498 1604 afficiantur,
1526 1569 1608 1604 4l4;
1647 1569 1725 1599 adeo

954 1614 990 1640 ut
1005 1610 1134 1639 tandem
1150 1620 1236 1640 mors
1250 1611 1451 1650 insequatur,
1467 1611 1540 1640 416.

997 1651 1126 1682 Vitrioli
1152 1652 1282 1692 spiritus
1313 1652 1429 1692 quibus
1456 1653 1490 1682 in
1515 1652 1635 1682 morbis
1661 1663 1726 1683 non

929 1723 932 1727 ,
954 1694 1132 1731 conveniat,
1149 1695 1232 1730 4923
1256 1695 1290 1724 in
1309 1695 1395 1724 febre
1418 1700 1512 1725 acuta
1533 1705 1609 1725 cum
1624 1695 1726 1726 mictu

954 1742 1085 1767 cruento
1116 1741 1147 1767 et
1174 1737 1339 1776 petechiiS,
1370 1738 1451 1773 360;
1481 1737 1515 1767 in
1545 1737 1726 1776 phrenitide

953 1779 1050 1808 febris
1066 1780 1202 1818 epidem.
1219 1779 1294 1809 anni
1307 1780 1372 1816 ’74,
1383 1781 1460 1814 215;
1485 1780 1518 1809 in
1531 1780 1725 1810 variolarum

954 1821 1056 1857 initio,
1079 1822 1151 1857 347,
1177 1822 1257 1857 565;
1293 1821 1326 1851 iu
1346 1822 1476 1852 variolis
1498 1831 1602 1851 auom.
1624 1822 1726 1862 nigris

954 1863 1112 1902 pessimis,
1130 1865 1203 1894 222.

997 1905 1156 1935 Vomendj
1191 1905 1358 1946 propensio
1395 1906 1568 1936 emeticum
1595 1905 1726 1944 indicat,

954 1948 1007 1983 43,
1025 1948 1095 1977 110.

998 1989 1139 2019 Vomitio
1158 1989 1192 2019 in
1208 1994 1296 2029 peste
1317 1989 1476 2029 quomodo
1492 1989 1632 2026 sistatur,
1652 1991 1725 2027 113,

957 2032 1030 2066 114;
1055 2031 1243 2062 vomitiones
1257 2042 1296 2061 ex
1306 2032 1466 2072 hysterica
1475 2031 1576 2062 affect.
1587 2032 1725 2062 aliorum

954 2074 1139 2104 morborum
1150 2084 1224 2114 prae
1235 2084 1268 2104 se
1278 2075 1384 2104 ferunt
1396 2074 1547 2114 speciem,
1558 2076 1634 2111 394,
1643 2076 1705 2106 395
1717 2087 1725 2110 ς

953 2116 1142 2146 vomitiones
1165 2116 1283 2146 virides
1313 2126 1376 2146 non
1401 2127 1526 2157 semper
1552 2117 1725 2148 hmnorum

953 2159 1212 2198 depravationem
1227 2159 1387 2195 denotant,
1403 2161 1474 2189 202.

999 2200 1217 2231 Vomitorium
1239 2211 1279 2231 ex
1293 2211 1384 2232 croco
1406 2201 1525 2232 metali.
1542 2201 1627 2231 infra
1647 2202 1723 2232 ado-

954 2243 1139 2273 lescentiam
1168 2243 1350 2273 constitutis
1378 2253 1441 2273 non
1475 2244 1723 2284 propinandum,

955 2286 1012 2320 46;
1044 2286 1077 2315 in
1107 2285 1260 2325 hydrope,
1291 2295 1330 2316 ex
1361 2296 1452 2316 croco
1482 2286 1614 2322 metall„
1646 2287 1720 2323 467,

953 2328 1034 2363 468;
1066 2328 1100 2357 in
1123 2328 1284 2368 hysterica
1306 2327 1420 2363 affect„
1445 2328 1518 2364 373,
1542 2329 1616 2365 376,
1639 2329 1723 2363 377:

930 2370 985 2409 jin
1017 2371 1166 2409 podagra,
1196 2372 1279 2405 42ος
1309 2370 1343 2400 in
1370 2370 1549 2410 apoplexia,
1579 2372 1660 2406 570;
1691 2371 1725 2401 in

953 2411 1054 2442 colica
1074 2412 1128 2442 bil.
1147 2423 1186 2442 ex
1208 2412 1389 2452 zythogala,
1414 2414 1493 2448 195,
1525 2413 1726 2443 diarrhoeam

953 2454 986 2484 in
1002 2454 1154 2491 febribus,
1169 2455 1224 2484 vix
1240 2455 1492 2495 astringentibus
1513 2455 1725 2492 obedientem,

953 2497 1056 2536 fugat,
1083 2498 1135 2533 43,
1157 2498 1218 2532 44;
1242 2497 1375 2527 eandem
1390 2497 1423 2526 in
1440 2497 1581 2527 febribus
1605 2498 1724 2528 contin.

953 2543 1050 2574 arcet,
1077 2539 1132 2569 sed
1156 2539 1190 2568 in
1213 2539 1354 2569 febribus
1380 2539 1638 2570 inflammatoriis
1666 2550 1722 2580 po-

954 2581 1017 2610 tius
1041 2581 1171 2618 excitat,
1194 2582 1255 2616 61;
1278 2582 1311 2611 in
1335 2581 1422 2612 febre
1445 2582 1615 2622 pestilent.‚
1643 2583 1723 2617 11ος

932 2620 1247 2653 'venae—sectionem
1277 2634 1402 2663 semper
1436 2624 1634 2664 insequatur,
1669 2625 1725 2655 ubi

954 2670 1088 2705 utroque
1110 2665 1304 2705 indigemuS,
1321 2668 1374 2702 42,
1388 2667 1447 2702 43;
1473 2667 1561 2696 omni
1581 2671 1724 2706 tempore

955 2707 1062 2744 febris,
1079 2707 1106 2737 si
1122 2707 1246 2738 occasio
1263 2708 1366 2747 jubet,
1383 2709 1478 2738 modo
1493 2709 1577 2739 vires
1597 2709 1724 2745 dentur,

954 2750 1196 2786 assumendum,
1210 2752 1262 2786 45,
1278 2750 1315 2780 61
1328 2763 1339 2785 ς,
1359 2750 1392 2780 in
1404 2751 1545 2781 febribus
1557 2751 1723 2781 intermitt.

954 2792 1084 2828 vernal.,
1101 2792 1159 2828 75;
1191 2792 1225 2822 in
1252 2793 1387 2822 tertiana
1410 2793 1531 2823 vernali
1557 2793 1633 2823 anni
1660 2794 1725 2830 ⁷71,

954 2835 1035 2869 292;
1060 2834 1093 2864 in
1109 2834 1239 2864 variolis
1261 2834 1352 2865 initio
1374 2835 1477 2865 morbi
1497 2845 1538 2865 an
1554 2835 1723 2872 conducat,

957 2877 1036 2912 132;
1061 2876 1117 2907 ubi
1132 2881 1349 2917 symptomata
1367 2886 1421 2908 eas
1445 2877 1641 2908 confluentes
1659 2878 1725 2909 fore
