1985 3308
247 178 254 186 ι
281 153 813 203 OBSERVATIONUM,
836 155 1212 197 MEDICARUM
1247 159 1320 193 III.
1348 163 1382 196 3.
1482 159 1561 198 153

98 261 200 302 satis
222 262 412 315 copiosus
433 260 511 301 sub
539 262 667 302 finem
689 262 926 313 accedebat,
953 262 1003 316 (si
1023 277 1176 316 nempe
1203 263 1321 304 nulla
1351 263 1557 315 insignior
1606 278 1735 309 anms

96 334 380 381 praecesserat
411 329 638 379 evacuatio,
662 334 788 383 atque
819 344 944 383 aegro
970 331 1131 384 julapia
1160 330 1454 383 refrigerantia
1477 333 1553 370 im·
1577 322 1759 395 Αὲἷζῗζξᾶζὶ

92 402 243 449 perata
266 397 464 449 fuerant‚)
491 411 573 450 quo
599 397 782 450 quidem,
811 398 845 438 si
871 412 1008 452 neque
1040 397 1385 439 evacuationibus
1417 412 1555 451 neque
1602 408 1735 438 'cm-‘ma

94 478 178 504 usu
208 465 614 505 medicamentorum
651 466 883 506 calidorum
912 466 1041 507 fuerit
1072 467 1347 521 interceptus,
1381 467 1555 508 morbus
1690 455 1761 460 *-

95 531 209 572 ultra
231 546 347 585 spem
368 546 539 573 omnem
560 533 706 586 fugam
728 533 806 574 sibi
829 534 1069 588 quaerebat.

153 600 230 654 [2.]
264 600 326 641 Ut
353 615 450 641 vero
479 600 623 641 Febris
655 601 759 642 haec
793 602 844 643 ab
878 604 960 644 ista
990 604 1099 645 aeris
1133 605 1439 646 constitutione
1469 606 1553 659 cpi·
1576 616 1731 654 Ejusdem

94 667 258 709 demica
285 668 499 722 pendebat
532 683 638 723 quae
670 670 818 711 eodem
845 677 1034 725 tempore
1062 673 1238 714 variolas
1278 674 1551 728 producebat,
1573 660 1758 741 Ξῖζζιυνιῇζζ

91 735 153 776 ita
181 736 368 790 profecto
397 736 510 777 dicta
530 736 688 787 Febris,
716 737 750 777 si
775 751 862 778 non
889 738 1037 778 eadem
1064 740 1190 793 plane
1217 746 1338 791 esset,
1363 741 1553 794 ejusdcm
1572 744 1642 792 Piae
1659 755 1726 794 ⁰¹¹]-

90 805 180 846 fere
215 820 313 846 cum
347 806 429 846 illis
469 811 648 847 naturae
684 812 810 861 atque
843 807 996 848 indolis
1033 823 1108 862 per
1142 811 1286 851 omnia
1317 811 1551 862 videbatur,
1573 797 1647 817 ωηο
1664 788 1740 823 fiut‘

91 873 273 927 demptis
310 874 573 915 solummodo
604 875 898 929 symptomatis
930 876 1034 927 istis,
1071 892 1178 930 quae
1215 879 1450 932 eruptionis
1487 880 1553 921 vel

90 942 417 995 consequentiae
433 942 498 982 vel
519 942 670 983 effecta
691 953 811 984 erant
833 945 1081 985 neccssaria.
1122 946 1236 987 Nam
1253 947 1404 988 eodem
1425 948 1551 989 modo

89 1014 270 1062 uterque
295 1009 466 1050 morbus
496 1010 834 1063 aggrediebatur,
859 1012 976 1052 dolor
1006 1013 1119 1054 idem
1150 1015 1195 1054 in
1225 1014 1420 1068 partibus
1443 1030 1550 1069 quae

88 1077 226 1118 cordis
263 1077 494 1118 scrobiculo
528 1077 748 1131 subjacent
782 1078 815 1118 si
846 1093 998 1119 manus
1035 1080 1342 1130 admoveretur,
1378 1082 1550 1135 linguae

88 1145 193 1185 item
215 1146 339 1195 color,
361 1145 508 1185 urinae
531 1146 818 1195 consistentia,
842 1150 920 1187 etc.
936 1163 946 1196 3
985 1147 1158 1188 sudores
1181 1150 1407 1201 spontanei
1438 1151 1550 1203 eopi-

88 1212 149 1252 osi
176 1212 228 1253 ab
254 1212 376 1253 initio
397 1212 535 1253 oborti
561 1212 719 1266 ubique
752 1213 1065 1266 respondebant
1079 1232 1090 1264 3
1131 1216 1355 1269 propensio
1386 1217 1548 1268 itidem,

87 1294 215 1333 quam
236 1279 420 1320 habebat
436 1280 504 1320 hic
525 1279 697 1320 morbus
712 1281 876 1334 quoties
898 1281 943 1321 in
956 1282 1171 1323 flammam
1188 1284 1545 1326 vehementiorem

83 1355 338 1402 assurgeret,
355 1363 397 1390 se
418 1363 493 1403 per
512 1350 787 1403 ptyalismum
809 1352 1078 1402 exonerandi,
1095 1353 1242 1393 eadem
1263 1368 1436 1407 prorsus
1458 1361 1548 1396 erat

85 1421 212 1470 atque
238 1417 283 1457 in
303 1416 469 1457 variolis
496 1417 623 1467 hisce,
647 1417 810 1471 quoties
833 1417 991 1459 scilicet
1013 1420 1284 1462 confluebant
1301 1439 1312 1472 ς
1354 1435 1452 1463 011111
1482 1423 1546 1463 111-

85 1498 210 1538 super
239 1484 344 1526 haec
365 1484 511 1526 Febris
539 1498 587 1526 eo
619 1485 842 1538 praecipue
873 1490 1063 1539 tempore
1096 1487 1285 1537 saeviret,
1310 1503 1393 1541 quo
1419 1489 1547 1529 latius

84 1567 211 1607 quam
241 1568 431 1608 unquam
467 1554 569 1594 alias
603 1554 829 1607 (quantum
866 1568 943 1607 ego
980 1554 1221 1609 observavi)
1256 1556 1325 1597 1110
1355 1557 1545 1598 1000111111

80 1621 385 1674 grassabantur
408 1621 601 1671 variolae,
623 1620 786 1662 nemini
813 1621 992 1663 dubium
1021 1637 1111 1664 esse
1137 1629 1277 1677 potest
1300 1625 1405 1677 quin
1433 1626 1543 1679 ejus-

82 1688 179 1729 dem
220 1689 393 1730 omnino
434 1690 520 1730 sint
560 1689 790 1743 prosapiae.
858 1690 912 1730 Id
951 1696 1067 1732 certo
1108 1692 1206 1741 seio,
1248 1692 1544 1745 phaenomena

80 1759 265 1812 practica
299 1759 442 1800 omnia
477 1773 584 1813 quae
620 1759 884 1800 curationem
919 1760 1201 1814 respiciebant
1238 1763 1386 1803 eadem
1416 1764 1542 1817 plane

79 1827 209 1869 fuisse
230 1829 276 1869 in
297 1834 477 1882 utroque
505 1829 665 1880 morbo,
689 1830 873 1883 exceptis
894 1830 985 1870 istis
1015 1845 1121 1884 quae
1142 1833 1395 1874 variolarum
1418 1849 1539 1888 erup-

80 1895 145 1936 tio
162 1896 336 1950 ejusque
364 1897 513 1937 effecta
536 1896 582 1936 in
602 1897 684 1937 isto
705 1897 853 1938 morbo
875 1897 1135 1949 indicabant,
1159 1914 1279 1952 quae,
1302 1915 1400 1941 cum
1421 1903 1541 1943 nulla

80 1970 190 2004 esset
206 1964 252 2004 in
267 1965 345 2005 hac
362 1964 509 2015 Febre,
523 1964 701 2005 indicari
721 1965 896 2018 proinde
913 1980 997 2006 non
1016 1972 1192 2019 potuere
1200 1985 1211 2017 ;
1239 1968 1351 2022 quod
1369 1969 1540 2022 quidem

76 2032 185 2072 mihi
207 2032 374 2073 abunde
400 2032 619 2073 constabat
641 2046 692 2072 ex
713 2033 1036 2073 accuratissimis
1058 2034 1139 2073 illis
1161 2035 1537 2087 observationibus,

74 2114 184 2154 quas
219 2101 299 2141 feci
332 2100 434 2141 dum
462 2105 642 2154 utroque
673 2100 820 2141 morbo
848 2100 1089 2141 laborantes
1117 2106 1358 2142 tractarem.
1423 2102 1537 2144 Qua-

75 2173 249 2222 propter
276 2168 416 2209 danda
442 2168 546 2208 mihi
568 2174 630 2209 cst
651 2168 774 2208 venia
799 2169 901 2221 (non
924 2168 1036 2222 quod
1062 2183 1170 2210 nova
1191 2184 1334 2210 rerum
1362 2171 1538 2211 nomina

72 2236 284 2287 affectem,
300 2250 406 2290 quae
428 2236 602 2290 perinde
623 2236 728 2276 mihi
750 2242 849 2276 sunt
866 2237 999 2278 invisa
1020 2243 1146 2290 atque
1167 2238 1229 2278 1111
1250 2238 1318 2278 0111
1339 2239 1534 2290 maxime,

77 2305 150 2346 sed
170 2310 219 2346 ut
239 2305 349 2345 hanc
371 2304 540 2345 Febrim
562 2319 587 2345 a
606 2304 782 2345 caeteris
804 2304 1094 2358 distinguam‚)
1114 2311 1163 2345 ut
1184 2305 1321 2355 istam,
1344 2320 1369 2346 a
1390 2306 1533 2346 simili-

72 2373 225 2414 tudine
247 2387 374 2427 quam
389 2386 488 2414 cum
508 2372 587 2413 hac
607 2372 859 2413 variolarum
877 2372 1014 2426 specie
1034 2371 1177 2424 habet,
1199 2373 1365 2413 Febrem
1391 2374 1429 2413 V
1425 2374 1532 2414 ario-

75 2441 202 2481 [osam
221 2441 466 2495 insigniam.

138 2510 217 2565 [3.]
257 2511 368 2552 Utut
388 2524 485 2552 vero
507 2510 654 2552 Febris
676 2510 788 2551 dicta
807 2510 983 2551 variolas
1003 2510 1225 2562 referebat,
1239 2525 1365 2553 nemo
1386 2516 1530 2553 tamen
1550 2527 1698 2558 methodo

72 2592 201 2619 sanus
222 2579 369 2620 eadem
395 2579 512 2620 illam
536 2579 737 2620 methodo
765 2579 918 2620 debere
945 2580 1082 2620 curari
1107 2580 1227 2621 facile
1254 2581 1333 2621 sibi
1360 2595 1528 2634 persua·
1549 2574 1718 2601 t²¹¹¹³e¹¹⁶f²'

1548 2613 1619 2643 dem

72 2646 173 2687 serit
186 2663 197 2696 ;
229 2660 325 2688 cum
347 2647 393 2687 in
418 2647 496 2697 his,
519 2646 805 2688 mediantibus
833 2647 1081 2688 abscessulis
1108 2648 1337 2701 particulae
1364 2624 1698 2704 1111111111-111393111-ἃ

70 2718 211 2755 matae
242 2714 288 2755 in
314 2714 510 2756 habitum
536 2715 719 2769 corporis
746 2715 1030 2761 amandentur
1061 2716 1432 2770 eliminenturque‚
1460 2717 1528 2757 in⁰
1545 2709 1665 2774 ᾗζᾞῑξῖξ)
1667 2711 1686 2730 ¹¹

71 2780 149 2822 hac
170 2782 304 2823 Febre
332 2787 476 2823 autem
503 2797 590 2823 non
618 2782 700 2823 nisi
725 2797 800 2836 per
827 2783 1115 2824 salivationem
1143 2784 1378 2837 ejiciantur.
1441 2785 1529 2827 Qui

70 2850 186 2891 enim
215 2851 261 2892 in
281 2851 418 2893 morbi
445 2851 650 2906 principio
681 2852 913 2892 manabant
945 2852 1118 2893 sudores
1145 2853 1317 2907 profusi,
1342 2860 1526 2909 sympto-

592 2941 606 2956 ⁰
628 2936 792 2976 in—ejia]
810 2948 871 2967 om.
889 2937 935 2967 ed.
955 2937 1015 2968 76.

779 3005 806 3031 X
