1985 3308
415 132 808 174 DISSERTATIO
841 134 1245 175 EPISTOLARIS.
1470 139 1550 178 371

98 237 236 278 morbi
267 238 513 294 προφάσεις,
547 239 767 290 accedunt,
790 240 854 280 vel
885 241 1091 281 stomachi
1112 241 1298 281 vacuitas
1330 241 1382 281 ab
1414 241 1556 282 inedia
1596 253 1649 282 DE
1666 253 1733 283 Ar-

98 305 380 357 pertinaciuri,
411 307 476 347 vel
504 307 658 348 nimiae
690 307 919 347 humorum
950 308 1256 358 evacuationes,
1290 309 1374 348 sive
1405 323 1429 349 a
1460 324 1553 350 san-
1574 296 1757 368 rszcsswlillc-II-

100 374 229 426 guine
265 375 598 429 intemperanter
625 375 770 425 effuso,
802 376 887 416 sive
917 375 969 416 ab
1006 376 1184 416 emctico
1215 381 1289 416 aut
1323 376 1554 417 cathartico

100 441 168 480 cui
189 441 369 494 impares
391 447 511 482 erant
534 456 683 495 aegrae
707 443 823 483 vires.

158 507 264 561 [79.]
305 510 402 549 Jam
434 525 530 550 vcro
563 510 614 550 ab
646 510 724 551 hac
754 510 885 551 totius
915 511 1052 552 morbi
1086 512 1285 565 imagine,
1320 512 1554 553 secundum
1574 524 1698 556 Causae

98 574 389 627 vulgatissima
410 577 500 631 ejus
521 575 750 632 φαινόμενα
770 578 948 632 depicta,
970 579 1159 632 proximo
1181 580 1271 620 loco
1293 581 1383 634 ejus
1405 595 1555 621 causae
1571 578 1726 647 2222va

99 643 328 684 efficientes
360 645 565 696 internae,
600 646 684 687 sive
720 645 1040 702 προηγουμέναι,
1073 647 1179 686 mihi
1208 647 1385 688 veniunt
1416 649 1555 701 pensi-

99 710 266 761 tandae,
291 718 498 764 quantum
530 727 598 753 cas
629 728 677 754 ex
710 714 907 754 omnibus
929 728 1032 767 quas
1054 714 1349 768 descripsimus
1377 714 1554 755 circum-

100 776 267 816 stantiis
289 777 415 816 simul
431 778 593 831 junctis
615 779 818 832 expiscari
839 780 1013 820 valeam.
1076 781 1272 822 Pendent
1294 795 1394 834 ergo
1415 783 1555 823 Affec-

99 842 236 884 tiones
252 843 370 894 istae,
389 845 550 897 quasin
566 845 761 886 foeminis
775 846 1030 899 Hystericas,
1048 848 1091 888 in
1109 849 1296 889 maribus
1312 850 1555 903 Hypoclzon-

100 911 266 956 driacas
296 912 501 965 insignire
533 913 648 964 libet,
686 915 909 967 (quantum
943 930 1021 969 ego
1052 917 1226 970 judico‚)
1272 933 1295 958 a
1331 919 1556 972 spirituum

99 979 346 1020 animalium
369 979 532 1037 ἀταξίᾳ,
555 982 670 1022 1111(Ιο
690 983 802 1022 facto
823 983 987 1036 impetu
1007 983 1052 1023 in
1073 984 1184 1024 hanc
1204 984 1371 1026 illamve
1392 991 1556 1039 partem

98 1047 193 1100 plus
225 1063 351 1102 quam
382 1063 458 1101 pro
489 1056 580 1089 rata
605 1049 724 1090 densi
756 1051 960 1104 nimiique
990 1052 1198 1103 feruntur,
1222 1067 1408 1106 spasmos
1429 1055 1494 1094 uti
1515 1060 1557 1095 et

100 1116 287 1157 dolorem
321 1118 553 1158 excitantes
590 1118 665 1159 ubi
697 1119 742 1158 in
774 1125 914 1172 partes
945 1134 1074 1160 sensu
1106 1121 1314 1174 exquisito
1347 1123 1557 1175 praeditas

98 1183 282 1235 irruunt,
305 1190 432 1238 atque
453 1199 721 1238 organorum,
744 1191 837 1226 tum
859 1187 949 1240 ejus
971 1189 1014 1227 in
1037 1189 1150 1241 quod
1171 1203 1214 1229 se
1235 1189 1447 1243 ingerunt,
1464 1195 1558 1231 tuni

98 1251 221 1291 istius
243 1266 266 1292 a
288 1267 368 1306 quo
390 1252 635 1303 abscedunt,
656 1253 898 1294 functiones
926 1260 1213 1308 pervertentes
1229 1273 1240 1306 3
1273 1271 1371 1297 cum
1391 1264 1557 1299 utrum-

99 1335 180 1374 que
208 1321 259 1361 ab
288 1321 366 1362 hac
392 1326 481 1362 tam
511 1322 658 1375 iniqua
683 1322 924 1375 partitione,
947 1337 1053 1376 quae
1075 1324 1267 1365 Natta-ae
1289 1327 1558 1368 oeconomiae

98 1389 266 1442 penitus
288 1389 544 1439 adversatur,
567 1389 682 1430 haud
702 1404 853 1442 parum
876 1390 1123 1431 detrimenti
1144 1393 1294 1446 capiat.

163 1455 270 1509 [80.]
311 1456 443 1510 Cujus
466 1457 635 1509 quidem
662 1455 836 1509 ἀταξίας
866 1458 983 1511 origo
1005 1463 1132 1512 atque
1154 1473 1281 1500 causa
1301 1462 1556 1503 antecedens
1575 1483 1701 1508 antece-

98 1530 162 1564 est
189 1523 374 1569 debilior
392 1524 603 1565 dictorum
634 1524 861 1578 spirituum
888 1526 1028 1576 erasis,
1052 1526 1136 1567 sive
1163 1527 1308 1568 nativa
1338 1543 1387 1569 ea
1413 1529 1554 1581 fuerit,
1574 1522 1658 1552 dens.

99 1595 183 1634 sive
214 1594 343 1634 etiam
372 1594 615 1644 adventitia,
637 1594 752 1633 unde
784 1594 927 1647 quavis
949 1593 1164 1650 προφάσει
1191 1596 1393 1650 dissipatu
1415 1598 1557 1639 faciles

99 1666 212 1712 sunt,
254 1666 296 1702 et
337 1662 567 1702 eorundem
609 1667 793 1715 systema
832 1662 950 1702 nullo
989 1663 1077 1703 fere
1117 1665 1289 1717 negotio
1331 1666 1556 1709 dirimitur.

100 1731 470 1773 Quemadmodum
503 1732 618 1772 enim
648 1732 776 1772 homo
803 1732 974 1785 quidam
1006 1734 1187 1774 exterior
1219 1735 1478 1789 conspicitur
1508 1751 1558 1777 ex

99 1799 287 1852 partibus
313 1799 453 1839 sensui
478 1799 608 1839 obxiis
640 1800 976 1852 compaginatus,
1005 1801 1065 1841 ita
1093 1803 1241 1855 procul
1265 1803 1394 1845 dubio
1425 1810 1468 1845 et
1493 1806 1556 1845 in-

99 1868 230 1908 terior
265 1873 328 1908 est
361 1867 532 1920 quidam
563 1867 691 1907 homo
727 1881 749 1907 0
785 1867 929 1908 debita
964 1869 1189 1921 spirituum
1225 1873 1330 1911 serie
1363 1876 1404 1912 et
1438 1873 1557 1926 quasi

100 1935 259 1976 fabrica
288 1940 498 1984 constans,
525 1935 612 1975 solo
643 1934 819 1974 rationis
851 1935 1012 1976 lumine
1045 1940 1410 1991 contemplandus.
1474 1943 1558 1983 Hic

101 2018 212 2054 vero,
254 2018 350 2044 cum
383 2004 596 2057 temperie.
622 2004 805 2057 corporis
841 2004 1033 2045 intimius
1073 2007 1326 2060 conjunctus
1367 2014 1409 2049 et
1441 2011 1561 2063 quasi

102 2072 258 2122 unitus,
280 2077 401 2112 tanto
423 2072 588 2125 aegrius
610 2071 824 2112 faciliusve
850 2071 902 2112 de
923 2077 1038 2112 statu
1066 2087 1140 2114 suo
1169 2075 1377 2129 dejicitur,
1401 2083 1561 2130 quanto

102 2141 237 2194 major
257 2145 320 2180 est
342 2140 529 2180 minorve
551 2153 612 2189 ea,
636 2153 762 2192 quam
784 2152 808 2178 a
829 2138 997 2178 Natura
1022 2140 1234 2191 sortimur,
1256 2143 1561 2197 principiorum

103 2210 457 2251 constituentium
478 2208 668 2248 firmitas.
731 2206 1020 2248 Quamobrem
1041 2207 1247 2249 foeminas
1272 2210 1398 2264 longe
1418 2212 1560 2265 plures
1580 2232 1647 2262 Cur
1656 2232 1763 2272 plures

104 2292 230 2331 quam
246 2277 453 2318 masculos
468 2276 537 2316 hic
558 2274 731 2315 morbus
754 2273 1009 2327 aggreditur,
1027 2276 1227 2328 quoniam
1244 2277 1436 2320 videlicet
1457 2281 1559 2322 istas
1577 2275 1760 2348 Γοξὲζξῃιῗξῇ-

104 2346 272 2386 Natura
291 2345 424 2398 magis
447 2343 672 2384 delicatulo
694 2342 934 2395 rarioreque
956 2344 1140 2396 corporis
1161 2345 1311 2386 habitu
1336 2348 1429 2399 (ceu
1449 2349 1559 2390 vitae
1577 2328 1626 2390 iles
1642 2361 1680 2390 iis
1696 2361 1742 2390 fa-

106 2413 296 2463 molliori,
333 2419 375 2454 et
407 2412 630 2452 hominum
666 2410 838 2460 deliciis,
873 2410 1134 2464 destinatas‚)
1174 2412 1332 2455 blanda
1362 2415 1557 2468 donavit;
1577 2403 1728 2443 figamur·

105 2495 240 2521 mares
273 2487 416 2521 autem
451 2485 592 2520 toroso
632 2478 815 2531 corporis
852 2477 1013 2528 robore,
1050 2485 1199 2532 utpote
1233 2482 1304 2534 qui
1343 2483 1558 2526 laboribus

105 2548 370 2590 exantlandis
391 2548 436 2588 in
458 2547 608 2587 tellure
630 2545 806 2587 colenda
827 2551 869 2585 et
890 2546 1204 2599 repastinanda,
1223 2554 1265 2588 et
1283 2550 1382 2590 feris
1406 2552 1558 2605 quibus

105 2618 275 2659 alantur
295 2615 521 2670 capiendis,
544 2614 718 2667 aliisque
739 2613 957 2664 similibus,
980 2615 1068 2668 apti
1088 2615 1178 2656 nati
1199 2616 1296 2658 sint.

166 2683 277 2740 [81.]
312 2684 483 2725 Dictam
514 2688 657 2723 autem
686 2682 913 2735 spirituum
944 2680 1120 2734 ἀταξίαν
1141 2683 1266 2738 hujus
1296 2687 1433 2728 morbi
1461 2702 1558 2730 cau·
1579 2707 1702 2748 Speciei
1717 2709 1755 2739 il-

106 2768 196 2794 sam
227 2767 328 2802 esse,
351 2753 647 2805 phaenomena
671 2750 762 2803 jam
793 2749 1002 2802 descripta
1029 2750 1130 2791 satis
1162 2752 1356 2804 probant,
1379 2769 1560 2808 quorum
1577 2750 1738 2824 Ιίιὶῖνιέιωρ

106 2821 330 2876 praecipua
350 2826 521 2860 tantum
554 2818 778 2870 attingam,
802 2831 826 2857 a
853 2817 1074 2857 notissimo
1101 2818 1173 2859 illo
1202 2821 1373 2863 Affectu
1403 2824 1559 2879 Hyste-
1579 2838 1727 2875 δι’-(Πιμπ-

106 2891 204 2940 rico,
237 2889 309 2942 qui
346 2889 459 2928 Uteri
492 2886 783 2938 Strcmfflclatus
818 2884 944 2937 vulgo
981 2884 1147 2935 dicitur,
1179 2886 1351 2929 initium
1386 2891 1558 2935 faciens·
1577 2880 1740 2955 mm}-
