1985 3308
720 129 890 167 INDEX
920 128 1122 166 RERUM.

122 234 190 264 tina
213 232 351 274 quando,
367 233 440 269 338,
457 233 536 267 343ς
561 231 594 261 in
618 231 703 262 febre
726 231 894 267 variolosa,

122 275 294 316 ptyalismo
335 275 506 315 disparent,
548 275 624 309 158;
662 274 694 304 in
737 274 894 304 morbillis

123 319 262 358 quando,
278 320 351 355 338,
367 319 446 352 343;
472 317 728 347 venae-sectione
750 323 779 347 ct
805 316 896 346 refri-

123 361 309 401 gerantibus
332 360 486 396 sublatae,
513 360 584 396 187,
610 361 686 393 1883
716 359 812 399 pestis
836 359 895 389 sub

123 404 276 439 adventu,
292 404 353 433 509
367 415 373 436 ς
399 403 431 432 in
446 408 532 442 peste
549 401 766 442 praesentanei
784 401 894 431 interi-

123 451 175 476 tus
198 446 313 481 nuutii,
328 455 397 475 raro
418 445 485 475 sine
508 445 592 475 febre
612 444 814 483 contingunt,
830 445 869 474 99
887 456 894 477 ς

123 488 304 518 bubonibus
319 487 587 518 retrocedentibus
600 487 817 523 succedentes,
828 496 891 516 cer-

124 530 239 560 tissimi
261 530 372 560 mortis
393 530 524 565 indices,
543 531 621 565 105;
645 530 684 559 ob
708 539 893 559 venae-sec-

124 573 244 603 tionem
271 583 334 603 non
361 572 437 602 satis
464 572 608 602 iteratam
634 582 691 602 cur
717 576 896 612 erumpant,

128 616 187 645 112
200 627 206 649 ;
224 615 257 644 in
272 615 409 651 variolis,
421 615 630 654 interspersae
644 614 793 655 pustulis,
809 624 892 644 mor-

124 658 164 688 tis
188 658 387 698 praenuntia,
415 659 485 693 128,
502 659 575 694 333,
591 658 675 693 519;
700 656 895 686 confluentes

126 699 339 740 utplurimum
364 700 568 736 comitantur,
589 701 668 734 333,
694 699 838 729 maculae
862 700 894 729 in

125 742 253 772 variolis
280 743 376 779 unde,
400 743 473 779 337,
496 744 570 779 508,
593 744 666 778 509,
686 743 765 777 519;
806 742 854 771 vel
879 752 896 772 e

125 785 352 816 constitutione
367 785 458 821 ae'ris,
476 786 553 820 1283
578 784 628 814 vel
653 795 668 814 c
691 784 765 814 lecti
782 784 896 821 calore,

130 828 209 863 137;
233 838 249 858 e
271 828 426 867 regimine
450 827 563 864 calido,
590 827 660 863 147,
683 827 761 862 337;
787 837 804 856 e
821 837 894 856 san-

125 870 223 910 guine
237 870 518 906 inflannnato,509
532 883 538 905 ;
561 870 593 900 in
609 869 736 900 variolis
752 869 827 899 anni
844 871 892 899 ’81

125 923 165 942 ex
181 913 322 943 siccitate
342 913 416 942 anni
438 913 592 948 inaudita,
607 914 680 948 332,
697 913 757 942 333
772 924 778 946 ;
804 923 895 942 aver-

127 961 240 985 tuntur
256 955 510 986 venae-sectione
530 955 730 995 tempestiva,
747 954 795 985 vel
813 955 895 994 regi-

127 998 213 1028 mine
236 1003 423 1038 temperato,
449 998 519 1034 147,
544 1000 616 1035 343,
640 999 723 1033 509;
751 997 897 1028 maculae

128 1041 241 1070 rubrae
256 1041 289 1070 in
305 1040 472 1077 morbillis,
491 1042 559 1070 184.

171 1083 360 1122 Malignitas
384 1083 568 1113 morborum
585 1083 662 1122 qnid
681 1083 731 1119 sit,
749 1083 808 1112 231
829 1093 895 1122 sq.;

125 1125 225 1165 hujus
249 1136 406 1165 quaenam
430 1126 521 1165 signa
544 1126 651 1156 haberi
675 1126 807 1162 soleant,
823 1127 897 1162 508,

127 1169 208 1203 509;
227 1168 410 1208 malignitas
425 1169 610 1198 morborum
626 1178 718 1208 saepe
735 1178 820 1198 error
831 1178 898 1198 me·

127 1210 285 1247 dentium,
304 1213 354 1248 54,
375 1212 434 1245 96;
460 1221 523 1241 non
548 1211 580 1241 in
606 1211 693 1241 omni
716 1211 820 1251 specie
843 1220 898 1250 per

128 1253 259 1284 sudores
274 1253 468 1289 eliminatur,
485 1255 564 1288 232;
590 1253 749 1293 quomodo
765 1253 898 1289 tollitur,

128 1297 202 1332 233,
227 1298 306 1330 2345
345 1296 540 1335 malignitati
568 1296 730 1336 quodnam
756 1296 898 1335 regiinen

126 1339 253 1378 proprie
281 1339 483 1375 concedatur,
513 1340 575 1369 232
605 1349 674 1378 sq.;
711 1348 768 1378 per
796 1339 900 1369 calida

127 1381 373 1417 medicamenta,
401 1392 633 1421 nonnunquam
657 1386 803 1421 augetur,
826 1383 899 1417 232,

128 1425 209 1459 509;
234 1424 444 1464 malignitatis
469 1424 567 1460 notio,
583 1424 622 1454 ab
644 1424 829 1454 hominibus
850 1423 899 1453 in-

127 1471 233 1503 venta,
248 1467 317 1506 ipsa
333 1467 416 1506 pyrii
431 1466 573 1507 pulveris
595 1466 777 1497 inventione
794 1466 897 1496 letha—

128 1508 188 1539 lior
202 1509 274 1545 fujt,
291 1510 361 1539 509.

171 1551 299 1581 ΜΑΝῙΑ
327 1550 414 1592 (Da)
444 1551 634 1588 COMMUNI,
663 1551 738 1588 601,
762 1552 834 1582 602.
859 1551 899 1581 cf.

129 1593 170 1624 90
187 1604 235 1634 sq.

172 1636 303 1667 Maniae
323 1637 454 1674 curatio,
471 1637 524 1673 92,
540 1637 599 1667 601
614 1648 620 1671 ς
646 1636 774 1666 maniae
797 1636 900 1666 febres

127 1678 293 1710 intermitt.
318 1679 533 1710 diuturniores
559 1689 793 1719 nonnunquam
812 1679 898 1709 exci-

129 1722 245 1762 pientis
269 1723 400 1758 curatio,
421 1724 474 1760 91,
491 1723 570 1758 601;
601 1722 634 1752 in
652 1722 773 1761 vegetis
795 1722 898 1752 homi-

129 1764 224 1794 nibus
247 1766 357 1801 oritur,
378 1766 436 1800 92;
463 1775 558 1795 causa
580 1765 661 1804 ejus,
687 1766 738 1801 91,
758 1766 838 1799 601;
864 1764 899 1794 in

129 1806 300 1837 stultitiam
323 1817 555 1847 nonnunquam
582 1808 789 1847 degenerans,
817 1808 897 1842 601;

130 1849 228 1889 hujus
244 1850 328 1890 apud
344 1854 489 1880 auctores
502 1850 591 1880 nulla
608 1850 738 1885 mentio,
755 1851 792 1880 91
809 1862 814 1884 ;
831 1851 900 1889 ejus

130 1902 149 1922 a
171 1892 278 1922 mania
301 1893 466 1922 communi
490 1892 677 1929 differentia,
701 1894 759 1927 91;
796 1897 900 1922 metus

130 1934 181 1965 hic
195 1945 213 1964 a
229 1935 326 1971 febre,
341 1935 379 1965 ob
393 1935 535 1975 regimen
551 1933 702 1970 calidum,
715 1945 829 1970 vanuS,
839 1936 898 1969 92;

130 1978 289 2017 quomodo
308 1977 478 2017 aliquando
497 1988 553 2018 pro
576 1977 696 2008 ratione
712 1977 829 2007 virium
852 1977 900 2006 in-

131 2021 283 2050 crementi
298 2021 432 2056 recedat,
452 2021 500 2052 73.

175 2063 298 2093 Manna
323 2063 399 2103 quid
425 2063 477 2099 sit,
501 2064 586 2098 522;
618 2062 851 2102 lithontriptica
870 2061 900 2091 vi

132 2116 229 2145 quare
264 2106 406 2146 praedita
441 2105 640 2136 existimetur
677 2105 716 2135 ab
749 2105 901 2141 Auctore,

131 2149 212 2182 522;
252 2148 284 2178 in
315 2148 439 2178 calculo
467 2159 608 2189 purgans
636 2147 900 2187 litliontripticon,

132 2192 206 2227 523,
223 2192 302 2226 524ς
327 2191 359 2221 in
382 2191 472 2231 aquis
494 2190 636 2221 mineral.
653 2191 835 2221 catharticis
850 2201 899 2220 as-

132 2239 273 2273 sumpta,
300 2235 333 2264 in
371 2234 550 2270 calculosis,
582 2233 740 2273 quomodo
777 2237 900 2269 noceat,

132 2277 203 2306 526.

177 2318 296 2349 Manus
323 2319 355 2348 in
383 2319 511 2349 variolis
537 2318 629 2349 confl.
661 2318 788 2358 quando
814 2319 901 2349 intu-

132 2371 272 2392 mescere
288 2362 420 2398 soleant,
441 2363 509 2392 125.

176 2404 284 2434 Mares
307 2404 464 2434 affectioni
481 2404 698 2444 hypocbondr.
715 2403 822 2434 minus
845 2403 900 2433 ob-

132 2447 219 2477 noxii
251 2457 347 2486 quam
377 2447 543 2483 foeminae,
573 2448 656 2481 365;
695 2446 775 2476 ratio
803 2447 901 2486 hujus

131 2489 282 2523 redditur,
301 2491 372 2522 371.

177 2531 350 2563 Martialia.
368 2531 413 2572 [V.
433 2531 592 2572 Chalybs]

176 2574 314 2605 Materia
344 2575 463 2605 febrilis
497 2575 529 2605 in
563 2575 704 2605 febribus
738 2574 901 2604 intermitt.

133 2617 260 2657 quando
287 2623 488 2657 aggregetur,
516 2619 596 2652 283;
636 2617 768 2647 materia
791 2627 900 2647 excre-

132 2664 164 2690 ta
187 2666 258 2700 post
278 2661 419 2691 febrilem
445 2660 689 2690 commotionem
715 2660 829 2690 vitiosa
852 2670 900 2690 es-

132 2713 166 2733 se
194 2708 309 2743 potest,
332 2703 405 2733 licet
431 2703 562 2743 sanguis
587 2708 679 2733 antea
701 2703 814 2738 bonuS,
842 2704 902 2737 41ς

131 2746 304 2786 expellitur
331 2756 469 2785 quoquc,
489 2746 563 2786 quia
588 2745 713 2775 Natura
736 2746 805 2784 ejus
826 2755 900 2775 con-

132 2789 266 2818 sortium
284 2790 362 2819 ferre
386 2788 524 2828 amplius
538 2799 601 2818 non
618 2794 733 2828 potest,
749 2790 808 2822 ›1·2;
833 2798 900 2817 ma-

131 2831 228 2861 teriae
239 2831 359 2862 febrilis
370 2831 604 2862 concoctionem
618 2841 815 2871 promovere,
827 2831 903 2870 quid

132 2883 165 2904 re
181 2874 249 2914 ipsa
267 2874 316 2909 sit,
332 2876 382 2910 49,
400 2876 458 2908 5ος
484 2873 698 2904 concoctionis
719 2873 811 2913 signa
832 2878 903 2913 post

133 2916 199 2946 dies
219 2918 255 2947 13
269 2917 318 2947 vel
341 2918 377 2947 14
394 2923 558 2957 apparent,
574 2918 653 2951 2983
679 2916 811 2947 materia
833 2926 900 2946 mc-

1648 130 1720 166 637

953 231 1024 261 dica
1039 239 1096 260 cur
1111 229 1189 259 adeo
1204 228 1372 264 immensa,
1393 229 1426 258 11
1442 241 1448 263 ;
1474 228 1607 258 materia
1621 229 1723 259 morbi

952 273 985 303 in
1002 273 1142 312 podagra
1157 270 1287 310 irregul.
1300 271 1333 300 in
1344 281 1609 310 paroxysmornm
1624 271 1722 301 inter-

953 315 1056 350 vallis,
1081 324 1247 353 nunquam
1270 313 1406 353 perfecte
1430 313 1612 353 dissipatur,
1637 315 1722 348 414·;

953 357 1101 388 materies
1124 356 1234 386 viridis
1259 355 1292 385 in
1318 355 1479 395 hysterica
1502 355 1602 386 affect.
1632 366 1724 396 saepe

954 400 1105 441 rejicitur,
1122 400 1196 435 366,
1215 398 1288 434 367,
1305 399 1378 434 372,
1394 399 1464 430 373.

998 442 1173 473 Maturatio
1206 441 1400 471 variolarum
1433 440 1556 471 discret.
1588 441 1725 479 regular.

954 485 1158 525 quandonam
1193 483 1338 524 incipiat,
1369 488 1399 513 et
1426 483 1617 522 quibusnam
1651 494 1724 513 cum

953 527 1191 568 symptomatis,
1209 528 1265 556 121
1281 538 1287 561 ;
1312 525 1533 556 maturationis
1550 526 1658 561 febris,
1670 536 1725 556 seu

952 573 1143 606 secundaria,
1168 569 1216 599 vel
1241 574 1271 599 et
1283 571 1409 607 putrida
1432 568 1528 603 dicta,
1543 568 1574 598 in
1598 568 1725 598 variolis

953 613 1058 649 confl.,
1084 614 1156 649 141,
1184 613 1254 649 193,
1278 613 1340 642 513
1365 621 1409 651 sq.
1437 609 1482 651 [V.
1502 612 1646 648 Putrida,
1671 613 1725 641 Se-

953 654 1128 695 cundarim]

997 698 1126 728 Meatus
1155 696 1241 727 caeci
1263 706 1303 726 ex
1331 695 1510 726 abdominis
1534 695 1669 726 cavitate
1693 696 1725 726 in

954 740 1104 770 intestina
1121 740 1247 775 dantur,
1265 741 1337 769 462.

998 783 1125 813 Medica
1149 782 1256 822 praxis
1280 791 1319 811 ex
1345 780 1576 821 hypothesibus
1595 786 1663 811 orta
1686 781 1724 810 li-

954 830 1003 855 cet
1022 826 1177 861 videatur,
1193 823 1402 854 nihilominus
1426 824 1512 863 ipsae
1536 823 1727 863 hypotheses

954 869 1044 908 praxi
1061 868 1216 907 originem
1234 867 1360 901 debent,
1376 868 1449 897 466.

998 911 1234 940 Medicamenta
1259 909 1535 949 praestantissima
1560 918 1578 938 a
1602 908 1728 938 Natura

954 953 1139 993 praecipuas
1164 953 1247 982 vires
1274 951 1447 991 accipiunt,
1464 953 1544 986 380;
1570 961 1633 991 quo
1650 952 1728 980 sim·

954 996 1096 1035 pliciora,
1107 1006 1142 1025 eo
1159 995 1301 1029 meliora,
1314 996 1374 1024 425
1388 1006 1394 1029 3
1419 996 1555 1033 spec-fica
1569 1003 1726 1033 quaenam

954 1038 1174 1078 intelligenda,
1202 1039 1238 1067 18
1263 1048 1330 1077 sq.;
1367 1037 1514 1077 specifica
1538 1036 1639 1072 nulla,
1662 1046 1727 1066 nno

954 1081 1070 1111 cortice
1098 1081 1210 1111 PeruV.
1237 1084 1380 1119 excepto,
1405 1079 1543 1119 cognita,
1570 1080 1618 1115 19,
1644 1080 1726 1113 323;

954 1124 1120 1154 medicam.
1147 1123 1186 1153 ad
1209 1123 1392 1152 morborum
1423 1121 1527 1161 inagis
1549 1121 1727 1161 insignium

955 1167 1161 1201 curationem,
1178 1165 1210 1195 in
1233 1165 1335 1205 patrio
1359 1164 1530 1204 cujuslibet
1553 1164 1620 1193 solo
1644 1164 1726 1199 data,

955 1209 1125 1239 verisimile
1139 1208 1275 1244 videtur,
1292 1209 1328 1237 19
1341 1219 1347 1242 3
1364 1217 1403 1237 ex
1418 1206 1535 1247 plantis
1549 1207 1729 1246 desumpta,

954 1252 1087 1292 reliquis
1109 1251 1249 1291 palmam
1270 1250 1479 1290 praeripiunt,
1499 1251 1547 1285 19,
1564 1250 1624 1283 20;
1650 1249 1726 1278 sim-

955 1294 1132 1334 plicissima
1146 1293 1241 1323 tradit
1253 1293 1387 1329 Auctor,
1401 1294 1437 1322 21
1453 1305 1459 1327 3
1478 1302 1558 1331 quae
1569 1302 1587 1321 a
1599 1291 1726 1321 leviori-

955 1337 1014 1367 bus
1042 1341 1167 1367 tantum
1193 1335 1331 1374 ingeniis
1365 1334 1616 1374 vilipenduntur,
1645 1336 1727 1369 300;

956 1379 1112 1409 vilissima
1138 1389 1264 1419 quoque
1286 1377 1469 1408 hominibus
1491 1377 1654 1407 servandis
1676 1377 1726 1406 in-

957 1422 1072 1452 servire
1086 1426 1217 1461 queunt,
1231 1422 1288 1450 301
1304 1433 1310 1454 3
1335 1420 1502 1450 medicam.
1517 1420 1638 1459 optima
1648 1419 1726 1459 eby-

958 1464 1114 1494 micorum
1128 1463 1223 1493 nimis
1236 1463 1377 1493 officiosa
1393 1462 1562 1492 sedulitate
1578 1472 1730 1492 enervan-

957 1512 1018 1543 tur,
1037 1507 1110 1543 379,
1127 1508 1206 1540 380;
1234 1505 1383 1535 calidiora
1398 1505 1432 1535 in
1449 1505 1588 1534 febribus
1610 1505 1729 1534 contin.

958 1549 1084 1589 quando
1108 1548 1319 1583 concedenda,
1334 1549 1393 1582 49;
1426 1547 1646 1586 refrigerantia
1670 1547 1727 1576 ali-

958 1592 1085 1631 quando
1101 1591 1376 1631 despumationem
1391 1590 1527 1619 febrium
1540 1590 1731 1629 impediunt,

959 1634 1017 1670 783
1043 1634 1160 1664 febrem
1179 1633 1363 1664 continuam
1379 1633 1579 1672 protrahunt,
1598 1634 1650 1669 50,
1667 1634 1706 1662 55
1723 1645 1730 1667 ;

958 1677 1119 1717 hysterica
1133 1676 1324 1711 roborantia,
1339 1677 1395 1706 381
1411 1688 1417 1710 ;
1442 1675 1601 1715 hysterica
1608 1673 1730 1714 foetida

958 1730 1117 1760 quaenam
1134 1719 1292 1755 dicantur,
1307 1718 1380 1755 378,
1397 1719 1468 1754 379,
1484 1720 1564 1753 392,
1590 1718 1667 1748 dum
1683 1728 1731 1748 ro-

957 1763 1101 1793 borantia
1138 1762 1338 1798 adhibentur,
1374 1761 1501 1791 interim
1541 1760 1729 1797 exhibenda,

959 1807 1040 1840 383;
1080 1805 1239 1845 hysterica
1267 1804 1424 1844 quaedam
1456 1808 1531 1833 sunt
1561 1803 1730 1839 naturalia,

959 1848 1115 1888 quaedam
1145 1846 1331 1883 artificialia,
1361 1848 1440 1880 392;
1478 1846 1605 1885 quando
1635 1846 1728 1876 omit-

958 1891 1062 1927 tenda,
1079 1892 1158 1924 385;
1193 1889 1313 1919 diutius
1337 1893 1437 1928 agunt
1460 1889 1486 1918 si
1509 1889 1612 1918 forma
1629 1888 1731 1918 solida

959 1943 1055 1973 quam
1081 1933 1108 1962 si
1133 1932 1256 1971 liquida
1280 1931 1512 1971 deglutiuntur,
1529 1932 1608 1965 383;
1637 1931 1729 1961 robo-

958 1975 1061 2005 rantia
1079 1975 1111 2004 iu
1137 1975 1289 2014 hydrope,
1307 1975 1379 2010 469,
1398 1974 1472 2009 471,
1488 1973 1549 2005 472
1565 1985 1571 2008 ;
1597 1973 1728 2012 digesti-

958 2028 998 2048 va
1020 2018 1053 2048 in
1078 2017 1196 2047 morbis
1219 2017 1340 2053 chron.,
1356 2021 1387 2046 et
1402 2016 1549 2056 podagra,
1567 2017 1641 2052 424,
1656 2018 1731 2053 430,

959 2062 1042 2095 432;
1068 2070 1106 2090 ex
1131 2059 1390 2090 calefacientibus
1414 2069 1495 2098 quae
1519 2064 1732 2095 amarescunt,

959 2113 1056 2143 quare
1079 2103 1269 2138 conducant,
1294 2102 1367 2137 427,
1392 2102 1430 2131 cf.
1456 2102 1538 2136 43ος
1562 2101 1729 2132 medicam.

960 2146 1027 2176 sola
1049 2146 1175 2176 morbos
1199 2145 1306 2175 chron.
1332 2149 1362 2174 et
1384 2144 1557 2184 podagram
1584 2154 1648 2173 non
1672 2154 1728 2174 cu-

958 2194 1041 2225 rant,
1057 2190 1137 2223 11-32;
1170 2188 1325 2227 digestiva
1350 2187 1477 2226 quando
1502 2186 1535 2216 in
1560 2197 1655 2216 usum
1679 2197 1728 2217 re-

959 2232 1112 2267 vocanda,
1125 2231 1206 2266 432;
1232 2240 1328 2270 quare
1352 2234 1532 2260 constanter
1549 2233 1580 2259 et
1602 2229 1728 2259 assidue

959 2274 1154 2314 usurpanda,
1169 2274 1244 2309 431,
1259 2275 1339 2307 432,
1365 2282 1428 2311 qua
1449 2272 1594 2302 cautione
1617 2272 1650 2302 in
1673 2282 1725 2302 eo-

959 2327 1030 2346 rum
1056 2327 1116 2347 usu
1139 2316 1387 2356 procedendum,
1411 2317 1483 2350 425,
1498 2315 1538 2344 cf.
1554 2316 1633 2349 421ς
1658 2325 1726 2344 me-

960 2360 1076 2390 dicam.
1101 2365 1233 2389 externa
1255 2359 1288 2388 in
1312 2358 1453 2398 podagra
1475 2357 1646 2396 aliquando
1669 2368 1726 2388 no-

960 2408 1042 2438 cent,
1059 2407 1193 2442 prosunt
1208 2411 1385 2440 nunquam,
1403 2402 1482 2435 448ς
1509 2400 1730 2439 refrigerantia

960 2450 990 2475 et
1007 2445 1194 2485 repellentia
1214 2443 1402 2484 periculosa,
1420 2442 1501 2478 447;
1526 2452 1565 2472 ex
1582 2442 1730 2482 pluribus

960 2488 1161 2528 simplicibus
1196 2487 1301 2517 mistis
1337 2490 1495 2521 constans,
1525 2485 1729 2524 quandonam

960 2531 1120 2571 potentins
1136 2535 1294 2570 operetur,
1311 2530 1384 2559 425.

1005 2573 1169 2603 Medicina
1196 2572 1282 2602 varie
1306 2570 1434 2601 exculta
1462 2570 1533 2606 fuit,
1557 2579 1615 2610 pro
1643 2570 1730 2600 vario

960 2621 1102 2656 tempore
1118 2620 1150 2646 et
1164 2615 1252 2645 varia
1264 2614 1401 2654 regione,
1414 2615 1432 2644 9
1444 2626 1450 2648 3
1476 2613 1635 2652 quomodo
1648 2613 1730 2643 ulte-

961 2659 1027 2689 rius
1056 2658 1235 2699 promoveri
1264 2662 1370 2697 queat,
1402 2657 1543 2690 10—l8;
1584 2655 1732 2696 chymiae

961 2702 1038 2741 quid
1051 2701 1173 2736 debeat,
1190 2702 1262 2735 464,
1279 2701 1340 2730 465
1354 2712 1360 2733 ;
1386 2709 1449 2729 non
1465 2698 1648 2738 indigemus
1662 2709 1730 2728 me-

961 2745 1031 2779 diis,
1059 2743 1306 2774 indicationibus
1333 2742 1513 2772 satisfacere
1537 2741 1639 2781 aptis;
1677 2742 1732 2771 sed

961 2787 1179 2821 indicationes,
1198 2786 1315 2825 quibus
1332 2784 1593 2815 satisfaciendum
1611 2789 1668 2820 est,
1685 2784 1732 2824 ig-

962 2840 1122 2865 noramus,
1141 2830 1201 2859 465
1217 2841 1223 2863 ;
1249 2827 1408 2868 quomodo
1423 2827 1502 2857 haec
1523 2827 1663 2866 cognitio
1679 2838 1731 2857 ac-

963 2873 1127 2912 quirenda,
1139 2873 1217 2905 465:
1238 2871 1407 2906 medicina,
1424 2870 1472 2900 uti
1488 2868 1630 2910 reliquae
1640 2875 1732 2905 artes,

933 2940 934 2944 ,
962 2915 1158 2946 incrementa
1183 2924 1308 2945 sumere
1332 2918 1445 2954 potest,
1462 2912 1530 2943 sine
1554 2912 1732 2952 priscorum
