1985 3308
397 162 494 203 xviii
812 161 1073 203 THOMAE
1107 159 1450 202 SYDENHAM

194 277 372 307 H1sron1A
397 270 662 312 curationem
687 269 871 311 febrium
902 273 1125 310 acutarum
1150 272 1287 309 totam
1316 267 1572 318 immutavit,
1595 270 1638 308 et
1666 266 1715 308 in
1737 265 1857 308 refri-

207 320 298 392 1⁴¹3
296 328 321 394 Γ
326 328 363 349 A*
397 338 645 392 gerantibus
671 343 713 380 et
745 338 887 389 acidis,
908 337 955 378 in
986 340 1081 377 ae're
1111 335 1258 387 libero,
1279 336 1327 376 in
1357 335 1713 387 venae-sectione,
1736 349 1858 376 suam

192 421 298 446 tarum
315 422 362 447 to-
395 421 513 461 spem
543 407 697 461 posuit.
739 407 871 448 Porro
898 404 1224 446 constitutiones
1247 404 1502 458 epidemicas
1522 404 1638 445 idem
1659 408 1856 445 accurate

190 460 346 538 Ξζῖζξζξ-Ῑζῖ
394 475 641 527 observavit,
660 481 702 516 et
724 474 940 528 comperit,
959 474 1066 514 ae'ris
1098 478 1258 513 statum
1279 473 1365 514 suis
1387 473 1509 514 annis
1531 478 1666 514 certos
1685 472 1856 514 morbos

192 546 356 593 et<30¹¹⁵ti-
393 543 636 597 producere,
670 543 852 583 diversos
889 541 941 581 ab
982 541 1033 581 iis
1066 540 1225 581 morbis
1262 541 1334 595 qui
1365 541 1514 582 eodem
1549 556 1647 582 cum
1681 541 1856 582 nomine

190 592 345 670 ΞἘΞῈΞΞἙ-
393 611 484 652 aliis
513 612 636 652 annis
666 614 946 664 regnaverant
960 626 972 659 ;
1005 609 1107 649 alias
1128 609 1318 660 variolas,
1342 610 1442 650 alias
1465 610 1673 651 dominari
1701 609 1853 660 febres,

188 684 372 748 ξέῗθῖῗεζ
393 679 494 720 alias
517 679 793 734 dysenterias,
816 677 897 718 alia
917 677 1160 731 indigentes
1182 678 1414 729 curatione,
1430 678 1521 719 aljis
1542 683 1716 732 egentes
1738 677 1854 718 crisi-

190 760 285 790 vavit.
392 748 485 800 bus,
514 763 642 803 quam
678 762 784 802 quae
821 746 969 788 eodem
1000 760 1099 787 eum
1133 747 1308 788 nomine
1348 746 1486 788 morbi
1519 751 1647 788 notae
1680 747 1853 788 fuerant

399 817 586 871 [Observ.
605 817 720 857 Med.
738 817 765 857 i.
784 819 823 856 2.
850 818 870 856 1
896 815 976 870 sq.]
989 847 997 856 .
1049 815 1174 856 Idem
1190 815 1295 856 vidit
1317 815 1634 856 constitutionis
1651 814 1852 869 epidemi-

391 900 463 927 cae
494 886 712 940 proprium
733 885 932 926 morbum
960 884 1090 925 etiam
1119 883 1166 924 in
1197 883 1288 924 aliis
1318 882 1478 924 morbis
1507 897 1700 937 regnare,
1724 888 1775 923 ut
1805 882 1853 923 in

389 953 593 1007 exemplo,
616 953 651 993 si
673 952 915 1008 dysenteria
943 951 1184 992 dominator
1210 951 1340 992 fuerit
1364 951 1552 1002 morbus,
1575 952 1704 992 etiam
1724 951 1771 992 in
1790 951 1851 992 fe-

190 1032 340 1081 merique
387 1022 534 1063 bribus
556 1023 697 1063 alvum
717 1022 857 1063 laxam
877 1022 1035 1062 faceret
1064 1022 1181 1076 [ibid.
1203 1023 1224 1077 ξ
1246 1024 1296 1062 15
1316 1022 1418 1076 sq.].
1456 1022 1653 1076 Plerique
1673 1022 1849 1074 Medici,

185 1086 363 1158 ῗθῖῖξᾞζ
387 1096 429 1132 et
450 1092 644 1146 princeps
667 1091 966 1141 Boerhaavius‚
986 1090 1266 1145 Sydenhamii
1285 1095 1510 1144 praecepta
1531 1091 1713 1145 amplexi
1733 1095 1849 1142 sunt,

183 1161 367 1210 plexi-sunm
387 1174 493 1214 quac
508 1160 755 1201 viderentur
772 1160 826 1201 ad
843 1158 1194 1213 Hippocraticam
1215 1158 1531 1212 simplicitatem
1546 1173 1624 1200 nos
1639 1173 1848 1211 revocare,

183 1204 346 1288 &21⁰2th
386 1228 439 1269 ad
471 1232 713 1269 accuratam
742 1227 991 1268 morborum
1027 1226 1379 1278 observationem,
1411 1232 1454 1268 et
1485 1227 1539 1268 ad
1569 1229 1848 1280 curationem,

185 1291 320 1321 curatio·
387 1297 520 1350 qualis
540 1297 587 1337 in
607 1296 715 1337 libro
736 1296 800 1337 De
824 1297 864 1337 V
859 1297 943 1337 ictu
959 1296 1187 1336 Aeatorum
1209 1295 1476 1337 describitur.
1500 1296 1667 1337 Posteri
1686 1301 1847 1348 tamen,

182 1334 365 1407 iiiiIsniii-bn-
387 1365 625 1406 Richardus
646 1366 833 1419 primum
864 1365 1055 1415 Morton,
1077 1369 1172 1405 tum
1202 1365 1228 1405 J
1232 1364 1424 1405 ohannes
1451 1365 1671 1417 Huxham,
1693 1366 1740 1406 in
1770 1367 1848 1421 Sy-

181 1419 361 1503 ἓῗζζζῐὲξξιζ
385 1434 612 1475 denhamio
641 1438 862 1484 notarunt,
901 1433 1014 1488 quod
1045 1447 1138 1474 eam
1175 1433 1348 1487 quidem
1384 1434 1650 1475 curationem
1682 1434 1847 1489 sapien-

181 1515 278 1554 qua'm
295 1517 361 1537 ner·
383 1502 546 1543 tissime
580 1516 658 1543 nos
691 1502 852 1553 doceat,
887 1516 994 1556 quae
1025 1502 1214 1543 febribus
1249 1516 1347 1543 cum
1377 1502 1715 1544 inflammatione
1747 1507 1846 1545 con-

180 1555 331 1631 ζὶῗξῖῗὲξξε
378 1570 540 1624 junctis
562 1570 718 1624 opponi
740 1571 865 1612 debet
878 1588 890 1621 ,-
919 1585 1008 1611 non
1028 1570 1204 1624 perinde
1225 1571 1390 1611 utiliter
1410 1585 1488 1612 nos
1510 1572 1548 1612 ei
1567 1572 1656 1613 fore
1673 1571 1846 1613 obsecu-

180 1636 349 1708 {fflffinife
382 1643 514 1690 turos,
537 1639 572 1679 si
601 1639 648 1679 in
668 1638 858 1679 febribus
888 1639 1076 1680 nervosis
1099 1643 1141 1679 et
1172 1639 1370 1692 malignis
1396 1639 1572 1693 perinde
1594 1640 1847 1694 sanguinem

181 1727 264 1751 runt.
290 1689 305 1708 e
382 1707 749 1761 profunderemus,
781 1707 1077 1761 refrigerantia
1111 1721 1374 1761 urgeremus.
1436 1708 1695 1762 Nuperrime
1728 1708 1846 1749 deni-

385 1791 466 1830 que
488 1782 754 1830 eompertum
775 1780 851 1827 est,
874 1775 1057 1816 febrium
1081 1780 1303 1816 acutarum
1325 1776 1559 1830 simplicem
1580 1777 1846 1818 curationem

383 1858 432 1885 eo
452 1844 540 1885 fere
560 1845 711 1895 redire,
733 1849 783 1884 ut
803 1844 849 1884 in
870 1844 1076 1898 principio
1101 1849 1322 1898 tamquam
1342 1845 1681 1885 inflammatoriis
1702 1845 1844 1886 mede-

381 1927 516 1964 amur,
551 1913 691 1954 alvum
722 1913 925 1963 laxemus,
956 1912 1075 1953 acida
1106 1913 1395 1966 propinemus,
1426 1913 1645 1967 putredini
1673 1914 1842 1955 resista-

379 1996 476 2023 mus
488 1999 500 2033 ;
533 1997 557 2023 a
578 1986 694 2023 statu
713 1996 811 2022 vero
832 1980 970 2022 morbi
990 1995 1099 2035 pene
1120 1981 1233 2022 idem
1264 1982 1429 2022 malum
1449 1986 1671 2036 tamquam
1691 1982 1842 2036 malig-

378 2064 485 2091 num
514 2050 713 2092 morbum
743 2055 786 2091 et
815 2050 922 2090 vires
958 2054 1300 2103 prosternentem
1332 2055 1578 2102 tractemus,
1608 2055 1651 2092 et
1686 2051 1842 2093 cortice

378 2119 529 2160 chinae
557 2119 719 2169 chinae,
741 2118 853 2170 xino,
883 2118 1060 2171 aliisque
1090 2118 1136 2158 in
1168 2131 1267 2159 eum
1299 2132 1471 2159 sensum
1503 2119 1682 2170 auxiliis,
1703 2119 1841 2161 labas-

377 2192 546 2229 centem
569 2192 772 2228 naturam
800 2186 1100 2227 sustineamus.
1163 2187 1219 2227 In
1243 2186 1433 2228 febribus
1462 2201 1561 2229 vero
1587 2188 1774 2229 nervosis
1796 2192 1840 2230 et

376 2256 573 2309 malignis
604 2256 780 2297 omnino
811 2254 863 2296 ab
895 2255 1241 2309 antiphlogistica
1275 2255 1495 2297 curatione
1525 2256 1678 2310 nuperi
1708 2255 1837 2297 absti-

375 2324 566 2365 nendum
599 2324 826 2375 duxerunt,
861 2337 981 2364 acore
1018 2323 1191 2377 quidem
1230 2323 1511 2364 inhibendam
1550 2323 1837 2377 putredinem,

376 2399 591 2433 caeterum
631 2392 740 2432 nihil
780 2391 1096 2433 admittendum
1137 2391 1251 2445 quod
1289 2391 1397 2432 vires
1437 2391 1619 2446 frangat,
1657 2407 1839 2447 quarum

375 2461 569 2515 princeps
589 2474 665 2515 per
684 2465 827 2502 totum
846 2459 1044 2501 morbum
1064 2460 1172 2501 ratio
1194 2460 1247 2500 sit
1268 2459 1478 2501 habenda.

792 2563 828 2603 I.
867 2562 1177 2603 Observationes
1197 2560 1426 2603 Medicaed.

376 2649 508 2679 *166st
535 2650 610 2681 Svo.
629 2647 792 2688 Londini,
814 2648 981 2692 impensis
1004 2647 1040 2680 J.
1065 2647 1190 2689 Cruok‚
1218 2647 1312 2693 apud
1338 2659 1442 2692 quem
1469 2654 1621 2682 veneunt
1645 2649 1708 2682 sub
1734 2649 1834 2695 signo

419 2704 526 2736 Naris
544 2705 578 2736 in
597 2705 813 2739 Coemeterio
832 2705 876 2738 D.
897 2705 1010 2738 Pauli.

459 2766 541 2796 Tin:
571 2768 597 2796 T
597 2769 698 2797 homae
723 2770 892 2807 Syrlenlmm
917 2769 1077 2799 Metlwdus
1103 2770 1239 2799 Curanda·
1264 2770 1385 2806 Febres,
1402 2770 1542 2808 Propriis
1568 2771 1831 2802 Observationibus

461 2821 682 2858 Superstructa.
730 2824 748 2837 ‘⁶
760 2822 861 2852 Multa
878 2828 1005 2863 egerunt
1022 2824 1074 2863 qui
1089 2828 1159 2853 ante
1176 2821 1372 2862 nosfuerunt,
1389 2824 1443 2853 sed
1457 2834 1513 2852 non
1524 2829 1709 2863 peregerunt
1720 2837 1730 2854 .·
1755 2827 1831 2855 mul-

417 2893 430 2912 ‘¹
455 2895 622 2926 Editiones
647 2896 762 2935 quibus
790 2897 1009 2936 plenissimam
1034 2898 1069 2928 fi·
1130 2898 1356 2937 stinguuntur:
1374 2898 1412 2928 iis
1426 2909 1505 2938 quas
1520 2899 1656 2939 propriis
1672 2900 1833 2930 oculisin-

374 2938 447 2969 dem
470 2938 544 2969 dare
566 2940 682 2980 poterit
703 2939 826 2978 Lector,
844 2941 993 2972 asterisco
1021 2941 1068 2971 di·
1131 2941 1236 2982 spexit
1249 2940 1374 2979 Editor,
1384 2942 1553 2983 apponitur
1564 2942 1655 2973 litera
1668 2941 1768 2981 [G.];
1793 2943 1832 2974 iis
