1985 3308
231 271 285 300 Dr:
305 270 377 300 HY-

247 322 371 343 imore.

208 382 281 411 vina
298 386 329 411 et

208 424 375 454 electuari-

206 476 262 496 um
279 467 385 506 diges-

205 509 319 545 tivum,
331 509 395 539 lau-

208 552 331 582 dantur.

208 890 365 930 Liquores

206 933 314 963 minus
330 944 384 972 ge-

206 976 310 1005 nerosi
322 986 392 1015 par-

207 1028 243 1047 ce
258 1018 367 1047 admo-

207 1060 285 1089 dum
302 1061 350 1090 bi-

207 1103 312 1132 bendi-

209 1222 284 1251 Sitis
300 1227 336 1252 ut

207 1270 322 1294 restui-

211 1308 348 1346 guenda.

208 1614 351 1654 Chalybs
361 1614 394 1644 in

209 1657 365 1697 Hydrope

207 1699 379 1739 incipiente

208 1742 294 1772 haud
306 1742 378 1772 infi-

206 1795 298 1814 mum
316 1785 375 1814 sibi

207 1827 354 1857 vendicat

206 1869 322 1900 locum.
341 1869 395 1899 Al-

205 1911 287 1942 lium
297 1922 345 1942 so-

207 1954 276 1984 lum
291 1955 377 1984 hunc

206 1997 355 2027 morbum

208 2039 394 2080 depulitali-

208 2082 342 2121 quando.

208 2125 382 2164 Cujusmo-

207 2167 393 2207 diHydrops

208 2211 394 2239 evacuantia

205 2262 269 2282 non
281 2252 393 2292 depos-

206 2295 257 2324 cit.
282 2294 394 2326 Quum

209 2337 375 2376 sanguinis

210 2380 392 2409 corrobora-

210 2422 287 2451 tioni
297 2432 393 2452 nava-

209 2468 261 2494 tur
277 2475 379 2504 opera,

210 2511 337 2546 totaque
346 2517 395 2537 res

210 2549 242 2578 in
260 2559 295 2578 eo
311 2559 360 2579 so-

209 2590 278 2620 lum
298 2602 366 2621 car-

210 2633 282 2663 dine
298 2635 393 2664 verti-

211 2680 272 2709 tur,
289 2687 382 2715 aeger

211 2718 299 2747 nullo
316 2729 384 2748 mo-

211 2760 252 2789 do
268 2770 383 2799 expur-

212 2802 337 2841 gandus

211 2849 276 2874 est:
302 2845 347 2874 ita

213 2886 299 2916 enim
324 2892 374 2917 tu·
420 2912 426 2918 .

213 2939 282 2958 mor
299 2930 352 2968 qui

413 154 497 194 472
823 153 1080 194 THOMAE
1115 153 1455 195 SYDENHAM

412 258 648 312 praegnari,
666 258 786 312 cujus
807 258 1030 299 haustulus
1051 259 1116 299 bis
1137 265 1252 299 terve
1275 259 1326 299 de
1348 259 1415 299 die
1431 259 1544 299 inter
1563 259 1876 302 medicamenta

414 339 540 379 supra
570 332 805 367 memorata
836 327 1137 379 deglutiendus
1173 333 1236 366 est
1253 343 1264 375 ;
1307 326 1386 376 vel,
1419 326 1454 366 si
1486 327 1531 366 id
1560 327 1702 381 palato
1732 329 1874 369 minus

413 396 657 446 allubescat,
678 396 826 436 vinum
857 396 1108 436 absinthites
1141 395 1228 434 vice
1259 395 1349 448 ejus
1381 394 1677 446 substituatur,
1708 397 1760 437 de
1791 411 1875 450 quo

415 478 540 518 aeger
557 479 722 506 sumere
743 465 874 518 possit
896 463 1131 504 cochlearia
1151 476 1306 502 novem
1326 469 1420 516 post
1443 464 1659 504 electuarii
1681 464 1876 517 digestivi

418 533 477 585 (in
514 534 711 572 Tractata
748 533 796 572 cle
827 533 1021 584 Ροᾱαφά
1057 530 1102 585 [ξ
1129 532 1218 585 31.]
1258 531 1484 584 descripti)
1520 531 1740 572 drachmas
1771 531 1874 572 duas

413 602 528 642 horis
568 600 892 641 medicinalibus
933 600 991 651 (id
1028 605 1090 639 est
1127 613 1266 650 mane,
1305 605 1457 652 quarta
1491 600 1794 652 pomeridiana,
1831 604 1874 640 et

412 670 566 721 nocte,)
588 668 860 708 devorandas.
904 667 1197 707 Electuarium
1213 667 1294 707 hoc
1309 667 1409 707 huic
1429 667 1661 707 intentioni
1681 667 1874 708 faciendo
1934 720 1937 722 q

413 737 527 786 satis,
565 735 882 776 corroborantia
923 735 1136 788 quaelibet
1177 735 1488 776 medicamenta
1528 735 1656 787 longo
1695 739 1791 788 post
1831 748 1875 776 se

411 803 632 843 intervallo
662 802 819 855 linquit
851 802 943 842 alia.
1014 802 1122 856 [36.]
1163 803 1247 843 Hic
1276 817 1373 843 vero
1394 803 1541 855 magni
1569 803 1776 843 momenti
1797 807 1873 852 est,

413 870 526 923 quod
559 884 684 923 aeger
714 884 838 923 parce
871 870 1101 910 admodum
1130 870 1249 910 bibat
1283 870 1466 924 liquores
1497 870 1598 910 istos
1631 870 1703 923 qui
1733 870 1875 910 minus
1930 909 1931 912 ,

413 938 607 990 generosi
637 944 750 988 sunt,
781 938 1126 991 quandoquidem
1158 952 1318 988 omneS,
1352 938 1666 991 qualescunque
1702 937 1874 978 demum
1928 972 1933 974 ,

413 1005 510 1055 sint,
534 1006 652 1059 aquis
674 1006 873 1046 nonnihil
893 1006 1148 1047 incrementi
1169 1006 1272 1047 daut
1286 1024 1297 1057 ;
1330 1007 1434 1047 adeo
1462 1011 1510 1047 ut
1537 1007 1603 1047 vel
1631 1007 1877 1048 omnimoda
1927 1022 1933 1028 ·

414 1073 674 1114 abstinentia
702 1088 726 1114 a
745 1079 851 1127 potu
871 1075 1101 1115 nonnullos
1124 1075 1310 1115 sanant:
1344 1082 1471 1128 atque
1499 1074 1552 1115 ob
1576 1089 1668 1115 eam
1690 1089 1874 1125 causam,
1931 1073 1934 1076 ’

413 1141 448 1181 si
459 1141 694 1194 liquoribus
710 1141 802 1181 istis
820 1142 1074 1196 quandoque
1089 1142 1402 1196 indulgendum
1421 1143 1487 1193 sit,
1506 1157 1630 1196 aeger
1644 1148 1790 1183 tamen
1804 1143 1875 1183 ad-

412 1210 588 1250 modum
609 1224 734 1264 parce
765 1224 835 1250 eos
856 1210 987 1251 bibat.
1030 1211 1339 1261 Veruntamen,
1363 1225 1461 1251 cum
1483 1211 1572 1250 sitis
1599 1225 1757 1263 magna
1776 1211 1876 1251 huic

414 1278 585 1318 affectui
606 1292 649 1319 se
671 1279 870 1319 comitem
892 1279 1124 1333 adjungere
1142 1280 1286 1330 soleat,
1305 1295 1434 1334 quam
1454 1281 1628 1334 insuper
1649 1294 1673 1320 a
1687 1285 1793 1333 potu
1812 1285 1874 1321 te·
1934 1316 1944 1322 μ,

416 1348 555 1388 nuiori
573 1347 834 1388 abstinentia
855 1348 1077 1402 adaugeat,
1093 1363 1115 1389 e
1128 1363 1173 1389 re
1190 1349 1269 1389 erit
1286 1354 1334 1389 ut
1352 1363 1476 1402 aeger
1492 1349 1752 1402 saepiuscule
1769 1363 1877 1402 aqua

414 1415 568 1468 frigida
590 1416 741 1468 spiritu
765 1416 921 1455 vitrioh'
943 1416 1154 1456 acidulata
1182 1431 1227 1456 os
1249 1417 1419 1466 colluat,
1443 1422 1515 1457 aut
1538 1416 1800 1457 tamarindos
1829 1417 1876 1456 in

413 1499 485 1525 ore
507 1484 686 1524 subinde
703 1490 861 1534 teneat,
881 1491 953 1525 aut
974 1485 1179 1525 limonem
1199 1485 1428 1525 manducet
1443 1503 1453 1535 3
1475 1491 1678 1525 neutrum
1692 1498 1790 1525 vero
1805 1484 1875 1524 de-

412 1552 610 1605 glutiens,
633 1566 733 1605 prae
755 1566 902 1593 eorum
921 1552 1167 1605 frigiditate,
1191 1567 1297 1607 quae
1319 1553 1466 1593 morbo
1487 1553 1629 1593 minus
1651 1553 1862 1593 convenit.

478 1620 584 1673 [372]
622 1619 786 1660 Verum
832 1621 945 1660 inter
989 1620 1306 1661 corroborantia
1350 1620 1522 1674 chalybs
1567 1620 1613 1659 in
1659 1620 1875 1674 Hydropis

411 1687 653 1740 incipientis
678 1688 897 1728 curatione
918 1688 1034 1728 haud
1058 1688 1256 1728 infimum
1277 1688 1418 1728 locum
1447 1688 1526 1728 sibi
1547 1688 1756 1737 vendicat,
1780 1701 1874 1727 san-

413 1755 587 1808 guinem
627 1755 821 1796 videlicet
861 1755 1141 1808 invigorando
1187 1755 1569 1808 calefaciendoque.
1633 1754 1776 1796 Quam
1819 1754 1874 1795 ob

413 1838 584 1865 causam
615 1829 656 1865 et
689 1825 835 1864 allium
869 1824 938 1864 hic
968 1824 1072 1865 adeo
1104 1824 1304 1865 conducit
1318 1840 1330 1873 3
1373 1838 1483 1874 cum,
1521 1837 1570 1864 eo
1607 1823 1708 1874 solo,
1737 1823 1875 1863 missis

413 1893 728 1943 evacuantibus,
760 1893 1010 1947 Hydropem
1047 1907 1097 1933 ex
1129 1892 1310 1933 aliorum
1339 1891 1612 1946 praescripto,
1640 1905 1730 1931 non
1765 1905 1874 1941 meo,

413 1962 637 2015 depulsum
658 1962 863 2002 noverim.

477 2029 586 2084 [38]
626 2030 703 2070 Est
745 2030 861 2070 enim
901 2029 1224 2080 observandum,
1268 2043 1366 2070 eum
1408 2028 1659 2083 Hydropem
1700 2028 1773 2082 qui
1811 2028 1877 2069 vel

411 2097 538 2150 pedes
568 2102 740 2137 tantum
770 2097 943 2147 inflavit,
975 2098 1041 2138 vel
1076 2099 1205 2138 etiam
1235 2103 1440 2147 ventrem,
1473 2097 1547 2138 sed
1576 2096 1753 2146 modice,
1787 2109 1876 2136 non

413 2166 557 2206 statim
579 2166 842 2207 curationem
862 2180 937 2220 per
968 2167 1145 2207 emetica
1177 2172 1219 2207 et
1250 2166 1482 2207 cathartica
1512 2165 1592 2206 sibi
1622 2165 1846 2218 deposcere
1861 2180 1874 2214 ;

413 2234 484 2274 scd
506 2235 752 2288 hujusmodi
772 2235 1007 2288 liquoribus
1027 2235 1227 2289 praefatis
1249 2235 1594 2276 calefacientibus
1616 2239 1658 2275 et
1679 2233 1876 2275 corrobo-

411 2303 606 2343 rantibus
636 2303 752 2344 haud
781 2318 877 2345 raro
905 2304 1065 2345 cedere.
1127 2305 1186 2345 At
1207 2319 1305 2345 vero
1326 2318 1426 2358 prae
1455 2304 1633 2345 caeteris
1655 2304 1763 2344 serio
1785 2303 1874 2344 ani-

412 2373 765 2413 madvertendum
795 2378 872 2424 est,
900 2374 1024 2427 quod,
1049 2374 1214 2427 quoties
1244 2374 1361 2413 hunc
1382 2372 1582 2413 morbum
1612 2373 1710 2413 solis
1735 2385 1874 2413 corro-

411 2439 663 2481 borantibus
694 2441 761 2481 vel
801 2441 929 2481 etiam
969 2441 1222 2481 lixivialibus
1263 2440 1550 2493 aggredimur,
1594 2453 1719 2493 aeger
1758 2439 1875 2480 nullo

413 2509 538 2549 modo
568 2510 872 2563 expurgandus
904 2516 967 2550 est
999 2510 1084 2550 sive
1114 2510 1275 2550 mitiori
1309 2509 1392 2549 sive
1425 2509 1589 2550 fortiori
1621 2523 1875 2563 quocunque

413 2576 653 2629 pharmaco,
690 2578 899 2631 tantisper
940 2578 1043 2618 dum
1076 2577 1296 2631 sanguinis
1331 2576 1666 2617 corroborationi
1696 2582 1876 2617 navatur

413 2657 565 2696 opera:
598 2650 757 2685 evertet
788 2646 903 2685 enim
930 2646 1211 2687 catharticum
1243 2644 1443 2699 quicquid
1475 2643 1750 2685 corroborans
1777 2643 1874 2684 sub-

415 2713 616 2752 struxerit
633 2730 644 2763 3
677 2713 791 2766 quod
810 2713 876 2754 vel
895 2714 1054 2754 imitus
1077 2718 1278 2767 agnoscat
1301 2716 1466 2765 oportet
1489 2711 1561 2764 qui
1581 2710 1873 2761 observaverit,

414 2783 640 2830 tumorem,
666 2781 738 2833 qui
766 2781 817 2821 ab
839 2796 921 2822 usu
951 2781 1319 2822 coi-roborantium
1335 2780 1426 2834 jam
1446 2778 1644 2818 imminui
1664 2783 1872 2831 coeperat,

416 2859 513 2886 mox
545 2861 569 2887 a
603 2849 855 2901 piu-gatione
887 2850 1044 2903 augeri.
1106 2848 1279 2889 Etenim
1308 2846 1492 2896 tametsi,
1514 2859 1612 2886 cum
1643 2845 1875 2886 intentioni

417 2913 486 2951 isssi
515 2927 642 2966 aquas
672 2916 878 2958 educendi
907 2918 1147 2959 satisfacere
1175 2915 1406 2969 cupiamus,
1428 2912 1544 2954 haud
1572 2912 1645 2953 abs
1673 2927 1718 2954 re
1745 2912 1874 2954 fuerit

1929 1082 1952 1107 ¹¹5

1925 1108 1952 1174 ξ

1924 1180 1946 1226 ἷῖ

1924 1229 1944 1267 ²³,
