1985 3308
638 576 865 608 HISTORIA
892 576 1159 608 LITERARIA

381 697 785 757 THOMAE
848 696 1421 757 SYDENHAM.

166 843 239 883 (Ex
256 844 417 875 Ananim
435 854 479 875 nr:
494 845 643 875 HALLER
658 846 846 876 BmmoTu.
858 846 988 877 Mssmc.
1000 845 1221 877 Pmorxrom.
1238 856 1292 877 111.
1305 857 1333 878 P.
1349 848 1407 879 188
1426 858 1624 889 DESUMPTA,

195 907 267 929 cun
285 907 501 938 Qumusmm,
518 908 559 930 ET
576 908 773 930 PRAEcu‘un
791 899 918 930 Ichn
937 900 1158 937 Emmomm,
1178 910 1290 932 AucTo
1308 911 1350 933 ET
1369 904 1588 944 EMENnA'ro.)

218 1164 432 1206 MAGNAM
464 1165 510 1206 in
545 1164 766 1206 Medicina
799 1165 1116 1206 conversionem
1151 1165 1339 1208 Thomae
1377 1168 1623 1223 Sydenham
1644 1180 1730 1212 Ante
1747 1182 1807 1223 Sy-

160 1232 376 1284 debemus,
399 1233 472 1287 qui
500 1238 616 1274 recto
642 1233 802 1288 judicio
833 1237 876 1274 et
907 1233 1066 1287 absque
1101 1235 1359 1288 praejudicio
1391 1236 1444 1276 ad
1471 1237 1623 1278 Artem
1644 1224 1811 1299 ἶξζῗὶξίζὲἰ

159 1303 348 1354 accessit,
371 1307 413 1344 et
435 1307 610 1344 eventus
632 1302 791 1356 absque
818 1308 1127 1357 praeconcepta
1147 1305 1346 1358 opinione
1368 1307 1622 1360 speculatus,
1646 1311 1830 1359 SfectaeMe-

158 1371 406 1413 morborum
426 1371 666 1413 curationes
698 1371 752 1412 ad
781 1371 975 1413 Naturae
1005 1377 1162 1413 nutum
1188 1373 1445 1416 reformavit.
1508 1375 1622 1418 Hac·
1643 1353 1819 1434 22³3ssth

157 1445 285 1482 tenus
306 1441 421 1482 enim
440 1446 528 1482 tres
557 1446 695 1483 sectae
715 1446 997 1495 regnaverant
1014 1459 1022 1483 :
1058 1443 1267 1483 Galenicia
1286 1443 1333 1484 in
1353 1445 1622 1487 meridionali
1641 1441 1785 1514 iigm-

159 1509 331 1564 Europa
351 1514 393 1551 et
414 1510 527 1564 apud
547 1510 768 1552 Gallorum
787 1511 1024 1564 plerosque,
1042 1511 1277 1565 Artemque
1294 1512 1502 1555 Medendi
1518 1529 1619 1568 qua·
1715 1507 1723 1521 '

159 1580 258 1618 tuor
278 1578 567 1632 qualitatibus,
591 1583 719 1633 atque
747 1579 945 1620 remediis
976 1579 1131 1635 cuique
1162 1580 1356 1634 qualitati
1383 1583 1618 1636 contrariis,

158 1647 522 1701 superstruebant.
585 1648 652 1689 De
687 1662 835 1690 eorum
869 1648 1214 1703 polypharmacia
1249 1654 1292 1691 et
1327 1650 1535 1692 debilibus
1575 1653 1622 1694 in

158 1715 353 1756 maximis
373 1716 496 1757 malis
518 1716 682 1757 auxiliis
704 1730 804 1758 cum
818 1717 945 1771 vulgo
967 1718 1129 1771 aegroti
1151 1724 1441 1772 quererentur,
1459 1721 1621 1763 exstitit

157 1784 205 1826 in
219 1785 450 1827 Germania
463 1790 578 1827 secta
595 1787 783 1826 Cleemz'ca
790 1784 824 1837 b,
835 1800 955 1840 quae,
965 1786 1101 1827 causis
1114 1786 1360 1829 morborum
1373 1803 1462 1830 non
1475 1791 1621 1844 magni
1640 1805 1668 1833 2.
1693 1803 1822 1834 Chemi-

155 1853 290 1905 factis,
311 1855 478 1909 rejectis
509 1854 803 1910 qualitatibus,
825 1855 962 1896 victus
982 1855 1148 1896 ratione
1179 1856 1321 1910 exigui
1341 1857 1501 1910 habita,
1523 1859 1619 1900 Me-
1639 1857 1685 1883 ⁰²¹²

157 1921 323 1963 dicinae
357 1923 663 1976 perfectionem
696 1923 743 1964 in
777 1923 903 1964 certis
936 1927 979 1964 et
1013 1923 1261 1978 potentibus
1296 1926 1619 1968 medicamentis

156 1990 356 2043 ponebat,
377 1992 480 2032 Arte
503 1992 703 2033 Chemica
717 1992 874 2046 paratis
889 2009 901 2043 3
935 1993 1025 2046 ejus
1047 1992 1250 2045 adseclae,
1268 1995 1618 2037 venae-sectionis

157 2071 298 2099 osores
319 2064 361 2100 et
384 2059 613 2100 Galenicae
632 2060 911 2114 purgationis,
933 2061 1078 2102 calidis
1098 2062 1187 2103 fere
1212 2063 1534 2106 medicamentis
1554 2065 1618 2106 in-

158 2125 406 2180 dulgebant,
439 2132 482 2168 et
515 2128 644 2168 caldis
680 2132 808 2182 atquc
839 2129 1095 2171 sudoriferis.
1157 2131 1311 2182 Tertia,
1344 2146 1393 2172 ex
1430 2132 1619 2175 chemica

157 2200 273 2236 secta
294 2201 335 2237 et
358 2211 409 2237 ex
431 2196 678 2237 Cartcsiana
693 2196 858 2237 theoria
877 2198 1121 2251 composita,
1140 2199 1371 2251 Sylvianaz
1388 2200 1617 2255 incipiebat
1637 2215 1666 2244 3.
1694 2215 1820 2256 Sylvia-

156 2263 268 2305 circa
300 2264 405 2306 haec
435 2270 628 2319 tempora
657 2265 703 2305 in
734 2265 884 2319 Belgio
918 2266 1171 2319 praevalere,
1204 2271 1247 2308 et
1282 2269 1408 2321 paulo
1441 2275 1536 2322 post
1570 2271 1617 2312 in
1636 2267 1686 2288 ¹¹²¹·

158 2332 390 2374 Germania
411 2338 453 2375 et
475 2334 566 2388 ipsa
595 2333 788 2387 regnavit
804 2351 816 2384 ;
850 2348 956 2388 quae
981 2334 1026 2375 111
1047 2335 1268 2376 fermentis
1292 2336 1463 2388 vitiosis,
1485 2338 1616 2393 inque

156 2414 278 2442 acore
309 2402 593 2456 potissimum,
616 2407 659 2443 et
690 2402 737 2443 in
763 2403 934 2454 viscore,
960 2417 1107 2444 causas
1140 2404 1384 2445 morborum
1415 2407 1613 2460 ponebat,

153 2468 287 2524 iisque
315 2471 568 2513 medebatur
594 2471 813 2526 praesidiis
836 2486 943 2526 quac
967 2472 1033 2513 his
1064 2473 1199 2514 causis
1227 2475 1439 2516 contraria
1460 2481 1613 2527 essent,

153 2537 341 2580 alcalinis
376 2540 469 2581 fixis
511 2545 554 2582 ct
588 2540 842 2592 volatilibus,
880 2540 1153 2592 aromatibus,
1192 2543 1397 2594 essentiis,
1440 2544 1613 2585 demum

151 2607 278 2661 paulo
299 2613 394 2662 post
416 2609 753 2650 adtenuantibus
776 2614 818 2650 et
839 2609 963 2650 theac
983 2610 1138 2651 infuso.

209 2676 391 2718 Thomas
412 2677 670 2732 Sydcnham,
688 2678 866 2719 variolas
888 2682 930 2719 et
951 2678 1121 2719 morbos
1143 2683 1289 2720 acutos
1305 2680 1351 2720 in
1367 2681 1611 2723 universum
1633 2695 1798 2735 Sydenha-

150 2743 216 2784 his
257 2745 401 2786 calidis
442 2751 484 2787 et
521 2745 867 2800 alexipharmacis
903 2747 1225 2788 medicamentis
1262 2748 1488 2791 deteriores
1522 2752 1612 2792 fieri
1631 2739 1716 2768 ”¹³³⁵
1727 2750 1819 2769 ΨΜ

1631 2782 1749 2811 tionem
1767 2783 1811 2812 sc-

151 2813 381 2864 convictus,
405 2819 447 2857 et
472 2815 689 2856 Naturam
717 2815 836 2856 freno
868 2816 1110 2869 saepissimo
1139 2831 1274 2870 egere,
1297 2832 1385 2860 non
1416 2820 1610 2872 stimulis,
1630 2825 1813 2855 briumacu·

194 2928 208 2943 ἢ
233 2921 284 2952 De
317 2923 433 2963 quibus
464 2924 536 2955 vide
568 2926 714 2956 Bibliollz.
740 2926 849 2956 Medic.
957 2923 973 2947 b
997 2926 1078 2956 Vide
1094 2929 1166 2958 ibid.
1182 2927 1236 2957 lib.
1255 2939 1283 2958 v.

152 2963 256 2995 Pract.
274 2964 327 2996 lib.
346 2966 385 2996 iv.
956 2974 966 2987 s
992 2969 1072 3000 Vide
1088 2972 1159 3000 ibid.
1178 2970 1233 3000 lib.
1250 2971 1292 3003 ix.
