1985 3308
386 133 444 173 68
801 131 1059 173 THOMAE
1092 127 1434 172 SYDENHAM

207 254 346 283 Fenus
454 238 534 293 [2]
571 238 717 279 Primo
744 238 850 288 loco,
873 251 956 292 quo
976 241 1176 278 naturam
1200 236 1371 277 illarum
1393 239 1520 289 atque
1542 232 1716 288 genium
1747 247 1847 274 con·

185 296 369 368 ξζῗῖξὲῗζδι
383 306 551 360 jectura
587 306 739 346 saltem
775 319 1060 358 assequamur,
1097 304 1405 345 advertendum
1437 307 1501 343 est
1542 301 1655 355 quod
1693 301 1741 341 in
1773 314 1847 354 pa-

208 363 344 410 ’5'1-'64.
389 373 594 427 roxysmis
623 373 823 414 Febr-ium
853 371 1244 413 Intermittentium
1273 371 1378 411 haec
1403 370 1487 410 tria
1512 373 1705 422 tempora
1731 381 1847 421 spec-

181 434 367 507 {2111‘322;-
387 441 521 481 tanda
541 445 668 481 sunt:
703 442 741 480 1.
772 445 941 493 tempus
972 438 1361 488 exl10rrescentiae3
1393 439 1433 478 2.
1465 442 1634 490 tempus
1662 435 1847 476 ebulliti-

182 519 315 548 mitten-
388 507 480 548 onis
496 525 508 558 3
550 509 591 548 3.
623 513 792 560 tempus
833 506 1180 561 despumationiS.
1246 506 1304 546 Et
1345 504 1517 558 quidem
1558 503 1611 544 ad
1651 503 1847 543 exhorre-

180 561 342 643 ξζῌξςξζὶζ
388 576 592 616 scentiam
610 575 722 628 quod
739 575 907 624 attinet,
925 576 988 627 (ut
1010 575 1062 614 de
1082 574 1148 614 his
1169 573 1294 614 rebus
1312 572 1558 613 summatim
1573 571 1751 624 loquar,)
1769 583 1848 624 ego

182 646 243 675 tria
258 654 338 676 tem·
386 642 503 682 illam
525 643 676 683 exinde
702 642 927 683 oriundam
958 641 1152 691 arbitror,
1176 640 1289 693 quod
1318 639 1497 680 materia
1524 638 1716 688 Febrilis,
1740 651 1848 691 quae

180 698 367 767 ἓῖξὲξξξξξ,
385 710 577 749 nondum
602 714 850 762 turgescens
878 723 903 749 a
928 722 1067 749 massa
1102 707 1337 761 sangiunea
1369 711 1589 759 utcunque
1618 705 1850 745 assimilata

182 773 347 820 exhqrres-
385 776 536 826 fuerat,
566 777 657 829 jam
695 775 871 816 tandem
910 789 998 816 non
1032 775 1170 815 solum
1201 774 1379 824 inutilis,
1411 787 1559 813 verum
1594 777 1636 813 et
1675 772 1850 813 inimica

181 820 341 887 ssissiiiiissb-
386 843 578 884 Naturae
599 843 722 893 facta,
743 843 860 882 illam
881 842 1067 894 exagitat
1089 841 1400 895 quodammodo
1421 845 1549 893 atque
1575 838 1741 880 lacessit
1753 855 1766 889 3
1798 852 1850 880 ex

179 899 367 972 ξζζζῑζέζζῐζω
387 925 470 964 quo
501 912 550 952 fit
585 916 634 952 ut
669 911 856 951 naturali
889 911 1073 964 quodam
1109 924 1236 950 sensu
1266 909 1445 959 irritata,
1472 913 1515 949 et
1548 909 1668 962 quasi
1700 908 1848 961 fugam

186 990 353 1021 Ratioha-
387 978 547 1029 molita,
573 979 758 1032 rigorem
793 978 839 1018 in
870 991 1042 1031 corpore
1078 977 1233 1018 excitet
1264 982 1391 1031 atque
1423 977 1655 1027 horrorem,
1687 989 1848 1016 aversa-

182 1035 366 1106 ᾞΓΓᾞᾸᾙΞῙ]
387 1046 516 1086 tionis
557 1059 657 1086 suae
695 1050 851 1086 testem
892 1050 934 1086 et
974 1045 1186 1086 indicem:
1231 1044 1379 1085 eodem
1417 1044 1544 1098 plane
1583 1043 1723 1095 modo,
1765 1057 1849 1097 quo

182 1122 242 1148 tur.
387 1113 580 1167 potiones
600 1117 833 1167 purgantes
865 1127 889 1153 a
919 1113 1156 1153 delicatulis
1178 1117 1432 1166 assumptae,
1454 1117 1528 1153 aut
1555 1112 1684 1152 etiam
1710 1111 1851 1152 toxica

386 1181 557 1221 incaute
589 1181 811 1234 deglutita,
839 1181 1034 1221 horrores
1070 1181 1214 1221 statim
1245 1180 1402 1221 inferre
1430 1180 1581 1230 solent,
1610 1179 1775 1233 aliaque
1804 1179 1848 1220 id

387 1263 521 1302 genus
550 1254 847 1303 symptomata.
917 1249 996 1303 [3.]
1034 1249 1205 1289 Natura
1234 1248 1379 1302 itaque
1405 1248 1486 1289 hoc
1514 1252 1640 1301 pacto
1668 1247 1848 1298 irritata,

390 1318 453 1369 (ut
475 1316 529 1356 ad
548 1322 717 1370 tempus
739 1317 998 1357 ebullitionis
1015 1317 1105 1370 jam
1125 1317 1421 1369 transeamus,)
1446 1330 1528 1369 quo
1549 1315 1713 1356 facilius
1733 1315 1850 1356 hunc

386 1384 552 1424 hostem
575 1399 599 1424 a
619 1385 705 1424 suis
727 1384 957 1425 cervicibus
979 1385 1175 1438 depellat,
1196 1384 1567 1424 fermentationem
1589 1382 1848 1436 aggreditur,

387 1452 606 1492 solennem
619 1466 774 1506 nempe
789 1452 1044 1503 machinam,
1054 1452 1194 1506 quain
1203 1451 1412 1492 Febribus
1429 1456 1472 1492 et
1486 1450 1741 1504 quibusdam
1756 1450 1848 1491 aliis

189 2012 257 2043 ⁷Cf.
276 2023 344 2052 sup.

188 2066 214 2085 c.
231 2056 258 2085 2.
277 2058 291 2093 ξ
310 2057 359 2084 20.

387 1563 421 1582 se
442 1553 550 1588 Junio,
571 1553 622 1582 vel
645 1553 726 1583 Julii
746 1552 865 1591 initio,)
883 1553 1090 1590 occurrerint,

387 1605 500 1625 venae-
506 1596 602 1625 sectio
612 1596 754 1625 maximo
761 1595 902 1636 periculo
915 1605 977 1625 non
988 1602 1090 1626 vacat.

390 1637 428 1667 Id
445 1638 530 1677 quod
553 1638 585 1667 in
611 1644 765 1667 autumno
788 1638 863 1667 anni
885 1639 922 1668 de
941 1648 1003 1677 quo
1021 1639 1090 1677 jam

387 1680 487 1709 locuti
519 1690 632 1710 sumus
663 1681 867 1710 verissimum
897 1691 965 1710 esse
993 1691 1090 1720 expe-

387 1722 499 1752 rientia
515 1728 629 1752 testata
645 1729 692 1752 est
705 1732 711 1749 ε
736 1728 813 1753 tunc
829 1723 913 1752 enim
927 1723 1089 1762 temporis,

387 1765 575 1803 praesertim
606 1765 637 1794 in
670 1765 774 1804 primo
803 1772 969 1801 autumno,
997 1765 1087 1804 phle-

387 1807 530 1836 botomia
569 1807 746 1837 maximam
783 1813 905 1847 partem
942 1807 1090 1837 lethifera

388 1849 456 1878 visa
473 1855 539 1884 est;
557 1850 617 1879 nisi
634 1850 713 1880 forte
729 1850 824 1889 aegri,
841 1850 874 1879 in
890 1851 960 1890 ipso
978 1850 1090 1879 aetatis

389 1892 496 1930 vigore
528 1893 703 1927 constituti,
735 1893 901 1931 sanguinis
926 1893 1090 1931 jacturam

389 1934 624 1972 quodammodo
646 1935 726 1964 ferre
748 1940 909 1974 poterant;
935 1945 998 1974 quo
1017 1935 1088 1974 qui-

389 1977 460 2006 dem
477 1977 509 2006 in
526 1987 610 2013 casu,
628 1978 754 2006 tametsi
770 1983 905 2007 mortem
921 1987 985 2006 non
1002 1977 1087 2006 intu-

388 2018 469 2054 lerit,
487 2020 634 2048 morbum
654 2025 761 2049 tamen
783 2019 928 2059 longum,
946 2029 982 2049 ac
1005 2020 1088 2059 peri-

389 2061 454 2090 culi
468 2062 703 2100 plenissimum,
713 2067 808 2101 atque
821 2062 1089 2101 symptomatibus

389 2104 582 2133 saevissimis
599 2104 752 2143 stipatum
769 2109 845 2133 sunt
861 2105 991 2143 experti.
1019 2104 1090 2143 Ego

390 2152 473 2176 certe
490 2147 528 2176 ab
545 2146 616 2176 aliis
628 2147 889 2176 evacuationibus
904 2147 993 2186 paria
1005 2147 1088 2186 peri-

390 2188 463 2218 cula
481 2199 548 2218 sese
565 2189 718 2218 obtulisse
735 2199 798 2218 non
815 2189 947 2218 memini
961 2202 967 2224 ;
997 2195 1092 2228 atque

391 2231 556 2270 speciatim
573 2232 611 2261 ab
627 2231 692 2261 illis
707 2242 788 2271 quae
810 2242 863 2271 per
884 2231 1021 2261 emetica
1035 2232 1090 2261 fie-

391 2274 477 2309 bant,
491 2273 600 2313 quales
616 2274 795 2314 plerunque
809 2279 880 2303 tuin
893 2274 925 2303 in
942 2273 1007 2310 illa,
1022 2278 1092 2303 tum

391 2316 485 2345 etiam
503 2317 535 2345 in
553 2316 712 2346 similibus
727 2317 797 2346 aliis
813 2316 1094 2346 constitutionibus

392 2358 553 2397 malignis,
571 2359 693 2388 exitum
715 2359 791 2388 satis
810 2359 955 2388 faelicem
971 2359 1092 2388 habue-

392 2405 474 2430 runt.
521 2401 642 2430 Verum
660 2406 696 2431 ut
713 2407 749 2431 ut
770 2402 847 2431 haec
872 2401 945 2437 sint,
958 2401 1090 2439 jamdu-

392 2442 470 2472 dum
495 2443 600 2478 didici,
626 2449 769 2483 oportere
792 2450 827 2473 ut
855 2443 1003 2473 Medicus
1032 2443 1092 2473 hac

392 2484 423 2513 in
441 2495 472 2514 re
492 2486 651 2516 versatilis
668 2486 789 2525 ingenii
806 2486 857 2521 sit,
875 2491 971 2525 atque
991 2495 1047 2526 pro
1061 2495 1094 2515 re

392 2533 466 2556 nata
482 2528 653 2558 consilium
667 2529 782 2568 capiat,
794 2529 855 2558 hoc
871 2534 928 2563 est,
943 2538 999 2568 pro
1012 2534 1093 2557 tem-

392 2579 505 2608 porum
523 2576 617 2610 atque
632 2581 799 2610 aegrorum
809 2571 961 2610 temperie
983 2570 1096 2610 praxin

393 2622 483 2641 suam
508 2613 642 2642 subinde
663 2613 828 2649 mutando,
845 2613 896 2642 vel
919 2613 1025 2653 potius
1052 2612 1097 2642 le-

395 2654 475 2683 viter
506 2655 671 2691 flectendo,
699 2656 775 2685 huic
811 2665 924 2685 scenae
954 2660 1000 2685 tot
1031 2655 1095 2684 dis-

395 2696 584 2726 criminibus
603 2698 780 2737 variegatae
801 2697 976 2734 commode,
994 2707 1095 2737 quan—

396 2743 464 2766 tum
489 2738 554 2768 tieri
576 2744 690 2778 potest,
716 2741 873 2770 inserviat.
935 2740 1022 2770 Illud
1046 2740 1095 2769 in-

396 2780 489 2809 terim
509 2781 559 2819 (ut
577 2782 704 2811 tandein
721 2783 892 2821 aliquando
907 2788 1096 2821 argumento

442 2846 454 2865 ¹‘
480 2851 509 2919 ἰὶη
525 2851 600 2887 pler.
619 2851 726 2890 Febr-sl
745 2855 789 2883 rel
805 2855 833 2881 in
851 2854 969 2882 casibus
986 2853 1094 2891 malig-

397 2893 443 2919 nis
461 2902 487 2920 (·(
501 2915 506 2921 .
527 2893 587 2922 ’ἲὶίλ

1145 1552 1306 1593 praesenti
1337 1551 1518 1582 coronidem
1541 1550 1734 1591 imponam,)
1761 1550 1847 1581 affir-

1146 1606 1233 1625 mare
1254 1605 1397 1635 possum,
1414 1594 1595 1633 generalem
1612 1593 1702 1623 illam
1723 1593 1847 1624 metho-

1146 1639 1223 1668 dum
1250 1639 1319 1677 jam
1345 1638 1494 1667 traditam
1520 1636 1693 1676 (quantum
1717 1636 1848 1675 quidem

1145 1691 1204 1719 ego
1220 1681 1376 1710 hactenus
1391 1679 1611 1709 observatione
1633 1683 1756 1708 attenta
1770 1688 1846 1708 con-

1146 1724 1235 1762 sequi
1251 1722 1369 1763 potui‚)
1388 1722 1536 1751 Febriuni
1549 1722 1695 1751 omnium
1710 1721 1847 1751 curatio-

1143 1775 1218 1795 nem
1238 1775 1295 1794 suo
1320 1764 1443 1794 ambitu
1467 1764 1634 1793 commode
1658 1763 1735 1793 satis
1758 1773 1848 1793 com-

1143 1807 1260 1847 plecti;
1280 1808 1356 1837 licet
1378 1816 1442 1836 non
1466 1806 1620 1845 ignorem,
1638 1805 1773 1836 subinde
1790 1816 1846 1835 va-

1144 1851 1206 1879 rias
1230 1850 1305 1879 anni
1335 1854 1551 1888 tempestateS,
1577 1854 1674 1887 atque
1703 1848 1847 1888 ipsorum

1144 1902 1300 1922 annorum
1316 1892 1485 1921 van'etates
1508 1890 1684 1930 prohibere,
1704 1900 1767 1929 quo
1785 1891 1846 1921 mi-

1144 1945 1205 1964 nus
1222 1939 1325 1964 certos
1347 1934 1471 1973 aliquos
1486 1932 1606 1962 limites
1629 1933 1725 1972 figere
1745 1933 1846 1972 possi-

1145 1987 1228 2011 mus,
1247 1987 1326 2016 quos
1346 1977 1432 2006 ultra
1455 1976 1598 2014 citraque
1618 1975 1776 2015 progredi,
1794 1979 1849 2005 aut

1145 2020 1317 2049 consistere
1329 2029 1393 2048 nou
1405 2016 1525 2048 liceat?
1544 2018 1743 2048 Praestiterit
1754 2023 1847 2054 certe,

1145 2062 1272 2101 quando
1290 2061 1407 2091 Febres
1425 2061 1563 2100 grassari
1585 2060 1755 2100 incipiunt,
1773 2060 1847 2090 dili-

1145 2109 1257 2143 genter
1275 2104 1405 2133 illorum
1424 2104 1582 2143 impetum
1605 2107 1701 2142 atque
1725 2112 1849 2133 morem

1146 2147 1322 2182 observare,
1351 2146 1469 2185 quibus
1496 2145 1592 2176 etiam
1618 2145 1849 2184 praesidiorum

1146 2189 1316 2229 generibus
1333 2189 1419 2228 aegri
1431 2189 1594 2227 juventur,
1607 2187 1657 2217 vel
1670 2187 1848 2224 laedantur,

1148 2237 1183 2261 ut
1213 2231 1465 2271 quamprimum,
1492 2231 1544 2260 his
1572 2230 1757 2269 repudiatis,
1782 2229 1848 2260 illis

1147 2279 1286 2305 utamur.
1335 2273 1432 2304 Quod
1456 2273 1481 2302 si
1504 2272 1585 2302 illud
1612 2272 1677 2308 fiat,
1701 2272 1849 2302 existimo

1147 2317 1251 2356 reipsa
1275 2315 1458 2355 aliquando,
1479 2315 1563 2344 facto
1586 2314 1737 2354 periculo,
1759 2324 1846 2344 com-

1148 2364 1276 2398 pertum
1293 2358 1342 2394 iri,
1359 2357 1507 2387 medendi
1523 2357 1679 2387 rationem
1694 2357 1848 2387 hactenus

1147 2401 1325 2441 expositam
1361 2410 1459 2439 quam
1495 2399 1668 2429 minimum
1701 2409 1720 2429 a
1755 2409 1850 2440 scopo

1148 2443 1299 2473 aberrare.
1347 2442 1401 2472 Ad
1431 2452 1482 2471 me
1506 2447 1591 2471 certe
1615 2441 1700 2480 quod
1723 2441 1848 2478 attinet,

1149 2486 1309 2515 rarissime
1325 2485 1365 2514 ab
1380 2484 1435 2514 illa
1451 2484 1530 2514 mihi
1544 2483 1736 2514 deviandum
1753 2485 1849 2521 sensi,

1150 2528 1182 2558 in
1199 2528 1358 2568 plerisque
1376 2525 1568 2557 Febribusk:
1595 2527 1710 2566 quibus
1727 2527 1851 2566 egregie

1151 2570 1357 2600 accommoda
1383 2574 1439 2605 est,
1467 2570 1551 2608 quod
1575 2569 1850 2599 fermentationem

1152 2613 1292 2643 debitam
1315 2612 1481 2647 sustineat,
1506 2612 1679 2652 (optimum
1707 2611 1851 2642 Naturae

1151 2655 1337 2695 organum.)
1355 2655 1447 2694 cujus
1463 2664 1521 2693 ope
1537 2664 1664 2684 omnem
1683 2654 1850 2684 materiam

1152 2697 1331 2727 inimicam'
1358 2697 1389 2726 in
1414 2697 1570 2735 sanguine
1590 2697 1767 2726 latitantem
1792 2706 1847 2726 ex-

1151 2740 1241 2780 pellit
1257 2745 1353 2779 atque
1369 2739 1550 2770 amolitur.’‘

1195 2850 1201 2870 ¹
1227 2850 1394 2891 inimicam]
1413 2856 1582 2882 venenatam
1600 2850 1646 2882 ed.
1665 2851 1725 2881 ⁸66.
