1985 3308
369 155 454 194 290
465 152 477 164 ³

170 272 223 301 De
236 269 353 300 Mona.

186 314 337 342 Ermum.

191 356 326 386 ’75-’80.

172 414 316 444 Medica-

171 461 352 486 mentorum

172 498 339 533 formulae,

784 152 1040 193 THOMAE
1075 151 1415 193 SYDENHAM

721 259 833 293 Nucis
851 259 1056 292 Moschatae
1073 258 1257 298 Conditae,
1274 269 1342 291 ana
1359 256 1542 290 drachmas
1559 261 1638 296 tres,

725 315 881 349 Pulveris
898 327 916 349 e
934 316 1053 349 Chelis
1066 316 1280 349 Cancrorum
1294 313 1488 357 Compositi
1501 311 1833 357 sesquidmchmam,

728 373 876 406 Corticis
893 373 1069 406 exterioris
1089 373 1335 409 Granatorum,

728 429 869 463 Radicis
887 430 1075 474 Angelicae
1095 428 1322 473 Hispaniam,

730 487 873 521 Corallii
892 487 1001 520 Rubri
1019 486 1225 530 praeparati,

728 544 992 577 Trochiscorum
1013 542 1055 575 de
1072 542 1179 575 Terra
1197 542 1354 582 Lemnia,
1371 552 1439 574 ana
1456 540 1658 575 drachmam
1677 550 1797 580 unam,

730 600 810 633 Boli
828 601 999 632 Armeuae
1017 599 1195 643 scrupulos
1211 598 1309 639 duos,

730 656 878 690 Gummi
895 655 1035 688 Arabici
1052 654 1354 695 semidrachmam,

731 724 810 747 cum
830 713 1021 746 sufficiente
1036 713 1233 756 quantitate
1251 711 1377 756 Syrupi
1395 710 1437 744 de
1455 710 1556 744 Rosis
1574 709 1703 748 Siccis;

568 771 647 804 Fiat
672 769 909 809 electuarium,
933 768 976 802 de
1004 778 1073 812 quo
1103 774 1217 802 sumat
1241 768 1287 801 ad
1315 766 1595 811 magnitudinem
1623 766 1723 799 nucis
1752 775 1843 798 mos-

568 827 689 860 chatae
722 826 862 869 majoris
891 835 1005 865 mane,
1033 825 1118 858 hora
1147 825 1268 869 quinta
1298 822 1548 868 pomeridiana,
1573 827 1609 856 et
1639 827 1752 862 nocte,
1783 831 1844 864 per

567 894 721 917 mensem
746 883 933 927 integrum,
959 881 1212 926 superbibeudo
1234 881 1413 925 sequentis
1435 880 1621 914 infusionis
1650 877 1843 912 cochlearia

571 952 632 974 sex
644 953 701 973 :—

385 1025 516 1069 [Form.
536 1024 610 1068 54]
623 1027 635 1039 ⁰
662 1022 703 1073 Β,
732 1023 875 1058 Radicis
895 1024 1031 1058 Euulae
1049 1003 1265 1069 Campanae,

738 1081 918 1125 [Radicis]
941 1081 1202 1126 Imperatoriae,

741 1138 923 1183 [Radicis]
943 1139 1143 1183 Angehcac,

739 1195 920 1241 [Radicis]
940 1196 1149 1237 Gentianae,
1167 1207 1235 1230 ana
1251 1196 1490 1236 semiunciam,

738 1253 915 1287 Foliorum
932 1253 1109 1286 Absinthii
1128 1253 1291 1294 Romani,

740 1309 957 1354 [Foliorum]
979 1309 1153 1344 Marrubii
1170 1311 1262 1351 Albi,

743 1367 962 1412 [Foliorum]
981 1367 1161 1400 Centaurii
1181 1367 1344 1408 Minoris,

743 1423 961 1468 [Foliorum]
980 1423 1235 1464 Calaminthae,
1252 1435 1320 1458 ana
1334 1423 1555 1468 manipulum
1574 1434 1696 1463 unum,

744 1480 939 1513 Baccarum
955 1480 978 1513 J
984 1481 1118 1524 uniperi
1136 1481 1275 1514 unciam
1293 1491 1400 1513 unam
1417 1493 1424 1518 ;

580 1536 788 1570 Incidantur
799 1537 976 1579 minutim,
989 1542 1023 1570 et
1035 1536 1265 1570 infundantur
1275 1537 1359 1569 Vini
1373 1536 1540 1569 Canarini
1558 1536 1655 1569 libris
1672 1535 1831 1579 quinque
1848 1547 1856 1573 ;

579 1600 671 1627 stent
682 1594 784 1627 simul
795 1594 829 1627 in
841 1593 1012 1627 infusione
1024 1593 1166 1638 frigida:
1193 1594 1323 1627 coletur
1336 1592 1578 1627 tantummodo
1589 1598 1742 1637 tempore
1757 1603 1853 1638 usus.

191 1702 220 1728 et
239 1697 351 1727 diaeta.
393 1680 603 1720 Vescatur
631 1677 733 1718 cibis
759 1676 992 1727 εὐπέπτοις,
1020 1677 1215 1718 videlicet
1244 1691 1369 1718 carne
1399 1676 1593 1726 vitulina,
1622 1676 1856 1726 vervecina,

396 1751 476 1788 ete.

537 1745 767 1786 Abstineat
795 1745 847 1785 ab
870 1759 944 1785 esu
965 1745 1138 1795 olerum,
1162 1750 1204 1785 et
1232 1745 1451 1785 fructuum
1479 1744 1857 1799 qualiumcunque,

398 1819 441 1855 et
462 1813 639 1866 singulis
661 1812 867 1865 pastubus
888 1812 1007 1852 bibat
1027 1812 1174 1852 n‘num
1197 1812 1492 1865 Hispanicum.

197 1902 321 1932 Eadem
465 1879 603 1935 [36]p
634 1880 796 1920 Eadem
822 1879 909 1919 fere
940 1879 1142 1920 methodo
1164 1883 1293 1934 atque
1313 1880 1464 1920 iisdem
1484 1879 1681 1919 remediis
1709 1882 1859 1920 contu-

197 1944 347 1974 ¹¹¹et¹¹0d⁰
401 1963 499 1989 max
518 1948 601 1988 iste
623 1952 663 1988 et
682 1947 910 1988 diuturnus
932 1947 1120 1997 affectus,
1136 1948 1244 1987 fluor
1265 1947 1422 1987 scilicet
1435 1944 1667 1996 muliebris,
1685 1951 1861 1987 sanatur

200 1987 277 2025 (nisi
298 1985 384 2025 quod

198 2029 348 2069 praemit·
404 2030 451 2056 ac
477 2015 665 2055 diabetes
695 2014 821 2055 modo
852 2014 990 2054 dictus
1006 2031 1018 2064 3
1049 2029 1151 2054 nam
1181 2014 1410 2069 utrobique
1437 2013 1717 2055 indicationes
1742 2027 1861 2054 cura-

200 2072 295 2101 tenda
311 2075 358 2100 est

199 2113 365 2154 phleboto-
402 2084 513 2125 tivae
547 2083 719 2124 eaedem
755 2087 869 2132 sunt,
901 2086 1284 2137 quantumcunque
1313 2082 1427 2122 inter
1462 2096 1506 2122 se
1535 2081 1582 2121 hi
1612 2081 1696 2122 duo
1726 2080 1864 2122 morbi

201 2156 266 2185 mia
278 2161 307 2185 et
324 2166 376 2185 ca·
405 2152 606 2193 dissidere
626 2151 862 2192 videantur.
924 2151 985 2191 At
1006 2151 1051 2191 in
1071 2151 1214 2191 fluoris
1235 2150 1454 2191 muliebris
1475 2150 1693 2191 curatione
1713 2163 1864 2190 venae-

201 2198 345 2237 tharsis‚)

203 2245 332 2270 sanatur
407 2219 536 2260 sectio
577 2219 707 2259 semel
753 2217 975 2268 celebrata,
1018 2232 1065 2259 ac
1104 2223 1251 2272 postea
1296 2218 1500 2259 cathal-sis
1546 2232 1597 2258 ex
1635 2217 1865 2271 pilularum

203 2288 234 2313 et
250 2283 331 2312 fluor

205 2325 379 2355 muliebris.

409 2287 649 2328 cochiarum
685 2286 895 2339 majorum
931 2286 1138 2339 scrupulis
1175 2285 1339 2326 duobus
1380 2286 1517 2326 tribus
1551 2285 1712 2326 vicibus
1746 2297 1865 2337 repe-

409 2354 502 2404 tita,
530 2353 896 2394 corroborantium
923 2353 1019 2393 usui
1046 2353 1263 2407 praemitti
1290 2353 1460 2403 debent,
1488 2352 1640 2393 deinde
1667 2366 1765 2393 vero
1791 2365 1868 2405 per

409 2427 550 2463 totum
580 2436 820 2475 processum
842 2421 1016 2461 omnino
1044 2420 1304 2461 omittendae
1320 2437 1331 2470 3
1364 2434 1462 2461 cum
1483 2420 1698 2475 quaelibet
1720 2433 1867 2460 evacu-

413 2490 498 2530 atio
534 2489 683 2530 evertit
718 2488 923 2543 quicquid
962 2487 1237 2528 corroborans
1279 2487 1575 2528 substruxerit.
1639 2487 1724 2528 Sed
1762 2487 1868 2527 haec

413 2557 564 2597 obiter.

479 2624 586 2677 [372]
627 2624 746 2664 Haec
780 2623 911 2664 habui
948 2623 999 2663 de
1035 2623 1261 2663 Perun'ani
1296 2623 1475 2664 Corticis
1509 2637 1591 2663 usu
1624 2621 1869 2663 summatim

416 2691 616 2732 dicenda:
649 2705 788 2746 neque
814 2691 928 2731 enim
948 2691 1232 2732 remediorum
1262 2705 1440 2744 pompae
1469 2690 1595 2731 libuit
1621 2690 1844 2743 indulgere
1857 2705 1869 2739 3

417 2772 514 2798 cum
550 2773 650 2799 saue
685 2759 760 2814 qui
796 2759 956 2814 aliquid
997 2759 1154 2799 Cortici
1195 2759 1399 2813 adjiciunt
1433 2763 1601 2812 praeter
1631 2758 1871 2799 vehiculum

418 2831 555 2870 eidem
595 2832 640 2870 in
680 2831 963 2873 ventriculum
1003 2832 1334 2874 transmittendo
1374 2831 1672 2882 necessarium,
1706 2835 1781 2872 aut
1820 2844 1872 2871 ex

506 2921 519 2936 0
544 2914 590 2944 Cf.
610 2915 700 2944 sorni.
720 2916 791 2944 232.
1356 2921 1369 2940 Ρ
1393 2916 1443 2947 Cf.
1463 2917 1594 2947 Process.
1612 2917 1672 2947 Int.
1690 2926 1716 2946 c.
1735 2916 1785 2946 36.
