1985 3308
215 148 737 192 OBSERVATIONUM
769 147 1148 190 MEDICARUM
1181 159 1244 193 IV.
1270 161 1304 200 2,
1328 164 1360 194 3.
1451 149 1533 191 167

67 259 193 298 rente
207 270 255 297 eo
264 260 470 297 autumno
484 255 773 311 Dysenterias,
785 269 891 308 quae
907 254 1531 307 cumiisdemingrediebantur,
1568 264 1723 296 Dvsmwr.

70 324 311 377 aequabant
341 337 534 374 numero,
562 337 618 363 ne
651 323 789 363 dicam
816 322 1108 374 exuperabant.
1171 321 1318 362 Febris
1345 323 1532 362 nunciis
1553 308 1734 381 ΑῼἙΞᾟΞΜ

71 392 260 441 accessit,
282 405 399 431 nunc
424 391 582 431 aberat.
616 390 968 444 Dysenteriarum
993 403 1068 442 per
1088 389 1132 429 id
1152 393 1321 442 tempus
1336 393 1724 443 graman-W

68 457 179 499 tium
196 459 452 499 torminibus
469 459 583 499 dieta
598 458 756 499 ventris
778 458 979 498 Tormina
995 457 1169 498 omnino
1190 457 1505 510 respondebant
1518 475 1529 507 3
1550 460 1662 512 natura
1677 466 1735 504 n'ec

70 526 332 567 atrocissima
359 540 512 579 nempe
540 526 643 566 haec
675 530 810 575 erant,
840 530 883 565 et
913 539 988 578 per
1017 525 1241 565 intervalla
1268 525 1528 574 cruciabant,
1550 502 1722 569 3235&OE

67 592 211 633 nullae
255 607 352 633 vero
405 593 693 646 sequebantur
740 592 996 646 dejectiones
1044 592 1109 632 vel
1161 596 1417 632 stercorosae
1464 592 1528 632 vel
1548 581 1737 661 Εὲἶέζᾞίᾗζ-

67 673 277 701 mucosae.
339 660 436 700 Pari
457 675 584 713 passu
612 674 709 700 cum
731 659 998 713 Dysenteriis
1026 673 1101 712 per
1129 663 1386 699 autumnum
1412 659 1528 699 hunc
1547 664 1573 693 is
1591 665 1722 695 disside-

66 741 238 768 omnem
260 727 558 781 procedebant,
582 727 654 768 sed
688 728 751 780 (ut
777 728 867 780 jam
896 727 949 780 [c.
970 729 1007 766 1.
1028 728 1049 781 ξ
1070 727 1127 780 1.]
1167 727 1416 779 docuimus,)
1440 741 1528 768 non
1546 707 1630 737 bant'

67 809 166 836 cum
198 795 349 835 iisdem
381 809 456 848 per
489 809 623 835 annos
657 798 882 848 sequentes
917 794 1045 847 hujus
1079 794 1408 835 Constitutionis
1441 794 1527 848 epi-

68 861 230 903 demice
258 862 438 916 amplius
468 862 739 902 invadebant.
816 862 926 902 Cum
958 874 1055 901 vero
1083 861 1283 901 Tormina
1306 861 1410 901 haec
1431 861 1525 902 sine

66 929 375 983 deiectionibus
402 944 540 982 neque
561 934 716 970 natura
737 943 824 979 sua,
847 943 985 982 neque
1006 929 1079 968 illa
1100 943 1183 981 qua
1211 928 1527 982 promptissime

68 997 343 1050 sopiebantur
358 997 572 1047 methodo,
591 1011 615 1037 a
631 996 896 1050 Dysenteriis
914 996 1099 1036 multum
1117 996 1362 1046 dissideant,
1381 996 1432 1036 ad
1449 996 1525 1036 has

67 1077 136 1104 me
158 1065 342 1105 confero.

134 1131 212 1184 [2.]
241 1131 536 1172 Animadverti
557 1130 753 1172 morbum
774 1131 901 1181 hune,
920 1130 984 1172 uti
1006 1145 1134 1181 nunc,
1156 1131 1217 1171 ita
1236 1130 1323 1171 fere
1345 1143 1521 1183 semper,
1541 1134 1734 1186 Dysentqria

67 1199 265 1239 autumni
289 1199 411 1239 initio
436 1199 634 1239 invadere
661 1198 806 1247 solere,
829 1203 871 1238 et
900 1198 1256 1252 appropinquanti
1280 1198 1423 1251 hyemi
1448 1211 1523 1250 pro
1542 1185 1729 1252 ffittfflnffilet

66 1270 256 1319 tempore
278 1266 439 1307 cedere.
501 1267 611 1307 Cum
632 1280 729 1306 vero
751 1280 961 1305 annorum
984 1266 1110 1305 series
1135 1265 1271 1305 eidem
1293 1264 1524 1318 epidemice
1542 1265 1701 1313 invadere,

65 1333 337 1386 producendo
358 1334 539 1373 nimium
560 1334 850 1383 faveat,unum
873 1333 1104 1373 alterumve
1126 1333 1255 1373 etiam
1277 1331 1421 1385 quovis
1443 1331 1524 1372 alio
1543 1317 1709 1388 Zggffipub

65 1405 255 1453 tempore
285 1405 425 1453 potest
455 1401 579 1440 ferire
592 1417 604 1450 ;
649 1401 752 1453 quin
784 1404 826 1440 et
858 1400 969 1440 circa
997 1400 1105 1440 veris
1135 1400 1387 1452 ingressum,
1416 1399 1524 1439 forte
1542 1391 1716 1473 ἓζῐξὲῃέιῖξ·

67 1467 196 1508 etiam
216 1468 438 1517 maturius,
465 1468 516 1520 (si
536 1481 689 1520 nempe
711 1481 814 1507 aura
841 1467 1015 1507 calidior
1034 1466 1403 1521 intemperantiori
1426 1466 1526 1519 gelu
1543 1480 1690 1515 tempore.

65 1534 295 1590 derepente
323 1536 461 1575 soluto
482 1549 579 1575 mox
600 1534 919 1588 supervenerit,)
944 1535 1086 1588 plures
1108 1534 1269 1587 aliquot
1289 1534 1522 1574 incessere:

63 1603 193 1653 unde,
215 1603 414 1656 perpauci
433 1603 533 1643 licet
554 1603 715 1643 fuerint
737 1602 811 1657 qui
838 1602 919 1642 hoc
940 1602 1223 1655 corripiantur
1242 1601 1404 1651 morbo,
1427 1615 1525 1641 cum

64 1670 232 1710 tamenf
249 1670 293 1710 id
308 1675 498 1724 tempore
518 1671 579 1710 ita
593 1670 732 1710 alieno
754 1670 989 1723 contingat,
1009 1670 1109 1710 satis
1132 1670 1217 1709 scio
1230 1669 1345 1709 illam
1367 1669 1523 1709 consti-

64 1738 277 1780 tutionem
311 1739 427 1779 haud
457 1738 725 1778 mediocriter
759 1738 860 1778 huie
895 1738 1043 1778 morbo
1079 1737 1314 1790 suffragari.
1376 1738 1522 1791 Atque

65 1805 127 1846 ita
154 1819 197 1846 se
227 1820 293 1846 res
323 1806 473 1846 habuit
500 1819 574 1859 per
602 1820 672 1846 eos
701 1819 835 1845 annos
865 1805 1018 1858 quibus
1040 1805 1320 1858 Dysenteriae
1350 1804 1412 1844 ita
1438 1804 1523 1844 late

65 1872 458 1925 depopulabantur,
503 1873 756 1925 quandoque
790 1872 903 1912 enim
940 1872 1050 1912 circa
1089 1872 1217 1911 finem
1251 1871 1415 1924 hyemis
1449 1875 1522 1911 aut

65 1939 173 1980 veris
203 1940 374 1980 initium
405 1940 486 1992 (uti
523 1939 577 1993 [c.
608 1940 666 1992 1.]
701 1940 892 1991 dictum)
920 1939 990 1979 hic
1015 1939 1190 1979 morbus
1210 1938 1326 1978 hunc
1349 1938 1522 1977 illumve

64 2006 257 2047 vexabat.

131 2074 208 2127 [3.]
247 2075 376 2115 Nunc
405 2087 501 2114 cum
528 2073 666 2127 rigore
686 2074 942 2126 horroreque
968 2073 1215 2126 aggreditur
1241 2073 1309 2113 hic
1331 2072 1516 2123 morbus,
1538 2083 1696 2130 bysente-

65 2154 169 2194 quos
201 2142 392 2195 sequitur
421 2142 553 2181 totius
584 2141 767 2193 corporis
799 2141 922 2190 calor,
956 2142 1019 2193 (ut
1049 2141 1094 2180 in
1124 2140 1313 2180 febribus
1345 2140 1518 2180 solenne
1536 2125 1674 2207 {ffip‘ffo

64 2209 158 2258 est,)
187 2213 314 2261 atque
339 2209 453 2248 hunc
480 2208 595 2248 brevi
623 2212 717 2260 post
744 2208 903 2247 ventris
932 2207 1128 2257 tormina,
1155 2207 1237 2247 ista
1260 2220 1357 2246 vero
1383 2206 1518 2260 dejec-

63 2275 215 2316 tiones.
279 2276 414 2331 Saepe
438 2290 535 2315 vero
557 2276 676 2315 nulla
702 2275 916 2315 antecedit
941 2274 1068 2314 febris
1090 2274 1342 2327 praesensio,
1365 2288 1518 2326 agmen

65 2348 209 2383 autem
241 2343 403 2384 ducunt
428 2343 626 2392 tormina,
661 2342 915 2395 dejectiones
942 2342 1273 2395 subsequuntur.
1343 2341 1520 2394 Semper

64 2413 209 2450 tamen
231 2410 349 2451 adest
373 2411 525 2463 ingens
554 2411 765 2451 cruciatus
791 2415 833 2451 et
857 2410 1158 2450 intestinorum
1186 2409 1396 2462 depressio
1421 2422 1519 2449 cum

66 2477 208 2518 dolore
237 2478 400 2531 quoties
429 2483 684 2518 exoneratur
711 2478 841 2527 alvus,
864 2491 962 2517 cum
990 2477 1147 2517 crebris
1174 2476 1321 2516 itidem
1349 2476 1518 2529 dejecti-

65 2544 230 2595 onibus,
267 2550 309 2585 et
344 2544 642 2585 molestissimo
677 2545 886 2590 viscerum
920 2545 1112 2585 omnium
1148 2544 1267 2596 quasi
1300 2543 1517 2584 descensu.

65 2611 334 2666 Dejectiones
363 2626 558 2653 mucosae
587 2618 688 2653 sunt
714 2627 873 2662 omnes,
896 2627 984 2653 non
1013 2617 1281 2661 stercorosae,
1304 2611 1386 2650 nisi
1408 2611 1520 2664 quod

64 2693 375 2733 nonnunquam
406 2685 638 2721 stercorosa
672 2680 972 2734 interponitur,
1001 2679 1128 2732 idque
1160 2679 1250 2719 sine
1282 2678 1424 2718 dolore
1454 2678 1519 2718 in-

62 2745 188 2798 signi.
249 2747 439 2787 Mucosis
465 2748 581 2788 hisce
610 2747 918 2800 dejectionibus
948 2747 1268 2786 intertexuntur
1299 2745 1519 2798 sanguinis

62 2813 272 2866 quaedam
292 2814 575 2865 lineamenta3
599 2814 852 2868 quandoque
868 2819 1012 2854 tamen
1030 2828 1084 2854 ne
1105 2813 1331 2853 minimum
1348 2812 1519 2866 quidem

604 2896 614 2916 ¹
636 2896 751 2937 tamen]
770 2907 830 2928 orn.
850 2897 896 2927 ed.
917 2897 978 2929 ⁸76.
