1985 3308
403 151 486 190 522
817 147 1073 189 THOMAE
1107 147 1448 188 SYDENHAM

198 266 383 298 Dssme
403 256 610 310 sanguine
630 255 875 309 permistam
893 273 903 304 ;
935 254 1059 307 idque
1080 254 1205 294 toties
1232 253 1337 293 milii
1363 267 1441 293 usu
1461 254 1588 303 venit,
1611 253 1775 308 quoties
1795 254 1861 293 vel

214 311 365 340 SAsoct-

220 362 288 381 Nno
306 353 363 382 &c.

208 804 329 835 Mictus

206 847 380 887 Sanguinei

205 901 223 920 a
240 889 374 920 Calculo

208 933 351 962 Renibus

204 975 344 1014 impacto

206 1018 336 1048 curatio.

403 325 587 364 multum
603 323 765 363 itineris
782 323 957 376 pedibus
974 322 1237 370 conficerem,
1254 321 1319 361 vel
1334 321 1380 360 111
1395 335 1522 361 0111111
1536 335 1610 374 per
1626 321 1862 374 platearum

404 392 645 445 pavimenta
656 390 840 439 veherer,
859 388 1171 441 quantumlibet
1192 388 1309 428 lento
1331 401 1535 441 equorum
1557 401 1704 441 gressu
1716 405 1726 437 3
1750 387 1863 440 quod

405 459 510 500 mihi
530 465 674 499 tamen
695 472 782 497 11011
803 456 1028 504 accidebat,
1053 455 1216 508 quoties
1241 469 1316 508 per
1342 456 1453 495 viam
1472 455 1633 508 regiam
1653 455 1863 509 lapidibus

406 542 494 568 non
530 533 719 575 stratam,
753 525 849 564 licet
887 537 1013 576 quam
1047 522 1303 576 longissime,
1345 536 1472 563 0111111
1510 528 1709 563 vectarer.
1778 523 1856 576 [3.]

409 595 546 636 Urina
578 608 704 647 quam
743 598 846 632 tunc
885 591 1174 641 excernebam,
1215 592 1387 632 tametsi
1426 591 1605 632 terribili
1646 591 1864 644 sanguinis

407 669 579 704 tantum
599 676 687 702 non
708 660 859 700 sinceri
876 660 1011 712 specie
1031 659 1230 712 prodiret,
1254 673 1341 700 11011
1368 660 1429 700 ita
1450 660 1523 700 diu
1542 665 1637 713 post
1658 660 1865 713 sanguine

407 733 453 772 in
482 731 613 771 fundo
642 728 814 769 seorsim
840 732 1148 781 grumescente,
1180 727 1225 766 in
1254 727 1498 767 summitate
1522 727 1698 780 limpida
1727 732 1769 766 et
1801 726 1867 766 sui

408 798 553 838 similis
575 795 922 849 conspiciebatur.
970 795 1025 835 In
1041 795 1216 849 hujusce
1238 795 1338 835 mali
1357 795 1593 835 remedium
1615 795 1868 848 sanguinem

407 865 507 905 satis
535 864 749 917 copiosum
780 877 802 903 0
833 863 1005 903 brachio
1033 863 1146 903 mitti
1173 864 1386 913 curabam,
1409 868 1451 904 et
1478 869 1572 916 post
1593 863 1867 917 purgationes

408 931 661 972 universales
696 931 1005 971 medicamenta
1041 931 1334 984 refrigerantia
1374 936 1416 972 ct
1456 932 1736 972 incrassantia
1765 932 1868 972 varii
1919 975 1926 983 ,

409 999 575 1053 generis
610 999 655 1039 in
694 1013 820 1039 usum
855 998 1126 1047 revocabam3
1171 999 1354 1039 diaetam
1388 1000 1551 1040 interea
1585 1000 1651 1040 his
1691 1014 1868 1041 consen·
1919 1047 1923 1051 ,

408 1073 580 1108 taneam
605 1066 824 1116 adhibens,
846 1066 1030 1119 liquores
1058 1066 1210 1117 acidos,
1234 1081 1362 1116 acreS,
1391 1072 1432 1108 et
1459 1072 1731 1108 attenuantes
1758 1068 1869 1108 solli-

410 1136 492 1176 cite
524 1134 728 1175 devitans.
791 1133 901 1174 Cmn
933 1139 1076 1174 autem
1104 1148 1242 1188 neque
1268 1134 1362 1184 ista,
1386 1149 1523 1189 neque
1555 1135 1637 1176 alia
1662 1136 1871 1189 permulta

411 1216 518 1256 quae
549 1216 773 1242 numerare
803 1202 981 1255 longum
1010 1207 1133 1251 esset,
1158 1203 1384 1255 quicquam
1410 1203 1658 1256 prodessent
1672 1220 1683 1253 ;
1715 1208 1757 1244 et
1783 1217 1870 1244 me-

410 1275 536 1311 tuens
568 1270 789 1319 calculum,
819 1283 946 1323 quem
977 1270 1246 1323 grandiorem
1275 1284 1363 1311 esse
1397 1270 1638 1324 suspicabar
1669 1285 1795 1324 quam
1823 1276 1872 1311 ut
1931 1313 1933 1322 ¹

412 1338 564 1391 expelli
583 1342 737 1391 posset,
761 1338 879 1391 aquis
901 1337 1158 1391 chalybeatis
1181 1338 1234 1378 ad
1256 1339 1416 1378 exitum
1439 1339 1675 1389 sollicitare,
1697 1338 1873 1379 tandem

414 1419 531 1460 spem
552 1405 611 1445 rei
631 1405 739 1445 bene
761 1405 970 1457 gerendae
1001 1419 1171 1458 prorsus
1200 1406 1320 1446 amisi
1334 1423 1344 1455 ;
1377 1406 1503 1459 idque
1530 1420 1579 1446 eo
1604 1406 1874 1460 potissimum
1931 1406 1936 1435 2

412 1473 599 1522 nomine,
622 1473 734 1525 quod
755 1473 1034 1522 observaram,
1058 1487 1178 1513 senes
1207 1474 1366 1526 aliquot
1388 1474 1492 1513 mihi
1518 1479 1641 1514 notos
1662 1473 1742 1514 sibi
1762 1487 1873 1514 mor-

414 1547 502 1582 tem
544 1541 777 1590 accersisse,
820 1541 922 1581 dimi
963 1541 1209 1594 hujusmodi
1248 1542 1444 1582 remediis
1484 1542 1697 1582 incassum
1737 1542 1875 1582 morbi

415 1609 678 1649 curationem
700 1609 965 1649 molirentur.
1031 1609 1159 1649 Stetit
1184 1609 1326 1663 itaque
1352 1611 1565 1650 sententia
1585 1624 1674 1650 non
1695 1610 1875 1663 amplius

415 1681 596 1726 tentare,
618 1683 674 1726 at,
697 1677 828 1717 vitato
849 1682 1019 1717 tantum
1042 1691 1168 1730 quam
1196 1678 1314 1731 potui
1335 1678 1516 1718 maxime
1538 1678 1721 1731 corporis
1741 1683 1874 1727 motu,

417 1745 468 1785 ab
499 1744 579 1784 hoc
607 1744 763 1784 affectu
792 1744 896 1783 mihi
924 1758 1081 1785 cavere.
1151 1745 1230 1798 [4.]
1268 1745 1459 1786 Tandem
1479 1759 1575 1785 vero
1607 1745 1748 1786 animo
1767 1745 1876 1785 forte

415 1812 618 1861 recolens,
653 1826 780 1864 quam
816 1812 921 1851 mire
957 1812 1153 1852 nonnulli
1190 1812 1487 1865 depraediccnt
1521 1813 1692 1852 seminis
1723 1812 1878 1852 fraxini

417 1881 502 1920 vim
528 1879 896 1932 lithontripticam,
920 1879 1048 1919 subiit
1075 1880 1273 1932 cogitare,
1297 1880 1422 1933 quod,
1445 1880 1478 1920 si
1500 1893 1644 1920 semen
1671 1879 1880 1934 ejusmodi

416 1948 573 1988 virtute
614 1947 802 2000 polleret,
845 1947 1020 1987 0111111110
1060 1947 1285 1987 verisimile
1330 1953 1440 1988 esset
1480 1961 1685 1988 mannam
1724 1947 1879 1988 fraxini

419 2015 556 2055 adhuc
577 2015 672 2067 plus
693 2027 838 2067 posse,-
872 2028 968 2054 cum
987 2028 1148 2054 manna
1165 2029 1292 2067 quam
1312 2015 1519 2055 habemus
1544 2015 1738 2068 (docente
1758 2015 1877 2056 bota-

419 2082 638 2136 nographo
659 2082 718 2136 τῴ
737 2080 884 2132 πάνυῆ,
909 2082 986 2122 D¹¹⁰
1009 2083 1035 2122 J
1039 2082 1206 2122 ohanne
1236 2083 1341 2136 Ray,
1371 2087 1465 2135 post
1493 2083 1595 2123 alios
1622 2083 1877 2136 scriptores)

419 2164 557 2203 neque
587 2150 672 2189 mel
705 2153 878 2190 aereum
911 2154 986 2199 cst,
1015 2163 1095 2190 nec
1126 2164 1194 2190 ros
1225 2150 1374 2202 aliquis
1406 2150 1609 2200 coelestis,
1642 2150 1716 2190 sed
1743 2150 1882 2204 liquor

419 2218 560 2271 potius
593 2221 683 2257 tam
715 2230 737 2256 e
768 2216 878 2256 foliis
915 2230 1043 2269 quam
1076 2230 1098 2257 e
1129 2221 1282 2257 trunco
1313 2222 1356 2258 et
1387 2217 1514 2257 ramis
1544 2217 1811 2258 fraxinorum
1835 2217 1883 2257 in
1910 2255 1916 2262 ,

425 2284 624 2325 Calabria
656 2284 925 2324 nascentium
959 2283 1146 2324 exudans
1161 2301 1170 2333 3
1219 2284 1270 2325 de
1306 2285 1427 2338 cujus
1457 2285 1519 2325 rei
1548 2284 1725 2325 veritate
1754 2284 1881 2334 idem,

423 2353 525 2393 dum
552 2352 598 2392 in
632 2351 758 2392 Italia
787 2351 1142 2404 peregrinaretur,
1169 2352 1323 2392 certior
1355 2352 1492 2392 factus
1518 2357 1582 2393 est
1607 2352 1659 2393 ab
1688 2351 1882 2393 eruditis-

424 2422 529 2461 simo
551 2419 734 2469 Medico,
757 2420 829 2472 qui
850 2433 901 2459 ex
921 2420 1094 2460 ramulis
1121 2425 1163 2460 et
1190 2420 1301 2460 foliis
1332 2420 1464 2461 linteo
1486 2435 1511 2461 a
1537 2434 1580 2461 80
1602 2420 1764 2461 curiose
1785 2433 1882 2461 con-

424 2488 546 2529 tectis
569 2501 772 2528 mannam
797 2487 885 2540 (qui
907 2492 970 2528 est
999 2501 1147 2528 succus
1168 2488 1229 2528 ita
1254 2492 1489 2538 concretus,
1511 2493 1559 2528 ut
1581 2487 1695 2541 dixi)
1721 2487 1885 2541 saepius

426 2555 606 2608 collegit.
634 2555 759 2607 (Vide
792 2555 816 2594 J
822 2555 1001 2596 ohannis
1029 2556 1121 2609 Ray
1150 2557 1387 2609 Cataloyum
1409 2557 1655 2596 Plantamm
1678 2555 1881 2608 Anyliae.)

426 2626 780 2680 Experimentum
801 2626 944 2679 itaque
968 2625 1171 2677 facturus,
1194 2640 1378 2667 mannae
1400 2626 1546 2667 uncias
1571 2626 1676 2666 duas
1703 2639 1801 2666 cum
1823 2637 1885 2665 80-

428 2694 554 2735 misse
574 2694 619 2734 in
641 2694 721 2734 seri
737 2693 857 2734 lactis
873 2693 991 2734 libris
1008 2693 1173 2734 duabus
1191 2695 1366 2745 solutae,
1379 2694 1502 2735 hausi
1522 2693 1757 2748 pauxillum
1773 2691 1887 2733 succi

429 2762 637 2803 limonum
659 2761 852 2811 subinde,
871 2761 975 2801 dum
996 2776 1211 2815 purgarer,
1229 2762 1486 2815 deglutiens5
1520 2776 1602 2815 quo
1623 2766 1665 2802 et
1686 2759 1886 2802 catharti-

431 2843 529 2869 cum
551 2843 757 2879 acuerem,
777 2829 889 2883 quod
910 2829 1080 2882 segnius
1103 2830 1266 2883 operari
1287 2830 1405 2880 solet,
1429 2835 1471 2871 et
1492 2828 1725 2870 ventriculo
1745 2827 1887 2868 minus

914 2913 926 2930 '¹
950 2914 994 2952 τῷ
1009 2912 1106 2952 πάνυ]
1122 2914 1141 2944 1.
1159 2924 1184 2944 e.
1202 2917 1401 2945 celeberrimo.
