1985 3308
287 141 810 184 OBSERVATIONUM
841 141 1216 182 MEDICARUM
1250 146 1291 180 V.
1318 149 1351 188 3,
1377 150 1408 180 4.
1485 145 1570 184 219

111 248 212 289 anni
251 250 375 300 1674,
409 248 677 289 Variolarum
712 248 895 302 speciem
929 248 1261 290 introducebant
1296 254 1386 290 tam
1422 264 1567 291 earum
1585 263 1771 293 vmuomn

110 317 304 367 similem,
331 322 378 357 ut
407 317 579 358 eaedem
606 316 735 357 istaev
764 316 962 357 revixisse
993 316 1168 357 omnino
1195 317 1453 368 viderentur,
1479 333 1567 359 non
1586 306 1768 377 ἓξξέκῗζ,

109 384 215 425 aliae
237 385 447 425 subnasci.
506 385 615 425 Cum
637 385 751 424 enim
777 384 856 437 (uti
886 385 976 438 jam
1005 384 1059 438 [c.
1086 386 1122 424 1.
1149 386 1171 439 ᾧ
1194 385 1255 438 AL]
1285 384 1496 438 diximus,)
1521 386 1567 426 in
1607 391 1743 427 '7⁴1<‚¹75·

106 452 245 505 priore
266 453 338 492 illa
358 453 626 493 Variolarum
649 452 785 506 specie
805 457 900 505 post
922 452 1084 505 elapsos
1109 452 1268 506 priores
1290 467 1424 493 annos
1447 453 1565 504 duos,

106 521 302 573 pustulae
319 521 461 561 minus
478 521 614 561 indies
630 521 777 574 nigrae
794 524 1100 573 comparerent,
1116 524 1158 560 et
1176 520 1421 574 grandiores
1438 522 1567 562 etiam

105 588 367 641 pedetentim
382 589 738 642 conspicerentur,
754 588 888 629 donec
904 593 1084 629 exeunte
1099 602 1212 629 anno
1231 589 1378 630 1673W
1392 589 1566 630 morbus

100 657 191 710 jam
219 656 334 696 mitis
370 657 530 710 (habita
558 657 724 710 generis
754 657 949 710 ratione,)
984 670 1032 697 ac
1058 655 1272 710 benignus
1304 662 1439 708 esset,
1472 658 1564 711 jam

103 724 285 778 pristina
314 724 481 775 ferocia,
504 730 546 765 et
573 725 760 765 infausto
787 725 997 765 malorum
1031 729 1369 779 symptomatum
1396 725 1566 779 agmine

103 793 297 846 stipatus,
322 793 463 834 denuo
484 793 787 834 revertebatur.
835 793 1008 833 Etenim
1034 793 1231 846 pustulae
1252 793 1477 847 fuliginem
1499 794 1564 834 ni-

105 861 279 913 gredine
296 862 549 915 aequabant,
567 861 641 902 ubi
656 875 810 915 nempe
826 861 1122 912 confluxerint,
1137 866 1180 902 et
1202 876 1327 915 aeger
1343 877 1430 903 non
1447 863 1564 916 prius

104 929 425 983 extingueretur
442 944 568 984 quam
586 930 639 970 ad
660 930 953 970 maturitatem
968 930 1076 971 istae
1093 931 1362 983 pervenerint
1374 948 1386 981 ,-
1413 931 1564 972 imma-

102 1002 225 1038 turae
246 998 361 1038 0111111
382 998 524 1039 fuscae
549 1003 721 1039 tantum
743 1002 865 1039 erant
887 998 1038 1039 colore.
1100 998 1304 1039 Pustulae
1327 999 1563 1052 quinetiam
1581 1012 1728 1044 Variolae

101 1066 353 1119 perpusillae
370 1071 504 1116 erant,
523 1066 557 1106 si
578 1080 830 1107 numerosae
845 1083 856 1116 3
882 1080 1042 1120 paucae
1063 1067 1176 1106 enim
1193 1066 1267 1108 ubi
1280 1066 1451 1108 fuerant
1467 1073 1561 1108 tan·
1580 1056 1766 1129 ξέΐὲἶίξὲξὸ

99 1138 206 1183 tum,
229 1134 343 1174 haud
365 1139 485 1176 erant
505 1134 691 1174 minores
708 1149 835 1187 quam
855 1134 902 1174 in
923 1134 1014 1174 aliis
1030 1134 1302 1175 Variolarum
1322 1134 1560 1188 generibus,
1580 1142 1701 1193 nigras—

99 1202 247 1255 nigrae
273 1216 370 1243 vcro
399 1202 624 1243 rarissime.
685 1202 828 1243 Verbo
860 1203 1011 1253 dicam,
1039 1202 1141 1243 istas
1174 1217 1278 1256 quas
1310 1218 1423 1244 anno
1451 1205 1562 1246 1670
1579 1187 1752 1258 &IL-22-

99 1269 395 1324 descripsimus
423 1271 523 1311 satis
553 1270 792 1311 referebant
805 1287 816 1321 ;
847 1271 948 1311 lieet
978 1285 1066 1311 non
1094 1271 1139 1311 in
1161 1271 1358 1312 omnibus
1384 1286 1482 1313 cum
1510 1273 1560 1313 iis
1579 1271 1698 1301 rebant·

98 1338 368 1391 quadrarent,
391 1338 598 1379 distarent
630 1344 774 1379 autem
804 1339 995 1392 pauculis
1028 1339 1296 1392 quibusdam,
1330 1354 1437 1393 quae
1469 1341 1559 1393 qui·
1580 1347 1766 1398 Putreflinis

98 1406 195 1446 dem
234 1407 438 1460 majorem
472 1406 549 1447 sub
590 1407 655 1446 his
692 1421 819 1460 quam
853 1406 936 1446 illis
973 1406 1064 1447 aliis
1105 1407 1377 1460 putredinem
1411 1408 1546 1448 latere
1578 1401 1708 1430 ¹¹¹³³⁰r¹⁵
1724 1403 1756 1422 ‘³'

1547 1441 1558 1458 ι’
1578 1441 1648 1464 rant
1665 1436 1756 1465 sobo-

95 1479 357 1528 natm'aeque
385 1489 454 1515 eas
485 1489 574 1515 esse
604 1475 739 1528 magis
770 1489 932 1515 crassae
964 1480 1006 1515 et
1036 1475 1340 1526 inconcoetilis,
1364 1476 1558 1517 ostende-
1576 1476 1632 1513 les,
1650 1483 1743 1508 natu-

95 1542 225 1593 bant,
266 1548 458 1584 maturae
489 1544 604 1584 enim
640 1544 760 1597 pejus
792 1543 977 1594 olebant,
1008 1542 1071 1584 ita
1104 1548 1154 1584 ut
1185 1543 1343 1584 eisdem
1376 1545 1558 1598 graviter
1574 1530 1768 1602 ἑῗξῖῗέζζᾏῖ

94 1610 335 1653 laborantes
365 1626 465 1666 prae
486 1612 645 1653 foetore
666 1612 733 1652 vix
755 1611 919 1665 quirem
947 1611 1158 1652 accedere.
1220 1612 1398 1653 Tardius
1427 1612 1557 1653 etiam
1576 1606 1736 1680 ῗὲεῑέξίζη·

94 1680 315 1733 periodum
365 1680 651 1731 absolvebant,
701 1680 1018 1734 haerebantque
1069 1680 1244 1732 diutius,
1293 1696 1420 1735 quam
1470 1682 1558 1722 ulla
1705 1674 1711 1681 ⁸

95 1749 251 1801 speeies
273 1749 353 1790 alia
375 1764 501 1803 quam
522 1749 628 1789 mihi
649 1749 787 1790 adhuc
806 1749 947 1790 videre
969 1749 1162 1802 contigit.

160 1817 239 1871 [2.]
277 1818 445 1858 Notatu
474 1818 648 1858 interim
680 1823 744 1858 est
776 1817 1046 1871 perdignum,
1080 1817 1193 1871 quod
1225 1822 1385 1872 quanto
1412 1819 1558 1860 mitior
1578 1831 1710 1863 Quanto

95 1889 158 1924 est
179 1885 316 1925 morbi
338 1886 507 1938 species,
524 1890 646 1926 tanto
668 1885 792 1926 citius
807 1886 1004 1940 pustulae
1026 1885 1076 1926 ad
1100 1887 1410 1937 maturitatem,
1429 1892 1557 1941 atque
1576 1876 1765 1958 ffifflffispe-

95 1952 267 1992 morbus
299 1953 351 1993 ad
386 1954 516 1993 finem
557 1953 817 2007 perducitur.
879 1954 950 1993 Ita
988 1954 1035 1993 in
1073 1954 1210 2008 speeie
1250 1954 1333 1994 ista
1372 1956 1557 2008 regulari
1576 1960 1649 1997 cies,
1663 1966 1751 1991 tanto

95 2020 365 2061 Variolarum
387 2022 704 2062 Confluentium
729 2035 835 2074 quae
862 2036 976 2062 anno
1005 2022 1115 2063 1667
1143 2022 1336 2075 ingressa
1364 2028 1441 2073 est,
1468 2024 1557 2064 dies
1575 2011 1669 2076 {³3ss¹?
1678 2015 1758 2077 2¹1¹&

95 2087 344 2129 undecimus
379 2090 614 2130 maximum
646 2089 863 2130 adferebat
895 2090 1006 2130 ntae
1038 2090 1278 2140 discrimen,
1310 2105 1395 2146 quo
1428 2092 1557 2132 semel
1576 2090 1741 2120 maturita-

94 2157 247 2210 elapso,
279 2172 367 2198 non
404 2158 584 2211 amplius
619 2162 668 2198 ut
704 2157 935 2210 plurimum
973 2172 1098 2210 aegro
1133 2158 1415 2199 metuendum
1452 2164 1554 2200 erat.
1575 2138 1747 2205 &langior-

93 2225 147 2265 In
168 2226 357 2279 proxime
379 2226 572 2279 sequenti
594 2225 729 2279 specie
751 2225 946 2266 anomala
968 2225 1288 2266 Cous-luentium
1306 2241 1412 2280 quac
1433 2227 1556 2268 initio
1575 2217 1761 2291 Ξὲἓίῗυξθῑ·

93 2294 195 2333 anni
226 2294 338 2335 1670
360 2299 590 2347 coeperunt
617 2292 829 2343 invadere,
856 2307 982 2347 aeger
1013 2293 1080 2334 die
1109 2293 1273 2334 decimo
1305 2299 1469 2348 quarto,
1492 2296 1558 2336 vel
1705 2285 1711 2291 ¹

92 2360 146 2401 ad
176 2366 414 2402 extremum
452 2362 615 2402 decimo
647 2361 840 2416 septimo,
872 2361 1055 2402 maxime
1088 2361 1420 2415 periclitabatur,
1453 2378 1556 2417 quos

92 2429 127 2470 si
148 2444 270 2483 aeger
291 2430 563 2484 superaverit,
587 2430 725 2470 salvus
754 2430 929 2470 omnino
958 2435 1061 2480 erat,
1084 2444 1161 2470 1160
1192 2444 1433 2484 quenquam
1460 2437 1556 2486 post

89 2495 205 2538 hunc
237 2498 349 2538 diem
381 2497 433 2538 ab
465 2498 544 2538 hoc
571 2497 720 2538 morbo
748 2498 1055 2551 interemptum
1085 2497 1293 2538 hactenus
1325 2498 1554 2542 observavi.

90 2566 149 2606 At
174 2580 270 2607 vero
300 2566 345 2606 in
372 2566 451 2607 hae
483 2566 618 2620 specie
644 2566 978 2616 Confluentium,
1002 2579 1127 2619 aeger
1157 2566 1285 2606 etiam
1316 2572 1410 2620 post
1442 2568 1555 2609 diem

89 2633 335 2675 vicesimum
356 2634 756 2684 contrucidabatiu·;
788 2648 1100 2688 nonnunquam
1128 2639 1171 2675 et
1192 2634 1227 2674 si
1247 2636 1555 2679 convalesceret

93 2702 216 2756 (quae
242 2717 474 2756 paucorum
495 2717 583 2743 sors
605 2703 723 2755 erat,)
748 2717 836 2743 non
853 2707 1025 2742 tantum
1046 2702 1176 2743 tibiae
1196 2702 1553 2756 intumescebant,

95 2771 223 2824 (quod
252 2771 423 2825 quidem
451 2771 496 2811 in
522 2771 705 2812 Variolis
729 2771 1054 2812 Confluentibus
1084 2771 1320 2826 quibusque
1349 2772 1553 2816 familiare

134 2882 148 2895 v
171 2881 392 2910 eae-deminae.
407 2882 634 2910 ..riderenlmu
650 2902 671 2909 ..
688 2878 785 2918 aliae]
891 2883 909 2895 W
939 2878 1035 2918 1673]
1066 2878 1117 2908 Sic
1143 2890 1213 2919 sup.
1241 2890 1266 2909 c.
1299 2881 1323 2910 l.
1353 2883 1366 2918 ξ
1399 2883 1435 2915 ·i;
1468 2883 1551 2913 male

91 2923 191 2951 eadem
208 2924 265 2952 isla
285 2945 292 2951 .
308 2945 314 2951 .
333 2929 490 2953 .—re!11r.
510 2946 515 2952 .
535 2947 540 2953 .
559 2924 620 2952 alia
639 2922 685 2952 ed.
704 2923 765 2953 713.
853 2922 944 2957 166³,
963 2922 1030 2951 edd.
1050 2923 1110 2954 76.
1129 2924 1190 2952 ¹85.
