1985 3308
426 166 508 206 170
828 166 1084 208 THOMAE
1118 167 1461 208 SYDENHAM

235 284 392 314 stzxv.
424 270 552 313 batur
574 273 718 326 pestis,
741 273 858 315 nullo
879 274 967 314 fere
996 288 1084 315 non
1110 274 1177 316 die
1206 276 1296 329 ejus
1317 275 1516 328 contagio
1544 274 1687 325 afflati,
1710 274 1814 315 dum
1833 270 1880 314 in

221 327 406 402 {Eg-‘323²‘
425 340 558 381 triviis
588 347 869 392 versarentur,
900 342 1172 396 inopinantes
1209 343 1387 384 extincti
1419 347 1533 393 sunt,
1569 342 1679 383 nihil
1708 355 1880 396 prorsus

219 439 291 458 rum
304 429 407 459 inimi-
426 408 527 450 mali
565 410 900 463 praesentientes
917 427 928 461 3
969 425 1080 461 cum,
1121 411 1195 452 ubi
1235 411 1409 452 morbus
1449 411 1585 465 magis
1627 411 1879 460 adoleverat,

220 472 402 553 fgszugnqffi]
425 477 654 528 neminem,
675 478 758 518 nisi
778 478 895 519 febre
917 484 1044 532 atque
1069 479 1161 519 aliis
1192 479 1487 532 symptomatis
1512 478 1879 532 praecedentibus,

217 557 278 587 bus
288 557 403 605 pgndqt
425 560 616 599 unquam
636 547 884 599 prostravit:
918 561 969 587 ex
990 560 1072 599 quo
1095 546 1263 587 abunde
1290 547 1525 596 conficitur,
1546 546 1745 587 morbum
1765 546 1882 587 hunc

219 605 406 682 ἓῧξέζζξὶῗὲἑο
425 614 471 654 in
510 614 609 667 ipsis
645 613 915 654 incunabulis
947 614 1083 667 magis
1119 614 1342 654 efferatum
1375 619 1502 668 atque
1544 619 1718 654 acutum
1751 613 1881 654 fuisse

219 695 378 726 Probatur
424 696 551 736 quam
578 687 672 736 post
702 682 921 735 principia,
953 682 1051 722 licet
1084 682 1300 735 pauciores
1328 682 1465 735 prima
1495 681 1582 722 acie
1609 681 1880 735 jugulaverit,

216 738 373 820 Ξζξέζξῖᾞῐ
423 755 547 791 aucto
572 751 662 803 jam
683 750 841 790 scilicet
867 763 991 802 quem
1012 749 1198 790 habebat
1219 749 1264 789 in
1292 749 1482 790 humana
1506 763 1682 802 corpora
1700 749 1879 789 influxu.

216 823 403 862 Dysenteri-
428 817 507 871 [7.]
547 818 603 857 In
634 817 899 870 Dyscnteriis
929 817 1099 870 pariter,
1137 816 1188 856 de
1222 816 1375 870 quibus
1406 817 1496 871 jam
1529 816 1708 869 agimus,
1739 816 1882 857 omnia

215 875 314 896 arum.
419 885 651 925 universim
683 890 969 938 symptomata
999 884 1206 925 atrociora
1237 884 1314 924 sub
1346 885 1482 938 primo
1518 884 1657 925 morbi
1686 883 1882 938 ingressu

419 953 748 1006 comparebant:
782 958 823 993 et
848 953 960 1003 licet,
983 952 1018 992 si
1043 952 1097 993 ad
1125 966 1350 1006 aegrorum
1380 966 1607 993 numerum
1635 952 1879 1006 respexeris,

419 1020 546 1060 latius
576 1020 714 1061 indies
740 1020 902 1060 malum
929 1025 1129 1073 serperet,
1153 1020 1287 1061 donec
1317 1020 1493 1061 tandem
1521 1019 1574 1060 ad
1600 1023 1761 1059 statum
1787 1032 1880 1072 per-

417 1088 614 1139 venisset,
655 1088 702 1128 in
743 1102 826 1142 quo
867 1102 918 1129 ex
967 1089 1246 1142 consequenti
1284 1088 1427 1142 plures
1476 1087 1712 1128 interibant
1753 1101 1881 1140 quam

417 1156 594 1197 ineunte
629 1155 778 1196 morbo
791 1172 803 1206 ;
846 1160 1132 1210 symptomata
1171 1160 1319 1196 tamen
1360 1155 1438 1196 sub
1473 1155 1598 1196 initio
1638 1154 1881 1195 saeviebant

416 1224 552 1277 magis
585 1239 712 1278 quam
742 1224 789 1264 in
824 1229 952 1274 statu,
989 1238 1037 1265 ac
1066 1224 1204 1264 multo
1238 1223 1377 1264 adhuc
1407 1222 1544 1276 magis
1575 1236 1704 1275 quam
1732 1221 1778 1262 in
1809 1221 1880 1262 de-

416 1292 657 1342 clinatione,
690 1296 732 1332 et
763 1292 938 1332 caeteris
968 1292 1141 1346 paribus
1172 1292 1314 1345 plures
1344 1305 1420 1345 pro
1448 1304 1672 1344 aegrorum
1701 1303 1881 1330 numero

588 1367 746 1410 ’Ἑλλαβε
766 1368 964 1415 πορφύρεος
983 1368 1136 1408 θάνατος,
1159 1369 1211 1402 καὶ
1230 1370 1331 1414 μοῖρα
1351 1365 1502 1414 κραταιή.

591 1428 627 1468 [i.
644 1440 668 1459 e.
686 1430 771 1459 fllors
787 1432 891 1468 rapuit
907 1432 1044 1466 violenta,
1062 1434 1091 1459 et
1107 1431 1299 1459 ineluctabile
1307 1427 1566 1469 saltam—Hom.
1584 1430 1621 1459 Il.
1640 1440 1665 1458 ε.
1681 1427 1750 1468 83.]

416 1499 538 1539 Adde
561 1499 673 1553 quod
695 1513 777 1553 quo
798 1499 958 1539 diutius
979 1499 1273 1552 perseverabat
1295 1499 1481 1550 morbus,
1500 1513 1549 1540 eo
1570 1499 1706 1552 magis
1726 1498 1879 1539 humo-

416 1567 514 1607 ralis
531 1567 660 1607 etiam
673 1566 895 1607 videbatur
901 1584 913 1616 ;
938 1567 1055 1607 verbi
1073 1568 1221 1620 gratia,
1237 1568 1373 1620 primo
1391 1581 1473 1621 quo
1486 1567 1640 1607 invasit
1657 1571 1878 1617 autumno,

417 1649 543 1688 quam
561 1634 731 1688 plm‘imi
753 1635 880 1674 nullis
902 1635 1076 1675 omnino
1093 1635 1400 1689 dejectionibus
1421 1635 1771 1685 molestabantur,
1793 1638 1878 1675 tor-

415 1702 583 1742 minum
613 1716 710 1742 vcro
741 1702 853 1756 quod
894 1707 1055 1756 spectat
1097 1703 1376 1753 atrocitatem,
1408 1703 1537 1743 febris
1577 1703 1878 1752 intensionem,

417 1770 602 1810 subitam
622 1770 775 1810 virium
791 1771 1132 1823 prostrationem,
1151 1771 1315 1824 aliaque
1333 1775 1633 1824 symptomata,
1651 1770 1878 1823 insequen-

415 1838 525 1878 tium
557 1852 766 1878 annorum
794 1839 1070 1892 Dysenterias
1098 1839 1226 1892 longo
1251 1839 1473 1879 intervallo
1501 1844 1596 1892 post
1622 1852 1666 1878 se
1692 1838 1877 1891 reliquit.

418 1905 622 1947 Quinimo
643 1907 923 1960 Dysenteriae
940 1921 1036 1946 cum
1059 1906 1380 1960 dejectionibus,
1400 1920 1506 1959 quae
1522 1906 1682 1960 primae
1697 1906 1879 1946 incesse—

416 1973 534 2024 bant,
556 1973 762 2027 principio
802 1974 936 2027 magis
964 1974 1190 2027 spirituoso
1219 1988 1266 2014 ac
1288 1974 1434 2015 subtili
1455 1973 1710 2014 videbantur
1732 1973 1878 2014 inhae-

353 2070 363 2078 .
416 2055 519 2091 rere,
544 2056 670 2095 quam
693 2056 799 2094 quae
826 2042 919 2082 illas
942 2042 1231 2095 sequebantur
1243 2059 1254 2092 ;
1286 2042 1447 2083 etenim
1477 2042 1523 2082 in
1543 2041 1690 2095 primis
1711 2042 1878 2096 Dysen-

415 2109 532 2149 teriis
565 2114 607 2150 ct
639 2114 817 2150 conatus
848 2115 890 2150 et
922 2110 976 2150 acl
997 2110 1277 2151 desidendum
1307 2110 1489 2150 irritatio
1525 2110 1704 2163 majores
1741 2114 1876 2160 erant,

415 2182 510 2217 tum
537 2178 665 2218 etiam
690 2177 997 2231 frequentiores
1010 2194 1022 2228 3
1053 2178 1169 2231 ipsae
1196 2192 1294 2218 vero
1328 2177 1597 2231 dejectiones,
1621 2182 1877 2218 stercorosae

414 2246 671 2298 pracsertim,
699 2251 740 2286 et
773 2246 971 2296 minores,
994 2251 1036 2286 et
1066 2246 1202 2299 magis
1232 2246 1478 2286 insolentes.
1536 2245 1704 2287 Quibus
1735 2250 1877 2286 autem

417 2313 618 2366 gradibus
639 2313 812 2355 morbus
842 2314 887 2354 in
909 2327 1064 2368 genere
1092 2328 1135 2354 se
1156 2314 1378 2367 promovit,
1400 2313 1551 2354 iisdem
1582 2313 1711 2354 etiam
1737 2313 1876 2354 immi-

416 2380 662 2422 nuebantur
681 2382 889 2432 tormina3
922 2381 1178 2435 dejectiones
1195 2395 1292 2422 vero
1314 2381 1449 2434 magis
1466 2386 1723 2421 stercorosae
1740 2385 1876 2431 erant,

417 2449 550 2490 donec
581 2450 769 2501 tandem,
800 2450 1025 2492 fatiscente
1055 2450 1288 2504 epidemica
1317 2450 1398 2491 hac
1429 2450 1762 2500 Constitutione,
1789 2454 1876 2490 tor-

416 2516 533 2557 mina
574 2517 642 2557 vix
685 2518 1016 2571 perciperentur,
1061 2518 1400 2572 dejectionesque
1443 2522 1700 2558 stercorosae
1740 2516 1876 2570 magis

417 2589 558 2624 essent
580 2599 706 2638 quam
726 2599 936 2626 mucosae.

218 2669 389 2700 emmo.
478 2650 559 2705 [8.]
599 2653 660 2693 Ut
701 2653 755 2693 ad
790 2653 998 2694 curativas
1037 2653 1318 2694 indicationes
1357 2651 1533 2693 tandem
1572 2651 1873 2705 procedamus:

212 2716 401 2767 1535&ss
418 2731 515 2758 cum
536 2721 649 2760 varia
670 2735 777 2773 quae
807 2721 907 2761 huic
937 2720 1085 2761 morbo
1107 2721 1308 2761 accidunt
1339 2724 1622 2774 symptomata
1649 2719 1876 2772 diligenter

215 2770 383 2842 ξξίἶῇξὲὲ
419 2799 466 2825 ac
487 2792 652 2827 mature
672 2802 839 2828 mecum
870 2789 1161 2842 pensitassem,
1184 2788 1345 2829 febrem
1373 2801 1471 2828 eum
1499 2801 1588 2828 esse
1614 2787 1695 2840 (sui
1716 2786 1874 2826 scilicet

215 2854 315 2926 {ft-³¹¹
332 2855 381 2903 131-
419 2854 611 2905 generis,)
655 2855 701 2894 in
740 2856 946 2896 intestina
990 2856 1269 2897 introversam
1320 2855 1592 2909 deprehendi,
1634 2855 1754 2908 cujus
1795 2866 1873 2906 ope

216 2906 394 2969 tia-¹222?-
418 2920 616 2962 humores
657 2923 781 2964 calidi
821 2929 948 2977 atque
989 2938 1104 2965 acres
1139 2925 1185 2965 in
1219 2937 1358 2964 massa
1398 2922 1632 2976 sanguinea
1667 2920 1871 2970 contenti,
