1985 3308
250 126 775 171 OBSERVATIONUM
806 126 1187 168 MEDICARUM
1222 131 1297 165 III.
1323 136 1356 167 2.
1453 132 1534 172 133

75 235 159 278 His
188 236 312 279 verok
337 251 425 278 non
455 235 737 285 obstantibus,
763 235 798 276 si
823 235 889 276 vel
914 235 1142 276 minimum
1173 238 1375 292 suspicari
1409 238 1533 280 liceat
1552 253 1738 285 virumn:

73 305 267 346 Variolas
306 319 403 346 mox
443 309 714 357 erumpentes
754 318 777 344 e
818 303 1137 345 Confluentium
1178 321 1334 359 genere
1368 307 1533 348 futuras
1552 296 1739 370 ξξζζζῖξῐ

72 387 176 422 esse,
197 374 302 414 utile
332 387 502 427 prorsus
530 372 610 413 erit
636 377 686 412 ut
712 385 799 412 non
826 373 963 413 solum
993 373 1164 426 sanguis
1191 389 1318 428 quam
1347 376 1534 429 primum
1578 383 1710 413 ’67-’69.

71 442 280 492 mittatur,
299 442 371 482 sed
393 446 435 482 et
457 442 684 482 emeticum
706 441 966 494 propinetur,
989 441 1042 481 ob
1064 443 1250 483 rationes
1272 443 1354 484 alio
1376 444 1421 484 in
1443 444 1534 485 loco

78 509 273 564 [Dissert.
295 510 431 562 Epist.
459 511 509 564 §Q
533 511 601 559 30,
624 508 715 564 46]
739 508 832 549 fuse
854 508 1064 549 dicendas.

135 577 242 632 [37.]
280 578 482 628 Tandem,
505 582 553 617 ut
581 577 633 617 ad
662 577 890 617 secundam
910 576 1026 617 illam
1053 577 1355 619 indicationem
1382 579 1533 633 pedem

67 659 401 699 promoveamUS,
438 645 490 686 ad
528 650 696 698 tempus
733 645 980 696 expulsionis
1019 647 1379 687 accommodatam
1394 664 1406 697 3
1448 662 1531 700 quo

66 718 256 767 tempore
288 714 465 754 materia
493 719 684 767 separata
713 727 937 766 parvorum
969 713 1253 765 abscessuum,
1277 715 1362 755 sive
1382 721 1529 768 pustu-

66 780 216 832 larum,
234 795 311 835 ope
329 781 581 822 amandatiu·
597 786 723 834 atque
745 779 995 834 expellitm·¹,
1013 795 1166 834 nempe
1187 782 1292 822 illud
1312 783 1380 823 hic
1402 797 1530 837 agen-

67 849 170 890 dum
192 856 267 901 est,
284 856 333 891 ut
354 851 548 904 pustulae
570 850 711 890 debito
732 849 857 889 modo
879 849 1182 900 sustineantur,
1201 865 1283 904 quo
1298 852 1379 892 rite
1401 858 1529 906 atque

66 917 214 958 ordine
235 917 489 958 destinatam
510 917 731 971 periodum
752 922 1044 970 assequantur.

130 984 237 1039 [38.]
279 985 397 1025 Sicut
433 985 575 1039 itaque
607 999 732 1038 supra
768 984 868 1025 satis
908 986 971 1037 (ut
1002 985 1178 1038 opinor,)
1215 991 1431 1028 ostensum
1463 992 1526 1029 est
1546 997 1706 1039 Regimen

62 1052 269 1106 imprimis
289 1054 571 1107 periculosum
593 1067 682 1094 esse
704 1053 738 1092 si
759 1067 883 1106 aeger
902 1055 1115 1106 praesenti
1134 1054 1263 1106 febre,
1282 1061 1324 1096 at
1345 1058 1525 1110 pustulis
1544 1042 1678 1073 calidius

1543 1094 1605 1114 non
1622 1090 1692 1116 tan-

62 1120 130 1161 vix
166 1121 268 1161 dum
309 1121 621 1174 apparentibus,
653 1121 700 1160 in
729 1121 819 1174 ipso
853 1122 1089 1162 sem-etionis
1119 1127 1307 1176 tempore
1343 1124 1524 1165 nimium
1543 1132 1611 1157 tum
1626 1139 1728 1159 secre-

62 1189 225 1229 calefiat
239 1206 249 1239 5
280 1189 341 1229 ita
368 1189 495 1229 etiam
523 1203 611 1229 11011
630 1188 785 1229 minori
805 1189 990 1242 periculo
1016 1190 1143 1242 plena
1162 1204 1228 1231 res
1256 1196 1331 1241 est,
1355 1192 1389 1232 si
1409 1192 1523 1233 idem
1542 1176 1653 1252 gggffi's
1664 1173 1719 1203 sed

63 1257 207 1310 quovis
234 1256 371 1297 morbi
400 1262 590 1310 tempore
610 1257 696 1307 fiat,
719 1262 846 1309 atque
872 1257 944 1296 illo
974 1258 1220 1310 praesertim
1243 1260 1355 1312 quod
1375 1260 1428 1300 ad
1453 1275 1522 1301 ex·
1540 1257 1728 1306 morbum-

59 1324 264 1377 pulsionis
294 1324 466 1364 initium
495 1324 643 1377 vergit,
676 1324 815 1364 crudis
846 1324 983 1364 adhuc
1015 1326 1293 1367 existentibus
1325 1329 1520 1381 pustulis.
1539 1309 1616 1371 {iiiiii
1626 1306 1728 1377 {ntan-

62 1391 264 1433 Quamvis
295 1392 409 1432 enim
441 1392 625 1445 sanguiS,
647 1397 817 1445 peracta
841 1393 932 1446 jam
963 1394 1238 1446 separatione,
1261 1400 1387 1448 atque
1417 1396 1521 1436 rele-
1540 1387 1657 1459 ‘clfflsge

60 1464 159 1512 gata
170 1459 223 1499 ad
235 1473 430 1500 carnosas
443 1466 582 1514 partes
596 1461 784 1510 materia,
799 1460 850 1500 ab
867 1460 1101 1501 intestinom
1117 1462 1308 1502 tumultu
1320 1477 1522 1516 magnam
1637 1453 1645 1461 ’

56 1534 221 1582 partem
241 1529 443 1570 immunis
466 1529 531 1579 sit,
549 1529 721 1569 interim
741 1535 887 1570 tamen
907 1534 1029 1570 tener
1049 1530 1187 1571 adhuc
1207 1545 1449 1586 recensque,
1472 1547 1520 1573 ac

0 1643 2 1655 Ι
57 1596 126 1637 vix
145 1611 254 1638 novo
275 1602 389 1638 statu
410 1602 452 1638 et
474 1597 593 1651 quasi
613 1601 779 1637 teoetura
799 1597 988 1648 indutus,
1011 1597 1194 1650 εὐπειθής
1219 1605 1293 1650 est,
1315 1600 1519 1655 facileque

0 1657 1 1664 ἵ
56 1665 98 1706 vi
136 1666 283 1707 caloris
309 1666 525 1707 immodici
554 1667 838 1720 undecunque
869 1668 1116 1720 appellentis
1156 1669 1359 1719 afficitur3
1391 1676 1519 1724 atque

56 1734 160 1776 adeo
191 1735 400 1776 lexissimo
435 1741 653 1776 momento
687 1735 877 1776 irritatus
912 1736 1128 1776 flammam
1160 1737 1356 1791 concipit,
1393 1744 1435 1779 et
1472 1740 1518 1780 in

55 1817 208 1844 novam
229 1803 520 1844 ebullitionem
539 1804 732 1858 proclivis
758 1810 845 1854 est3
879 1819 985 1857 quae
1007 1805 1178 1858 quidem
1198 1820 1307 1847 nova
1327 1807 1518 1850 ebullitio

56 1885 157 1922 non,
187 1872 252 1912 uti
275 1872 389 1925 prior
420 1873 503 1923 illa,
527 1873 835 1926 separationem
862 1873 952 1927 jam
983 1874 1169 1925 molitiu',
1204 1875 1334 1928 (illam
1363 1878 1518 1931 quippe

55 1944 269 1992 peractam
291 1940 594 1993 supponimuS,)
619 1954 764 1980 verum
784 1941 896 1980 illius
919 1941 1010 1982 loco
1030 1957 1118 1982 non
1138 1948 1308 1985 tantum
1330 1951 1515 2000 sympto-

0 2006 1 2009 ’
57 2012 172 2048 mata
193 2007 382 2060 superius
409 2014 643 2048 memorata
663 2009 829 2058 excitat,
851 2009 924 2049 sed
952 2015 994 2050 et
1015 2016 1206 2064 coeptam
1226 2026 1301 2065 per
1324 2015 1515 2066 pustulas

56 2142 168 2170 rationi
197 2146 420 2170 consentaneum
447 2143 515 2175 erit,
542 2146 574 2170 ut
600 2142 756 2170 commodis
814 2142 899 2177 situs,
931 2147 960 2171 et
987 2144 1066 2172 inter
1091 2145 1212 2181 genium
1238 2147 1398 2183 pristinum
1429 2158 1515 2187 quem

55 2185 231 2222 quibusdam
257 2185 406 2213 cardiacis
436 2185 477 2213 ad
497 2186 617 2213 eandem
636 2195 753 2222 promo·
814 2185 958 2222 deponere
975 2184 1044 2223 jam
1063 2191 1165 2223 paral,
1183 2198 1344 2227 nouumque
1359 2200 1443 2228 quem
1467 2195 1513 2221 in-

56 2227 179 2255 ventiam
211 2231 339 2256 utamur.
400 2227 487 2255 Haec
523 2232 621 2256 autem
657 2237 755 2256 eorum
814 2228 904 2256 (luere
938 2229 1042 2266 gestit,
1075 2231 1263 2264 constitutus,
1294 2242 1359 2260 cum
1394 2236 1516 2271 regredi

0 2272 2 2282 ¹
55 2270 182 2298 maxime
212 2271 341 2298 conditio
372 2271 499 2303 ridetur,
530 2271 581 2308 qui
611 2270 656 2298 vel
685 2280 754 2298 san-
815 2275 940 2308 nequeal
963 2275 994 2299 ut
1010 2272 1163 2309 antiquum
1180 2274 1322 2308 obtineat,
1340 2285 1514 2313 nequevero

53 2313 157 2350 guinis
180 2313 316 2341 missione
340 2313 478 2341 mulctati
493 2310 594 2350 suere,
618 2313 662 2341 rel
682 2314 753 2350 pin·
812 2323 886 2350 prae
923 2314 1028 2342 virium
1064 2313 1181 2352 defectu
1210 2318 1364 2354 progredi,
1396 2322 1514 2358 magnis

54 2355 176 2394 guiores
206 2355 250 2384 vel
284 2355 482 2393 phlegmatici
517 2359 595 2388 sunt,
628 2356 673 2384 rel
703 2357 755 2393 qui
813 2357 900 2393 quasi
915 2357 998 2384 ausis
1013 2354 1146 2389 ε>.1·(·ἱ(ιίἸ,1
1170 2362 1198 2386 et
1219 2369 1310 2397 aeger
1334 2361 1395 2390 vita
1411 2372 1510 2391 neees-
1531 2373 1571 2393 lu

55 2398 153 2426 morbo
177 2398 278 2436 aliquo
306 2408 399 2435 nuper
423 2399 525 2427 attriti
545 2396 685 2436 fuerunt,
711 2399 756 2427 vel
813 2400 1056 2437 sariojungitur.
1105 2400 1211 2438 Neque
1232 2403 1351 2431 interim
1374 2414 1456 2443 nego,
1480 2407 1509 2434 in
1530 2424 1582 2449 tan
1682 2432 1689 2437 ,

55 2440 180 2479 denique
205 2440 252 2478 (ut
277 2441 391 2479 reliqua
408 2441 566 2478 maistam)
593 2442 644 2478 qui
664 2451 755 2478 prae·
813 2442 876 2478 ipso
914 2443 1095 2479 empulsionis
1133 2447 1272 2480 tempore,
1303 2456 1358 2483 quo
1395 2440 1509 2478 secreta
1529 2431 1706 2493 ciditfflgsk-

54 2484 132 2512 senti
144 2484 327 2521 gomorrhaea
344 2487 397 2512 aut
419 2485 482 2513 alia
507 2484 610 2522 aliqua
628 2494 754 2513 evacua-
812 2485 939 2512 materia
969 2486 1010 2513 ad
1037 2488 1279 2522 suppurationem
1307 2491 1451 2525 pervenit,
1482 2493 1509 2520 si
1526 2505 1568 2535 Sis
1583 2483 1706 2544 „ah-id

55 2526 133 2554 tione
163 2526 309 2555 laborant.
356 2526 417 2554 llis
445 2531 474 2555 et
508 2528 665 2559 similibus,
696 2528 754 2555 uisi
812 2536 848 2555 ea*
871 2528 976 2565 quai-is
1003 2538 1092 2556 cansa
1113 2528 1203 2566 joras
1235 2531 1313 2558 intro
1346 2537 1507 2567 revocetur,
1527 2529 1593 2578 Ast
1671 2550 1690 2555 ··
1710 2529 1719 2538 ⁸

55 2569 260 2597 cardiacorum
281 2569 418 2606 beneficio
438 2570 591 2606 suppetias
601 2566 750 2606 stramem,
812 2570 932 2598 eandem
957 2580 1049 2608 aegro
1071 2576 1182 2599 certam
1201 2582 1298 2601 necem
1320 2572 1452 2611 inferre:
1477 2578 1510 2605 id
1525 2560 1586 2622 32⁹8
1595 2561 1651 2630 ‘3⁷²³'
1669 2560 1703 2579 ¹¹·

53 2612 178 2640 secretio
195 2621 248 2640 non
262 2612 550 2650 succedet,a1teoque
568 2622 619 2640 nec
634 2613 752 2649 eruptio
811 2613 890 2650 quod
912 2614 946 2641 ob
969 2623 1032 2641 eam
1055 2615 1146 2642 sulam
1167 2617 1364 2652 corruptelam
1385 2620 1507 2654 accidit,
1590 2615 1596 2621 ⁸

1585 2377 1717 2417 Magnis

50 2654 242 2692 pustularum
256 2651 394 2691 feliciter
406 2659 582 2693 peragetur.
597 2656 753 2693 arquibus
811 2665 898 2692 quam
922 2666 957 2684 em
979 2666 1034 2684 sua
1062 2659 1223 2686 secretione
1252 2659 1311 2687 sivi
1339 2662 1510 2698 acquisivit.

0 2717 2 2734 3
54 2705 213 2735 aegrorum
251 2698 391 2725 interitus
415 2695 514 2735 facite
550 2702 751 2736 consequetur.
816 2697 958 2731 Tandem,
976 2703 1007 2727 ut
1023 2700 1064 2727 ad
1078 2701 1236 2728 secundam
1254 2702 1303 2739 ‘¹5¹⁶-

55 2737 124 2768 Non
150 2739 230 2777 quod
253 2739 332 2775 (mea
357 2741 473 2778 quidem
494 2741 751 2778 sente11tiu‚)⁷m1-
857 2741 870 2761 k
896 2741 956 2769 His
983 2742 1252 2782 verm-dicendas]
1276 2753 1336 2774 om.
1355 2744 1423 2774 edd.
1445 2747 1509 2782 ‘66,

2 2782 3 2785 ’
55 2781 131 2820 ligni
158 2782 312 2820 quidpiam
343 2793 378 2811 ac
406 2784 543 2811 venenati
571 2784 676 2817 suli-xit,
703 2783 756 2811 sed
817 2782 879 2818 ³68,
896 2783 957 2813 ‘m

0 2834 2 2851 τ
55 2825 133 2862 quod
146 2826 271 2863 sanguis
293 2830 396 2863 coepta
416 2827 578 2854 mutatione
598 2827 645 2854 sui
669 2836 753 2854 reno—
860 2823 865 2842 ¹
887 2831 976 2864 atque
992 2825 1116 2866 e.rpell.]
1134 2837 1196 2857 om.
1213 2828 1283 2858 edd.
1303 2830 1365 2865 ⁵66,
1383 2830 1443 2862 '68.

0 2871 2 2892 ὲ
56 2868 200 2896 vationum
213 2868 341 2902 molitus,
355 2869 476 2897 eandem
488 2869 594 2906 nreqni
607 2873 732 2906 nequa-at
744 2881 754 2901 ,·
860 2873 879 2884 '⁸'
905 2868 1021 2908 uuest]
1041 2871 1092 2898 illo
1107 2869 1177 2900 add.
1195 2871 1264 2901 edd.
1283 2873 1345 2904 ¹66.
1367 2874 1428 2904 ’68.

0 2913 2 2939 t
56 2911 180 2948 sanguis
196 2911 270 2938 enim
295 2913 417 2939 nuncin
441 2912 570 2939 morbido
595 2915 675 2939 statu
699 2922 753 2948 po-
