1985 3308
398 140 482 180 516
807 140 1069 182 ΤΗΟΜΑΕ
1105 141 1444 182 SYDENHAM

198 255 250 284 DE
263 255 380 284 Fanni:
399 260 553 298 agmen
573 246 662 300 jam
682 247 729 286 in
750 252 977 300 conspectu
998 252 1074 287 est.
1137 247 1319 286 Posthac
1347 245 1533 285 eundem
1562 244 1720 285 lectulo
1745 258 1856 285 com-

208 297 367 369 Poggius
399 314 524 354 mitto
543 328 678 368 usque
706 314 758 354 ad
785 314 922 355 morbi
953 315 1081 354 finem
1095 331 1106 363 ς
1139 318 1182 353 at
1209 327 1298 353 non
1324 312 1515 366 pluribus
1544 312 1858 353 densioribusve

400 381 598 435 stragulis
629 387 887 436 coopertum,
911 387 983 421 aut
1014 380 1285 421 luculentiori
1315 380 1361 420 in
1392 380 1586 420 cubiculo
1614 380 1708 420 foco
1737 380 1859 420 illum

400 449 460 489 uti
482 450 587 499 sino,
611 464 738 503 quam
761 449 925 502 quibus,
949 462 1074 488 sanus
1096 461 1194 488 cum
1215 452 1336 497 esset,
1359 447 1519 487 solebat
1539 447 1616 487 uti.
1677 447 1860 487 Interim

398 518 618 558 cerevisiae
645 517 862 566 tenuioris,
895 516 1155 569 aliorumque
1182 515 1396 568 liquorum
1427 515 1769 568 refrigerantium
1791 515 1861 569 qui

399 599 524 638 aegro
538 591 635 625 sunt
650 584 942 637 acceptissimi,
950 597 1077 623 usum
1089 583 1307 623 liberalem
1321 583 1517 623 concedo.
1555 583 1634 636 [7.]
1657 582 1859 624 Quando-

399 653 569 705 quidem
590 666 700 701 vero,
717 666 805 691 non
826 651 1023 691 obstante
1043 651 1109 691 vel
1129 650 1483 703 temperatissimo
1498 650 1717 703 regimine,
1736 664 1861 704 aeger

398 720 673 761 nihilominus
694 720 740 759 in
761 720 932 769 calores,
957 718 1115 768 deliria,
1139 723 1181 758 et
1209 719 1408 758 molestas
1429 718 1756 771 inquietudines,
1777 718 1859 759 fre--

399 793 578 840 quenter
599 787 779 837 incidet3
804 786 1085 840 hypnoticum
1105 785 1343 839 praescribo
1365 785 1542 838 singulis
1562 785 1768 836 noctibus,
1787 785 1861 826 sed

397 855 523 907 paulo
539 854 771 907 temporius
789 868 917 907 quam
932 868 1009 907 pro
1024 858 1195 906 recepto
1211 867 1342 903 more,
1357 853 1611 893 sumendum
1618 869 1630 902 ς
1659 853 1860 906 quoniam

396 923 441 962 in
462 923 542 963 hoc
565 922 714 963 morbo
735 922 857 977 quasi
883 935 1157 976 paroxysmus
1186 921 1371 974 quidam,
1395 921 1478 961 sive
1507 920 1769 961 exacerbatio
1793 935 1859 961 ca-

396 990 494 1030 loris
525 996 567 1030 et
597 990 916 1043 inquietudinis,
941 989 1128 1042 quotidie
1165 989 1242 1029 sub
1274 1003 1490 1042 vesperam
1521 989 1608 1029 fere
1636 989 1859 1041 reperitur.

397 1058 518 1099 Quae
542 1057 610 1098 hic
640 1057 823 1098 traditur
842 1057 1083 1107 methodus,
1106 1061 1148 1097 et
1174 1056 1228 1096 ad
1254 1056 1592 1110 praecavendum
1619 1057 1736 1109 justo
1755 1057 1859 1097 ube·

395 1126 548 1166 riorem
576 1126 846 1166 Variolarum
875 1130 1144 1178 proventum,
1167 1124 1300 1176 (unde
1330 1124 1566 1164 maximum
1596 1138 1722 1177 aegro
1750 1124 1859 1178 peri-

395 1194 538 1233 culum
568 1193 819 1243 intentatur,
845 1198 895 1233 ut
927 1207 1051 1246 supra
1082 1192 1234 1244 docui,)
1269 1196 1311 1232 et
1343 1192 1396 1232 ad
1426 1191 1738 1232 conciliandum
1766 1197 1860 1232 tum

393 1261 708 1301 incrementum
732 1261 925 1314 pustulis,
947 1260 1022 1301 ubi
1041 1260 1132 1313 jam
1161 1273 1308 1300 omnes
1334 1259 1525 1310 exierint,
1552 1264 1646 1300 tum
1673 1259 1860 1300 debitam

394 1333 542 1382 postea
561 1329 903 1378 maturationem,
927 1327 1366 1369 accommodatissima
1387 1332 1463 1367 est.

461 1397 540 1451 [8.]
578 1398 798 1447 Attamen,
821 1397 949 1450 (quod
970 1411 1070 1437 sane
1093 1397 1325 1437 dolendum
1347 1402 1422 1447 est,
1446 1410 1542 1437 cum
1563 1396 1861 1437 florentissima

395 1465 617 1505 hominum
640 1470 754 1504 aetas
775 1464 854 1504 hac
875 1464 962 1504 fere
991 1469 1130 1517 strage
1153 1464 1372 1517 deleatur,)
1397 1469 1492 1504 tum
1519 1463 1584 1504 his
1606 1478 1714 1519 quae
1740 1478 1859 1517 prae-

397 1532 597 1585 cepimus,
614 1537 707 1571 tum
729 1532 818 1571 aliis
840 1531 1037 1572 omnibus
1055 1545 1161 1585 quae
1177 1532 1382 1572 hactenus
1398 1531 1559 1572 invenit
1575 1532 1658 1572 Ars
1675 1532 1859 1582 Medica,

396 1600 611 1653 praesidiis
632 1599 739 1639 nihil
760 1599 1078 1652 proficientibus
1091 1616 1103 1649 3
1127 1613 1430 1652 saepenumero
1451 1613 1587 1651 aeger,
1608 1599 1707 1639 licet
1727 1613 1860 1652 usque

398 1682 446 1708 eo
468 1682 555 1708 non
577 1667 807 1707 admodum
830 1667 1104 1719 periclitetur,
1126 1672 1272 1706 tamen
1292 1667 1358 1706 vel
1377 1666 1601 1707 undecimo
1627 1668 1754 1720 (quod
1779 1681 1861 1707 usu

397 1735 541 1787 vcnit,)
571 1735 649 1784 die,
671 1735 738 1775 vel
769 1734 850 1774 alio
879 1734 1019 1787 aliquo
1049 1734 1225 1774 istorum
1257 1748 1361 1787 quos
1381 1734 1504 1774 variis
1535 1734 1753 1787 speciebus
1774 1735 1859 1775 Va-

398 1803 598 1843 riolarum
616 1802 935 1843 Confluentium
957 1816 1034 1842 ceu
1049 1801 1184 1854 magis
1200 1802 1348 1842 fatales
1370 1801 1592 1854 assignavi,
1609 1802 1860 1843 vehemente

399 1870 534 1910 Febre
556 1870 789 1923 corripitur,
806 1884 894 1909 una
914 1883 1013 1910 cum
1035 1869 1308 1909 suffocatione
1330 1874 1371 1909 et
1388 1869 1621 1922 jactatione
1641 1869 1860 1922 inquietis-

399 1938 517 1987 sima,
550 1943 592 1978 et
624 1938 675 1977 de
706 1942 828 1977 tanta
863 1951 935 1990 spe
967 1936 1164 1977 decidens
1198 1935 1336 1976 subito
1371 1936 1564 1986 moritur,
1594 1936 1786 1977 attonitis
1818 1942 1861 1977 et

400 2005 670 2059 stupentibus
701 2004 858 2055 amicis,
891 2004 962 2057 qui
993 2004 1047 2044 ad
1076 2004 1156 2044 hoc
1186 2018 1321 2057 usque
1355 2009 1565 2057 punctum
1596 2017 1721 2058 aegro
1751 2004 1862 2046 bene

400 2073 713 2113 ominabantur.
786 2071 839 2112 In
874 2072 1110 2125 frangendo
1145 2071 1369 2125 improviso
1403 2072 1483 2112 hoc
1513 2072 1652 2112 morbi
1685 2072 1860 2126 impetu,

401 2154 496 2180 cum
517 2140 632 2193 prius
659 2140 694 2179 is
722 2140 865 2180 omnia
891 2139 1036 2180 fecerit
1059 2139 1212 2193 quibus
1239 2139 1477 2193 praecaveri
1498 2145 1708 2193 potuerat,
1729 2139 1860 2180 maxi-

400 2223 570 2262 mopere
603 2209 826 2249 desudabit
857 2209 1067 2249 Medicus.
1131 2209 1272 2250 Quem
1304 2210 1349 2249 in
1379 2210 1510 2250 finem
1546 2209 1653 2250 serio
1682 2223 1860 2263 perpen-

401 2276 588 2316 dendum
619 2282 695 2326 est,
731 2277 911 2317 Febrem
941 2277 1058 2316 illam
1089 2276 1364 2317 adventitiam
1395 2291 1503 2330 quae
1538 2277 1763 2318 undecimo
1795 2277 1861 2317 die

401 2343 582 2384 Variolis
605 2344 930 2385 Confluentibus
950 2344 1191 2385 laborantes
1214 2345 1416 2396 adoritur,
1438 2345 1637 2386 morbum
1661 2359 1750 2386 esse
1770 2350 1861 2385 tam

401 2411 453 2452 ab
475 2412 574 2465 ipsis
595 2412 789 2463 Variolis,
813 2427 940 2466 quam
967 2413 1018 2453 ab
1040 2413 1122 2453 ista
1147 2413 1264 2453 febre
1286 2427 1391 2466 quae
1415 2413 1481 2454 vel
1511 2427 1655 2454 earum
1676 2413 1860 2466 eruptio-

400 2493 499 2519 nem
520 2480 747 2533 praecedit,
768 2481 834 2520 vel
861 2480 1007 2533 primis
1035 2495 1346 2534 nonnunquam
1369 2480 1514 2521 diebus
1536 2495 1561 2521 a
1585 2481 1860 2534 phlegmona-

199 2556 381 2606 lssebfisva-
400 2561 496 2586 rum
527 2549 862 2588 inflammatione
894 2548 1096 2601 gignitur,
1128 2562 1298 2601 prorsus
1330 2549 1565 2589 diversum:
1608 2549 1716 2589 nihil
1746 2549 1861 2589 enim

198 2600 380 2633 ”⁰¹¹⁵Cffl'*
402 2623 465 2658 est
497 2619 612 2659 aliud
643 2634 767 2673 quam
800 2619 946 2660 Febris
977 2619 1167 2669 Putrida,
1193 2619 1359 2672 proprie
1391 2619 1515 2669 dicta,
1537 2619 1755 2672 particulis
1784 2634 1860 2673 pu-

198 2642 369 2674 fluentibus

202 2686 278 2714 1¹¹¹¹⁰
294 2687 364 2744 (1ῐο,
401 2686 682 2726 trescentibus
709 2692 751 2727 et
777 2701 801 2727 a
827 2687 1010 2740 pustulis
1036 2688 1126 2740 jam
1149 2687 1310 2740 adeptis
1334 2686 1625 2727 maturitatem
1654 2701 1775 2727 suam
1794 2686 1859 2726 in-

196 2738 382 2802 Ξζζξὲζζῧίζ
402 2753 598 2805 quinatis,
635 2754 680 2794 111
716 2755 968 2807 sanguinem
1008 2754 1085 2806 (uti
1121 2755 1235 2806 dixi)
1274 2754 1474 2807 resorptis
1510 2759 1651 2795 ortum
1687 2753 1858 2803 debens,

197 2813 286 2843 ‘sida-
401 2835 575 2873 quarum
617 2822 743 2862 noxia
783 2828 824 2862 et
860 2823 1054 2863 Naturae
1094 2822 1265 2863 inimica
1302 2822 1505 2875 qualitate
1546 2835 1670 2875 aeger
1710 2821 1858 2862 eodem

399 2893 588 2940 tempore
610 2895 651 2929 et
673 2890 853 2942 pessima
875 2890 1008 2931 Febre
1037 2896 1079 2930 et
1100 2903 1262 2930 veneno
1283 2889 1513 2930 lacessitur.
1582 2889 1660 2942 [9.]
1697 2888 1857 2930 Quam-
