1985 3308
716 148 888 186 INDEX
916 148 1124 186 RERUM.

119 252 156 283 -id
184 262 286 293 genus
308 253 585 290 inflammationes,
609 262 667 283 sua
689 256 801 293 sponte
823 252 888 283 dis·

123 295 244 331 siliunt,
261 297 331 332 110,
346 298 401 326 111
417 309 423 332 ς
441 297 474 326 in
487 295 767 326 intermittentium
779 299 891 331 castra,

122 339 262 369 maxime
277 344 431 369 autumno
454 339 621 378 pendente,
638 338 788 377 migrant,
806 339 869 367 512
884 349 890 372 ς

122 379 218 411 febris
234 381 326 411 nulla
347 391 418 411 vere
442 381 594 411 continua
611 380 745 410 Auctori
762 380 829 409 visa
845 384 892 409 est

122 423 162 452 ab
181 433 263 453 anno
286 425 338 453 ’80
355 423 393 453 ad
413 433 486 453 ann.
505 425 569 460 ’85,
585 423 646 453 nisi
663 423 742 452 forte
765 422 803 451 ob
825 432 892 452 rem

124 465 208 495 male
223 470 357 505 gestam,
375 468 436 496 298
451 478 458 501 ;
484 476 581 505 quare
598 465 699 495 febres
724 465 893 495 continuae

121 517 242 547 paucae
257 519 330 538 vere
346 513 524 544 occurrant,
538 508 599 538 nisi
616 508 648 537 in
665 507 893 537 constitutione

122 550 269 589 epidem.‚
295 551 348 586 73;
378 561 416 581 ex
439 550 723 581 intermittentibus
744 554 896 579 autumn.

124 592 251 623 defectu
275 593 473 633 purgationis
498 593 532 622 in
562 593 623 622 fine
654 592 770 628 morbi,
801 602 893 631 saepe

123 641 329 671 enascuntur,
345 638 405 670 48;
431 636 601 665 continuae
622 640 767 665 autumn.
791 638 822 664 et
842 634 892 663 in-

123 678 334 708 termittentes
357 684 503 708 autumn.
533 677 694 717 quodnam
723 676 894 707 discrimen

124 719 271 755 habeant,
290 721 348 755 77;
394 721 564 750 continuae
589 723 775 758 conceptam
803 718 893 749 effer-

124 763 328 798 vescentiam,
345 763 446 803 spatio
463 763 524 792 336
541 763 691 792 horarum
713 761 894 798 absolvunt,

125 804 176 840 77,
194 806 252 839 78;
278 806 332 835 sed
347 805 520 835 nonnullae
537 815 617 844 quae
639 814 678 834 ex
699 804 760 834 levi
777 803 895 833 offensa

124 856 164 876 ex
181 857 235 877 sex
258 848 353 878 rebus
376 847 658 877 non-naturalibus
681 847 837 881 oriuntur,
855 847 894 876 ad

125 889 314 920 destinatam
339 890 506 930 periodum
528 900 592 919 non
615 889 812 928 pertingunt,
833 890 893 924 78;

123 933 294 963 continuae
306 938 402 972 atque
417 933 663 962 intermittentes
678 931 894 971 principatum

125 974 290 1005 obtinuere
306 985 362 1015 per
377 985 476 1005 annos
491 975 650 1009 ’fil—⁵64,
668 974 770 1013 iisque
792 974 893 1003 vario-

125 1017 175 1047 lae
191 1017 355 1054 cedebant,
372 1019 430 1053 93;
456 1017 609 1047 continua
631 1016 727 1046 febris
742 1026 894 1055 compen-

125 1059 216 1089 dium
232 1060 393 1099 quoddam
409 1064 456 1090 est
470 1059 761 1094 intermittentium‚
779 1059 830 1088 38.

171 1102 360 1132 Cosmum
386 1102 516 1132 Factus
539 1110 712 1131 ANNORUM
733 1101 895 1137 ’fil—³64,

126 1145 271 1179 39—65;
311 1145 448 1175 aliarum
474 1145 619 1174 omnium
647 1154 705 1174 cur
725 1143 896 1183 praecipua

125 1191 158 1217 et
180 1188 360 1227 coryphaea
385 1188 547 1223 habeatur,
575 1188 632 1221 38;
658 1186 754 1216 unica
776 1186 897 1225 species

125 1229 159 1259 in
172 1240 278 1260 rerum
292 1235 406 1260 natura
418 1235 487 1260 tum
499 1229 651 1268 temporis
664 1228 799 1258 Auctori
811 1232 896 1265 nota,

126 1273 185 1307 39;
215 1273 359 1312 ejusdem
384 1273 446 1302 fuit
470 1272 555 1312 genii
579 1282 653 1302 cum
680 1271 821 1301 febribus
845 1270 895 1300 in-

125 1315 267 1351 termitt.,
299 1316 349 1351 37,
382 1317 442 1349 38;
482 1319 513 1344 et
542 1314 635 1344 facile
665 1313 699 1343 in
728 1313 896 1343 intermitt.

124 1358 288 1393 transibat,
307 1359 366 1388 235
380 1370 386 1392 ;
404 1358 444 1387 ad
458 1356 739 1387 intermittentium
751 1360 898 1385 autumn.

125 1400 260 1430 classem
272 1410 370 1440 quare
382 1400 584 1435 referebatur,
597 1400 648 1435 37,
663 1400 702 1429 38
713 1411 719 1433 ;
738 1398 769 1427 in
781 1398 899 1437 quibus

124 1452 144 1472 a
167 1443 303 1472 tertiana
325 1443 470 1482 ejusdem
493 1442 618 1472 constit.
644 1440 816 1476 differebat,
838 1440 897 1475 372

125 1485 288 1524 quartanis
303 1490 448 1515 autumn.
463 1484 662 1519 succedebat,
673 1484 712 1513 ad
728 1493 829 1522 usque
845 1493 900 1513 ver

125 1527 389 1563 debacchabatur,
407 1529 466 1562 38;
499 1526 709 1566 despumatio,
731 1535 812 1564 quae
835 1525 897 1555 cir-

126 1579 164 1600 ca
176 1570 262 1600 diem
280 1570 382 1600 14tum
393 1570 482 1605 foret,
495 1580 513 1599 a
524 1568 786 1608 refrigerantibus
799 1571 897 1597 retar-

127 1612 271 1649 dabatur,
291 1614 340 1649 50,
357 1614 416 1648 553
456 1616 671 1652 symptomata
689 1610 749 1640 sibi
772 1611 900 1650 propria

128 1665 287 1695 quaenam
303 1655 460 1691 habuerit,
478 1656 528 1691 39,
546 1655 586 1684 56
601 1666 607 1689 ;
631 1652 791 1693 quomodo
807 1663 900 1683 cura-

126 1698 232 1734 batur,
250 1699 394 1733 41-—56;
420 1697 538 1737 quibus
560 1701 653 1726 nocet
670 1696 900 1733 venae-sectio,

129 1741 248 1780 quibus
262 1750 340 1777 non,
353 1741 404 1777 41,
417 1742 458 1770 42
470 1753 476 1776 ;
501 1739 716 1770 venae-sectio
733 1738 900 1778 praecedat

130 1783 313 1818 emeticum‚
336 1785 395 1813 44:
420 1782 626 1812 vomitorium
651 1781 845 1821 quibusnam
870 1785 901 1811 et

130 1825 334 1865 quandonam
364 1825 590 1863 exhibendum,
609 1826 649 1854 43
675 1834 738 1863 sq.;
767 1833 899 1863 parego-

130 1868 234 1898 ricum
260 1872 332 1908 post
358 1867 563 1898 vomitorium
595 1866 718 1906 vesperi
747 1865 899 1895 exhiben-

131 1910 220 1947 dum,
237 1912 289 1947 45,
306 1911 362 1945 46;
388 1910 506 1950 clyster
519 1909 722 1949 quandonam
746 1908 899 1938 exhiben-

132 1953 202 1989 dus,
215 1953 265 1989 47,
281 1954 320 1983 48
333 1965 339 1988 3
365 1953 509 1983 cardiaca
522 1951 725 1991 quandonam
741 1950 903 1981 exhiberet

133 1996 265 2030 Auctor,
285 1997 324 2026 49
341 2005 401 2035 sq.;
429 1995 633 2034 quandonam
660 1998 731 2034 post
754 1992 902 2023 morbum

134 2038 355 2078 purgationem
372 2037 553 2073 celebraret,
571 2038 611 2066 52
629 2047 691 2076 sq.;
718 2035 839 2066 curatio
855 2036 900 2066 fe-

132 2081 198 2111 bris
216 2081 314 2120 hujus
344 2081 378 2110 in
407 2079 609 2120 pauperibus,
628 2081 687 2113 52;
727 2087 828 2118 quum
852 2088 901 2108 re-

133 2123 291 2153 crudescit
312 2127 383 2163 post
409 2133 506 2152 usum
530 2122 705 2162 clysterum
729 2126 761 2150 et
777 2120 901 2151 cathar-

133 2166 281 2201 ficorum,
299 2176 380 2205 quae
395 2165 513 2195 febrem
534 2165 622 2204 prius
640 2163 731 2204 quasi
752 2162 901 2203 profliga-

133 2213 253 2244 verant,
271 2208 430 2248 quomodo
452 2207 626 2243 tractanda,
643 2208 701 2241 50;
734 2205 904 2237 continuae

134 2251 236 2281 febres
265 2251 486 2291 depuratoriae
520 2260 592 2281 ann.
625 2249 777 2279 ’61—’64
807 2257 903 2287 quare

133 2294 238 2324 faeces
272 2293 554 2324 intermittendum
586 2292 786 2327 videbantur,
819 2293 880 2322 298
896 2304 902 2327 ;

135 2335 310 2377 epidemice
339 2336 474 2375 grassari
500 2338 674 2374 nequeunt,
703 2334 762 2364 nisi
797 2339 904 2364 retusa

135 2379 203 2409 acie
227 2378 463 2409 constitutionis
484 2377 770 2408 intermittentibus
793 2377 902 2407 faven-

135 2422 187 2458 tis,
207 2423 276 2451 298.
299 2422 339 2451 cf.
355 2421 533 2452 545—547.

182 2464 370 2494 Commux
400 2463 530 2493 Fssssius
559 2471 732 2492 ANNORUM
756 2462 818 2498 ’67‚
841 2462 904 2497 ’68,

137 2515 179 2537 ετ
205 2515 329 2537 muris
347 2507 409 2542 '69‚
440 2507 627 2540 150—159;
667 2515 725 2535 cur
752 2506 907 2535 Variolosa

136 2549 230 2585 dicta,
252 2551 330 2583 153;
355 2549 425 2588 ejus
441 2548 572 2584 curatio,
592 2549 663 2578 155.

181 2592 372 2622 Com-mua
405 2591 535 2622 anus
567 2599 692 2620 PARTIS
724 2598 811 2619 anm
842 2590 905 2626 ’69‚

138 2643 253 2666 ATQUE
278 2643 512 2664 mraononmr
533 2634 695 2669 ’70—’72,
715 2632 905 2667 178—-1833

136 2687 195 2708 cur
208 2679 406 2717 Dysenterica
417 2677 511 2712 dicta,
525 2677 600 2710 178;
619 2676 688 2715 ejus
699 2675 906 2711 curatio,181.

183 2720 374 2750 ΟοΝτῐΝυΛ
396 2719 524 2749 Fennis
544 2727 718 2748 ANNORUM
743 2719 906 2755 ’73—’75‚

138 2762 326 2796 207-217;
355 2772 412 2792 cur
437 2763 592 2792 Comatosa
616 2761 710 2796 dicta,
728 2761 808 2796 217;
838 2761 908 2800 ejus

138 2805 272 2841 curatio,
288 2806 360 2835 208.

182 2847 484 2883 CoNTusmNiBus,
502 2846 589 2886 (Dm)
607 2846 691 2881 602;
717 2845 756 2875 cf.
772 2846 844 2875 450.

184 2892 401 2926 Convaffiones,
419 2890 483 2920 sive
500 2900 632 2929 vapores,
649 2888 830 2928 promiscue
852 2898 906 2918 vo-

139 2940 253 2964 cantur
267 2933 444 2963 affectionis
468 2933 586 2972 hyster.
602 2932 743 2968 effectus,
761 2933 833 2961 200.

1646 147 1721 184 623

995 251 1230 282 Convulsiones
1245 251 1428 282 infantium.
1448 250 1493 291 [v.
1511 249 1698 290 Epilepsia]

995 294 1186 324 Convulsivi
1211 298 1318 324 motus
1347 304 1410 325 non
1432 304 1558 333 semper
1585 303 1720 323 evacua-

951 336 1054 367 tiones
1070 336 1226 372 inhibent,
1244 337 1316 366 495.

996 379 1110 409 Cordis
1126 378 1324 409 scrobiculus
1339 378 1373 407 in
1388 377 1517 407 variolis
1537 376 1631 413 dolet,
1652 378 1721 408 120.

997 421 1106 451 Cornu
1130 421 1214 451 cervi
1238 421 1368 461 spiritus
1392 421 1426 450 in
1449 421 1623 450 infantium
1644 420 1720 449 den-

952 464 1102 494 tientium
1119 464 1270 500 febribus,
1287 465 1359 493 504.

997 507 1253 536 Correotivorum
1293 505 1505 546 purgantibus
1546 504 1721 534 immisceri

952 549 1120 579 solitorum
1136 549 1348 584 incommoda,
1364 549 1436 578 319.

996 591 1239 621 Corroborantia
1265 591 1362 631 primi
1388 591 1517 626 ordinis,
1542 590 1615 626 290,
1638 590 1723 623 388;

952 634 1224 664 coi-roborantium
1249 634 1394 663 omnium
1418 633 1599 663 maximum
1626 636 1674 661 est
1689 642 1722 661 e-

953 677 1100 715 quitatio,
1122 678 1194 713 389,
1218 677 1298 711 390;
1344 676 1426 706 inter
1451 674 1724 706 corroborantium

954 729 1050 749 usum
1086 719 1260 749 cathartica
1289 728 1457 758 nunquam
1494 717 1723 752 intercalanda‚

952 762 1038 796 472;
1082 761 1316 791 corroborantia
1338 761 1369 790 in
1394 761 1535 790 febribus
1558 759 1723 789 intermitt.

954 810 1112 840 autumn.,
1135 805 1197 839 84;
1229 804 1262 833 in
1286 804 1438 844 hydrope,
1456 804 1540 838 470;
1571 803 1603 832 in
1629 802 1722 831 affec-

954 847 1039 876 tione
1055 847 1184 886 hyster.,
1203 847 1262 876 381
1282 856 1327 885 sq.

998 889 1115 918 Cortex
1135 889 1278 918 sambuci
1301 888 1430 918 interior
1454 888 1488 919 in
1510 886 1653 928 hydrope
1672 897 1724 917 as-

955 931 1016 961 cite
1034 931 1192 970 quomodo
1209 931 1285 970 agit,
1303 932 1378 962 469.

999 974 1134 1003 Corticis
1152 974 1321 1003 Peruviani
1346 973 1517 1003 exhibendi
1540 971 1723 1008 methodus,

955 1016 995 1045 82
1013 1026 1069 1056 sq.,
1090 1017 1150 1046 284
1167 1027 1224 1056 sq.,
1242 1017 1322 1050 290;
1356 1016 1490 1046 unicum
1514 1016 1584 1054 ejus
1599 1015 1724 1045 incom-

955 1059 1098 1095 modum,
1130 1059 1383 1088 rheumatismus
1414 1058 1622 1094 scorbuticus,
1651 1058 1724 1094 261,

956 1102 1013 1131 281
1029 1113 1036 1136 3
1061 1111 1158 1140 quare
1174 1106 1281 1131 cortex
1298 1101 1342 1131 ita
1357 1101 1440 1130 male
1463 1101 1563 1136 audit,
1580 1101 1639 1129 281
1659 1110 1724 1139 sq.;

955 1144 1114 1183 quomodo
1140 1144 1295 1174 intentata
1317 1144 1387 1183 ejus
1410 1143 1597 1173 discrimina
1615 1142 1725 1172 evitari

956 1187 1089 1226 possint,
1108 1188 1190 1221 283;
1232 1186 1316 1226 quod
1345 1186 1506 1216 immerito
1533 1185 1727 1225 inculpetur,

956 1230 1017 1258 338
1032 1241 1038 1264 ;
1066 1229 1149 1258 inter
1162 1229 1313 1258 corticem
1327 1228 1543 1258 exhibendum
1560 1227 1728 1258 decubitus

956 1271 988 1300 in
1000 1271 1080 1301 lecto
1091 1276 1122 1301 et
1132 1271 1350 1302 cardiacorum
1367 1271 1545 1311 assumptio
1556 1271 1727 1310 diligenter

956 1314 1112 1350 evitanda,
1125 1315 1198 1349 286,
1211 1315 1283 1349 351,
1297 1315 1369 1349 453,
1385 1315 1461 1349 4·54;
1476 1323 1585 1343 onmes
1595 1323 1728 1343 evacua-

956 1355 1058 1386 tiones
1080 1361 1150 1395 post
1171 1357 1239 1396 ejus
1265 1366 1361 1386 usum
1386 1355 1631 1391 interdicendae,
1645 1357 1726 1390 288;

958 1403 1065 1428 cortex
1082 1399 1223 1428 febribus
1244 1399 1501 1428 infiammatoriis
1519 1398 1669 1428 curandis
1684 1398 1730 1427 ita

958 1451 1021 1471 non
1051 1441 1181 1477 confert,
1207 1446 1244 1471 ut
1269 1441 1364 1481 plane
1389 1441 1481 1478 obsit,
1505 1442 1587 1476 299;
1620 1444 1729 1470 cortex

958 1483 1072 1513 febrim
1088 1493 1171 1514 anno
1187 1485 1238 1514 ’85
1255 1488 1398 1513 exortam
1415 1494 1476 1513 non
1496 1482 1628 1522 fugavit,
1645 1484 1728 1518 498;

957 1525 990 1555 in
1008 1526 1163 1565 sanguine
1179 1530 1210 1556 et
1227 1526 1392 1566 spiritibus
1408 1526 1624 1556 confortandis
1639 1535 1728 1565 egre-

958 1568 1049 1607 gium
1073 1573 1121 1598 est
1146 1568 1335 1604 remedium,
1355 1570 1434 1604 388;
1460 1569 1557 1608 idque
1577 1568 1611 1597 in
1634 1568 1728 1598 affec-

958 1611 1099 1640 tionibus
1123 1610 1241 1650 hyster.
1269 1615 1301 1641 et
1332 1611 1562 1651 hypochondr.,
1587 1612 1666 1647 3883
1687 1611 1728 1641 it-

959 1663 1074 1693 emque
1090 1653 1124 1683 in
1140 1654 1281 1693 podagra
1295 1653 1539 1694 praevenienda,
1555 1653 1634 1689 427;
1660 1664 1728 1683 cor—

960 1700 1012 1726 tex
1029 1696 1062 1726 in
1079 1696 1261 1732 electuario,
1279 1701 1309 1726 et
1330 1696 1441 1736 pilulis
1457 1697 1629 1733 exhibitus,
1648 1698 1729 1731 2843

958 1738 993 1768 in
1029 1738 1199 1776 infusione,
1231 1739 1312 1774 2863
1351 1744 1459 1769 cortex
1496 1739 1610 1769 Peruv.
1645 1739 1731 1779 apud

960 1781 1183 1811 Londinenses
1199 1791 1340 1820 quonam
1356 1786 1498 1821 tempore
1514 1787 1609 1812 notus
1624 1782 1731 1817 fuerit,

960 1825 1041 1858 282;
1067 1834 1224 1863 quasnam
1236 1824 1348 1854 laudes
1367 1829 1537 1860 mereatur,
1558 1825 1631 1861 281,
1649 1826 1730 1859 282;

959 1876 1000 1896 an
1024 1867 1056 1896 vi
1079 1867 1297 1905 adstringente
1321 1872 1420 1903 sanet,
1442 1868 1521 1902 282;
1546 1866 1634 1897 solus
1657 1877 1729 1907 spe-

960 1908 1090 1938 cificum
1121 1909 1394 1939 medicamentum
1423 1914 1536 1939 notum
1566 1909 1731 1945 hactenus,

964 1952 1000 1981 19
1015 1963 1021 1985 ;
1048 1951 1302 1991 dogmaticorum
1319 1951 1479 1981 inscitiam
1493 1952 1527 1981 in
1540 1951 1730 1992 dignoscen-

961 1993 1009 2023 dis
1023 1994 1207 2023 morborum
1224 1994 1370 2024 essentiis
1387 2004 1422 2024 ac
1439 1994 1588 2024 remediis
1602 1995 1730 2030 detexit,

961 2037 1024 2065 453
1041 2046 1104 2076 sq.;
1130 2046 1270 2076 quonam
1287 2040 1428 2076 tempore
1444 2037 1654 2073 exhibendus,
1668 2039 1731 2067 283

962 2089 1024 2117 sq.;
1042 2079 1219 2118 purgando,
1231 2079 1353 2109 febrem
1365 2079 1537 2118 aliquando
1549 2080 1643 2115 tollit,
1658 2081 1730 2115 282,

963 2123 1042 2157 2853
1067 2121 1101 2150 in
1125 2131 1187 2160 quo
1211 2132 1287 2151 casu
1313 2121 1489 2152 laudanum
1517 2132 1591 2152 cum
1616 2123 1732 2153 cortice

962 2164 1201 2199 assumendum,
1225 2166 1306 2199 285;
1332 2164 1371 2194 ad
1395 2165 1530 2204 aphthas
1554 2170 1585 2195 et
1606 2165 1730 2205 singul-

962 2211 1024 2243 tuS,
1042 2206 1076 2236 in
1092 2206 1178 2236 febre
1202 2217 1285 2237 nova
1309 2207 1457 2246 epidem.,
1476 2208 1548 2243 491,
1565 2208 1638 2244 492,
1653 2210 1730 2244 5033

963 2248 1003 2278 ad
1026 2249 1231 2288 apoplexiam
1256 2249 1334 2280 febri
1358 2250 1522 2280 intermitt.
1545 2251 1731 2290 superveni-

962 2295 1078 2327 entem,
1096 2293 1177 2327 289;
1202 2291 1341 2322 diaetam
1362 2292 1491 2332 qualem
1513 2293 1630 2333 exigat,
1651 2295 1721 2328 2883

963 2333 1008 2364 nil
1044 2334 1106 2364 nisi
1141 2335 1330 2365 methodum
1365 2335 1596 2366 observandam
1620 2337 1732 2376 poscit,

963 2377 1067 2406 diaeta
1087 2381 1118 2406 et
1140 2377 1296 2417 regimine
1320 2388 1512 2418 quocunque
1536 2389 1654 2418 susque
1678 2379 1732 2410 de-

964 2429 1026 2458 que
1042 2419 1160 2455 habito,
1173 2421 1234 2450 453
1249 2430 1312 2460 sq.;
1331 2430 1434 2460 neque
1446 2421 1616 2456 catharsin,
1630 2431 1734 2462 neque

964 2462 1251 2493 venae-sectionem
1261 2463 1527 2503 praemittendam
1540 2464 1670 2503 expetit,
1682 2466 1733 2501 82,

965 2506 1024 2539 83;
1054 2504 1135 2540 aliis,
1159 2515 1257 2544 quam
1279 2515 1360 2544 quae
1382 2506 1530 2536 vehiculo
1545 2506 1733 2542 inserviunt,

965 2547 1133 2577 admisceri
1145 2547 1278 2583 malum,
1293 2549 1370 2583 29ος
1388 2549 1512 2579 vomitu
1523 2549 1549 2579 si
1560 2549 1735 2589 rejiciatur,

966 2590 1043 2629 quid
1068 2590 1239 2629 agendum,
1257 2590 1338 2626 2873
1362 2600 1591 2632 paroxysmum
1613 2592 1736 2623 instan-

966 2638 1031 2662 tem
1056 2633 1160 2662 subito
1190 2633 1371 2668 consodens,
1398 2634 1477 2673 quid
1503 2634 1581 2664 mali
1608 2634 1734 2671 inferat,

967 2676 1006 2705 83
1019 2688 1025 2709 ;
1051 2675 1223 2705 recidivam
1237 2675 1341 2711 habet,
1353 2677 1433 2711 28&
1458 2677 1552 2716 cujus
1567 2678 1733 2717 praeveni-

967 2718 1066 2747 endae
1095 2728 1200 2753 causa,
1218 2719 1296 2758 quid
1326 2718 1519 2756 faciendum,
1552 2721 1632 2755 2853
1671 2731 1735 2751 non

967 2760 1170 2800 pertinaciter
1185 2761 1283 2790 nimis
1299 2761 1508 2798 exhibendus,
1525 2762 1580 2792 ubi
1596 2763 1736 2794 recidiva

968 2803 1172 2842 frequentior,
1190 2805 1270 2839 288;
1299 2804 1332 2833 in
1347 2804 1489 2834 febribus
1506 2805 1672 2836 intermitt.
1689 2812 1737 2836 est

967 2845 1112 2876 absolute
1135 2846 1332 2886 specificum‚
1349 2848 1430 2882 453;
1455 2852 1486 2878 et
1498 2848 1647 2878 omnibus
1665 2849 1736 2879 aliis

969 2889 1117 2919 remediis
1133 2889 1274 2928 palmam
1291 2890 1452 2929 praeripit,
1471 2891 1549 2926 292;
1569 2891 1659 2930 quasi
1677 2892 1737 2921 mi-

970 2931 1078 2961 racula
1105 2937 1254 2971 praestat,
1282 2933 1362 2968 388;
1397 2933 1430 2963 in
1458 2933 1544 2963 febre
1571 2934 1738 2964 intermitt.
