1985 3308
280 151 802 197 OBSERVATIONUM
835 149 1211 191 MEDICARUM
1245 154 1285 187 V.
1312 158 1343 187 2.
1453 151 1537 191 209

83 260 300 311 tabantur,
321 261 541 314 nigrarum
568 259 745 299 istarum
773 271 878 311 quac
900 270 1012 296 anno
1035 256 1147 297 1670
1174 255 1416 295 invaserant
1443 255 1536 295 reli·
1582 264 1714 294 Fssnms

85 328 204 381 quias
220 328 393 368 omnino
408 327 627 376 referrent,
640 326 813 379 jamque
829 330 872 365 et
887 324 1136 364 mitissimae
1152 327 1291 363 essent
1308 327 1350 363 ct
1366 327 1535 363 tantum
1558 307 1740 379 {5953}ss

83 409 172 436 non
200 395 425 436 exolerent.
485 394 607 434 Nihil
626 393 731 433 mihi
758 393 901 446 itaque
926 391 1040 432 aliud
1055 392 1145 445 jam
1164 390 1364 440 restabat,
1385 390 1469 430 nisi
1488 395 1537 431 ut
1583 392 1716 423 '73-'75-

84 462 131 502 in
151 462 267 503 hunc
286 462 483 503 morbum
503 461 667 502 nudum
693 465 735 501 et
765 460 817 501 ab
849 460 939 500 aliis
967 460 1198 513 sepositum
1224 458 1538 499 accuratissimo

84 530 278 570 examine
291 530 559 583 inquirerem,
574 534 700 583 atque
716 529 836 570 oculo
853 528 907 569 ad
922 528 1116 582 juvantia
1131 533 1173 568 et
1188 527 1399 568 laedentia
1412 540 1538 579 quam

85 597 310 651 diligenter
326 597 507 638 maxime
527 597 647 650 potui
662 610 825 650 semper
840 596 1020 645 intento,
1034 596 1145 635 viam
1165 609 1241 648 pro
1256 594 1366 634 virili
1385 594 1539 647 (explo-

83 665 234 705 ratoris
250 665 411 717 insta1·,)
428 669 753 718 praetentarem.
793 663 872 717 [9.]
893 665 1028 704 Atrox
1044 663 1191 716 capitis
1214 662 1343 712 dolor,
1360 675 1539 715 propen-

86 732 230 786 sioque
247 747 374 786 quam
393 732 576 772 habebat
596 732 666 772 hic
686 731 859 772 morbus
880 731 933 771 ad
954 731 1115 771 dolores
1135 730 1339 771 lateribus
1359 729 1540 782 infigen—

86 800 173 851 dos,
190 805 285 840 tum
300 801 428 841 etiam
450 801 620 853 sanguis
636 799 954 853 pleuriticorum
970 799 1130 849 similis,
1148 812 1216 839 me
1233 797 1378 838 statim
1394 797 1538 838 edoce-

84 867 190 908 bant
220 868 598 909 inflammationem
632 868 748 908 haud
777 868 1031 908 mediocrem
1065 867 1164 906 huic
1200 865 1325 906 Febri
1356 865 1537 915 subesse,

85 947 163 974 nec
179 939 324 974 tamen
340 948 432 974 eam
452 948 573 987 posse
593 934 701 975 ferre
716 935 941 988 largiorem
956 935 1083 974 istam
1099 933 1415 974 evacuationem
1433 947 1540 986 quae

86 1002 302 1055 pleuritidi
319 1004 528 1043 convenit.
563 1003 744 1056 Sanguis
766 1004 881 1043 enim
900 1007 996 1056 post
1012 1002 1192 1056 primam
1214 1006 1287 1042 aut
1309 1001 1539 1042 secundam

86 1071 236 1111 saltem
251 1070 385 1111 vicem
405 1070 618 1112 detractus
640 1071 815 1124 glutinis
836 1071 1029 1120 colorem,
1047 1084 1129 1123 quo
1149 1069 1375 1123 tegebatur
1396 1082 1539 1122 super-

85 1138 212 1188 ficies,
246 1139 439 1192 protinus
479 1138 618 1178 amisit
631 1155 643 1188 ;
688 1152 767 1178 nec
806 1138 987 1191 repetita
1027 1137 1163 1177 adhuc
1201 1136 1539 1176 venae-sectione
1561 1145 1697 1194 Phlequ-

84 1205 302 1246 levabatur
341 1219 476 1260 aeger,
518 1206 600 1246 nisi
643 1206 751 1246 forte
790 1205 963 1246 morbus
1004 1205 1050 1244 in
1089 1204 1358 1258 pleuritidem
1398 1217 1539 1244 veram
1558 1193 1706 1260 ffixznssgn

84 1275 309 1324 transiret3
353 1274 465 1327 quod
493 1289 804 1327 nonnunquam
835 1273 1050 1314 accidebat
1077 1278 1171 1325 post
1201 1272 1392 1325 regimen
1423 1271 1539 1325 justo
1559 1273 1612 1303 bre
1628 1273 1717 1303 haud

85 1341 273 1391 calidius,
299 1341 547 1394 praesertim
573 1341 710 1394 primo
737 1354 833 1381 vere
867 1355 949 1394 quo
975 1340 1214 1390 invadebat,
1242 1340 1399 1379 scilicet
1428 1353 1539 1379 anno
1560 1315 1699 1387 ffiglscsg:

87 1409 222 1459 16643
255 1423 336 1462 quo
365 1414 555 1462 tempore
583 1424 607 1449 a
636 1409 733 1449 solis
761 1422 930 1448 accessu
956 1407 1218 1448 occasionem
1245 1410 1396 1446 nactus
1428 1406 1540 1458 (eum
1559 1401 1700 1473 ἶὶῗζῇἓῐ

85 1477 214 1518 etiam
234 1477 427 1517 nondum
448 1477 702 1518 adolesceret
721 1475 908 1525 morbus,
926 1478 968 1515 et
988 1473 1194 1528 principio
1215 1473 1350 1526 magis
1372 1473 1540 1525 spiritu-
1694 1466 1700 1478 '

85 1557 157 1585 oso
177 1544 433 1584 inniteretur
454 1558 580 1597 quam
601 1543 775 1597 postea,)
801 1543 854 1583 ad
876 1556 1011 1596 genus
1032 1542 1457 1596 peripneumonicum
1483 1542 1541 1581 vi-

86 1613 266 1654 debatur
281 1614 490 1654 accedere.
533 1613 643 1654 Cum
658 1627 755 1654 vero
772 1617 814 1653 et
831 1611 1092 1665 experientia
1112 1615 1154 1652 et
1175 1610 1366 1663 exemplo
1389 1623 1541 1663 arepe-

84 1680 166 1720 tita
194 1680 483 1734 phlebotomia
512 1680 757 1731 deterrerer,
785 1680 897 1733 (licet
922 1679 1016 1720 luce
1044 1678 1196 1719 clarius
1225 1682 1334 1719 esset
1362 1677 1542 1718 Febrem
1560 1687 1702 1736 repetitis

84 1747 208 1798 hanc,
228 1748 451 1802 praecipue
477 1747 555 1788 sub
576 1748 761 1801 primum
787 1747 1039 1800 ingressum,
1059 1745 1175 1786 haud
1199 1759 1350 1799 parum
1375 1745 1540 1785 infiam-
1560 1736 1745 1803 Ξὲῗὲῗέἒᾶ

85 1817 308 1857 materiam
331 1816 489 1869 fuisse)
513 1816 623 1856 nihil
638 1816 729 1870 jam
755 1815 941 1856 restabat
969 1829 1052 1868 quo
1079 1815 1169 1868 ejus
1196 1814 1308 1855 calor
1333 1814 1541 1867 restingui
1559 1816 1677 1865 mentis
1695 1826 1743 1864 r?-

85 1888 238 1936 posset,
254 1888 420 1936 praeter
434 1887 630 1923 enemata
646 1883 810 1936 saepius
826 1883 1067 1936 repetenda,
1085 1887 1127 1923 et
1147 1882 1457 1923 medicamenta
1476 1896 1539 1922 re·
1558 1858 1739 1931 {rssffieffissssi‘

84 1950 343 2003 frigerantia.
403 1950 463 1989 At
490 1954 656 2002 praeter
682 1950 758 1990 hos
785 1951 960 1991 affectus
989 1951 1369 1992 inflammationem
1397 1956 1541 2004 aperte
1559 1944 1720 2016 tjobalgsol-

85 2017 323 2072 prodentes,
345 2016 450 2056 illud
477 2017 659 2070 stuporis
685 2017 1023 2070 phaenomenon,
1046 2018 1172 2058 Febri
1199 2018 1298 2058 huic
1323 2032 1450 2071 quam
1471 2018 1541 2057 alii
1558 1997 1596 2016 xe
1620 1997 1701 2017 aur.

86 2085 258 2126 cuilibet
280 2084 538 2134 familiarius,
555 2084 728 2124 omnino
749 2084 964 2126 indicabat
984 2086 1186 2126 continuo
1202 2086 1431 2138 repetenda
1452 2099 1541 2125 esse

86 2159 294 2203 enemata,
327 2152 479 2206 quibus
510 2153 688 2193 materia
719 2152 908 2202 Febrilis,
941 2166 1047 2206 quae
1086 2153 1147 2192 ita
1180 2157 1374 2205 prompte
1414 2156 1540 2205 caput

84 2221 269 2275 petebat,
292 2220 344 2260 ab
371 2234 419 2261 eo
446 2220 723 2260 diverteretur
735 2235 746 2269 ;
779 2220 882 2273 quin
908 2225 949 2260 et
970 2220 1299 2260 venae-sectioni
1323 2220 1540 2273 repetitae,

87 2303 213 2342 quam
234 2302 358 2342 aegre
378 2288 478 2328 tulit
499 2288 667 2341 propria
682 2288 810 2341 hujus
831 2287 968 2328 morbi
989 2293 1156 2337 natura,
1174 2287 1543 2328 substituebantur

86 2357 170 2406 illa,
198 2361 323 2409 atque
349 2356 440 2409 ejus
466 2355 700 2409 pensabant
727 2355 952 2405 defectum,
979 2355 1198 2408 sanguinis
1223 2355 1429 2396 servorem
1454 2354 1541 2408 pla-

87 2423 178 2464 cide
208 2437 256 2464 ac
284 2423 440 2464 sensim
470 2424 843 2476 contemperantia,
871 2428 912 2463 et
943 2437 1112 2464 causam
1140 2423 1405 2463 eliminantia
1431 2436 1541 2463 mor-

87 2490 268 2532 bificam.
336 2491 444 2544 [lO.]
482 2492 612 2532 Porro
641 2491 883 2544 judicabam
912 2492 1139 2544 emplastra
1166 2491 1415 2544 epispastica
1442 2490 1542 2531 satis
1562 2497 1717 2546 Ijlpispas-

88 2558 239 2612 ampla,
261 2559 408 2599 cervici
428 2559 649 2612 posteriori
670 2559 879 2612 applicita,
901 2559 947 2598 in
970 2559 1049 2599 hac
1070 2558 1203 2599 Febrc
1224 2559 1364 2611 potius
1391 2571 1440 2598 ex
1460 2572 1542 2598 usu
1559 2545 1743 2614 {lgssipgfroe'

87 2627 189 2677 fore,
226 2641 352 2680 quam
386 2627 431 2667 in
462 2627 553 2667 aliis
585 2626 737 2679 quibus
768 2628 945 2667 materia
976 2627 1152 2667 Fcbrilis
1182 2626 1297 2667 haud
1328 2639 1377 2666 ex
1409 2641 1542 2679 aequo
1561 2626 1622 2674 vjci
1641 2627 1744 2682 appli-

88 2701 213 2749 caput
243 2695 436 2736 tentabat
451 2712 462 2745 ;
495 2695 653 2735 etenim
679 2709 704 2735 a
727 2695 915 2735 cruciatu
946 2700 987 2735 et
1016 2695 1175 2735 fervore
1206 2694 1539 2744 vehementibus,
1560 2669 1718 2750 ξὶἒῑιζιῗχ

90 2777 192 2816 quos
209 2763 321 2803 dicta
342 2763 590 2817 episliastica
610 2763 720 2816 parti
741 2764 808 2803 cui
829 2764 1109 2816 imponuntur
1130 2763 1265 2803 solent
1287 2763 1539 2816 imprimere,
1559 2764 1735 2826 3ξὲὣῖἃή

88 2831 275 2881 materia,
303 2846 410 2884 quae
441 2845 559 2872 secus
586 2831 631 2870 in
660 2836 785 2884 caput
818 2830 1073 2880 ascenderet,
1100 2830 1144 2870 in
1174 2830 1315 2870 locum
1343 2830 1541 2870 affectum
1560 2840 1711 2870 febribus.

89 2898 330 2940 corrivatur.
394 2899 488 2949 His,
520 2904 561 2938 et
597 2897 794 2951 regimini
830 2897 883 2937 ad
918 2897 1097 2938 eundem
1136 2896 1413 2950 refrigerandi
1448 2911 1542 2937 san-

783 2978 852 3005 Ee
