1985 3308
387 164 472 202 348
804 161 884 201 ΤΗ
889 162 1059 203 OMAE
1095 163 1435 204 SYDENHAM

183 274 236 303 DE
254 274 368 305 vAm-
385 267 714 322 terrumpendus
735 272 799 309 est
821 282 946 323 aegro
967 269 1065 310 lecti
1086 283 1188 310 usus
1208 283 1283 322 per
1303 269 1515 322 reliquum
1535 268 1673 310 morbi
1694 268 1841 309 decur-

179 317 364 392 οἷ’ζῗξὲῗ’
385 351 504 388 sum;
536 337 608 390 qui
644 336 826 390 quidem,
850 342 898 377 ut
929 341 1029 377 anto
1059 336 1175 376 hunc
1207 336 1318 376 diem
1352 335 1526 376 concedi
1556 349 1644 377 non
1675 334 1841 386 debeat,

381 405 442 445 ita
468 410 517 445 ut
545 405 706 445 diutius
737 405 954 445 differatur
975 405 1040 444 vix
1072 404 1234 458 patitur
1264 403 1379 456 aegri
1409 407 1559 453 status,
1581 403 1707 444 modo
1729 403 1841 444 Con-

176 474 351 522 DeVario-
380 473 612 514 fluentibus
645 473 827 514 Variolis
860 472 1036 513 laboret.
1115 472 1210 512 Hoc
1252 476 1396 511 autem
1428 477 1491 511 est
1533 485 1668 524 genus
1712 469 1841 524 (quod

173 516 347 591 ffiegsssssss
380 542 520 584 notari
550 541 703 593 velim)
739 541 790 581 de
823 554 905 594 quo
945 540 1152 580 hactenus
1185 538 1315 579 verba
1344 539 1545 579 fecimus:
1587 553 1695 592 quae
1726 538 1842 579 enim

174 604 360 676 fflttfflnhic
378 616 420 650 et
451 623 585 664 pauca
605 615 647 650 et
680 609 880 649 distincta
902 613 1127 660 emergunt
1159 607 1473 657 exanthemata,
1494 621 1647 661 parum
1679 606 1841 647 habent

192 671 211 685 ε’
280 670 287 677 ’
378 677 596 727 momenti,
620 676 703 717 sive
731 676 775 715 in
804 675 927 725 hanc,
951 674 1036 715 sive
1059 675 1104 714 in
1129 674 1307 715 alteram
1327 680 1505 728 partem,
1529 675 1563 714 si
1589 675 1656 715 vel
1679 674 1840 715 medio-

377 746 504 786 criter
537 745 582 784 in
615 749 705 784 arte
742 743 878 783 valeat
920 743 954 782 is
989 742 1061 795 qui
1092 742 1290 783 medetur
1301 760 1312 792 ς
1356 757 1600 796 quanquam
1631 743 1760 783 etiam
1793 743 1842 782 in

376 827 530 866 genere
560 812 652 861 hoe,
684 816 783 851 utut
815 815 964 864 suopte
994 810 1168 863 ingenio
1199 811 1317 851 omni
1347 811 1534 864 periculo
1563 815 1696 860 vacet,
1725 810 1842 850 haud

374 881 498 934 pauci
523 880 651 933 (quod
680 879 788 920 serio
820 879 1052 919 dolendum
1074 880 1166 932 est,)
1192 879 1406 919 Libitinae
1437 879 1652 929 cesserint,
1677 878 1840 932 quoties

374 948 532 990 scilicet
564 948 676 988 malo
708 961 784 987 suo
814 947 902 987 fato
934 947 980 986 in
1011 961 1081 987 eos
1112 947 1355 998 inciderint,
1379 948 1463 1001 qui,
1485 948 1530 988 in
1555 947 1841 1002 promovendo

374 1016 511 1056 calore
545 1030 662 1069 spem
695 1029 866 1055 omnem
898 1020 1118 1068 ponenteS,
1154 1029 1252 1056 cum
1287 1015 1436 1056 morbo
1471 1015 1525 1056 ad
1552 1015 1841 1070 jugulandum

373 1098 561 1137 aegrum,
583 1084 683 1124 licet
703 1083 838 1133 inscii,
862 1083 1175 1136 conspirabant.

436 1152 544 1206 [32]
583 1152 788 1204 Tempore
817 1150 869 1191 ab
896 1151 976 1191 1100
1003 1152 1201 1205 pustulae
1229 1166 1454 1205 augescere
1487 1156 1530 1192 et
1557 1151 1740 1205 corporis
1771 1166 1840 1193 su-

370 1221 585 1275 perficiem
605 1220 794 1274 undique
821 1220 1129 1261 conealefacere
1156 1221 1382 1274 incipiunt,
1405 1226 1448 1261 at
1470 1226 1597 1275 caput
1617 1220 1839 1274 imprimis,

371 1294 486 1335 unde
518 1308 655 1347 aeger,
686 1293 768 1334 nisi
798 1293 927 1334 fuerit
957 1293 1110 1344 infans,
1141 1294 1195 1335 ad
1225 1309 1423 1335 somnum
1454 1295 1661 1335 difficilior
1691 1298 1768 1344 est,
1797 1298 1841 1334 et

372 1362 668 1416 inquietudine
704 1366 894 1402 vexatur.
958 1361 1086 1403 Quod
1120 1362 1312 1416 proximo
1352 1363 1445 1404 1000
1485 1363 1531 1402 111
1569 1363 1650 1403 1100
1691 1361 1840 1403 morbo

171 1436 246 1484 Quo
262 1436 351 1466 seda-
373 1431 599 1483 diligenter
630 1430 958 1483 expendendum
988 1444 1078 1470 esse
1109 1430 1312 1471 arbitror:
1351 1437 1477 1484 prout
1509 1431 1624 1471 enim
1655 1429 1840 1470 sedatior

168 1484 354 1560 ζᾏῖξὲἰζᾞῑ
371 1498 500 1539 fuerit
541 1498 726 1551 sanguis,
763 1497 824 1537 ita
859 1497 1051 1537 debitum
1091 1502 1372 1550 augmentum
1413 1503 1455 1538 et
1495 1496 1839 1550 magnitudinem

168 1560 356 1636 spiritusffo
373 1566 593 1619 acquirent
630 1565 852 1619 pustulae,
891 1570 1019 1618 atque
1052 1579 1103 1605 ex
1135 1565 1322 1615 adverso,
1350 1579 1426 1618 pro
1458 1565 1622 1606 ratione
1654 1566 1840 1619 orgasmi

166 1617 353 1689 Ξὲιὲῑηζὲζᾶ-
375 1648 457 1687 quo
487 1634 778 1674 tumultuatur
809 1634 947 1675 dietus
980 1633 1165 1687 sanguis,
1187 1634 1384 1687 pustulae
1409 1639 1685 1684 marcescent,
1707 1635 1839 1676 'mter-

169 1692 321 1765 ffiit‘grffle
374 1707 495 1755 cepto
516 1702 706 1742 ulteriori
726 1716 975 1755 progressu,
998 1701 1112 1742 unde
1133 1716 1221 1742 non
1244 1702 1380 1741 solum
1401 1702 1616 1755 peccantis
1636 1703 1841 1744 materiae

167 1777 312 1807 variolo-
373 1773 605 1813 eliminatio
627 1773 950 1822 sufflaminatur,
969 1772 1042 1812 sed
1062 1772 1236 1824 insuper
1253 1771 1515 1824 singularum
1531 1771 1839 1825 phlegmonum

164 1826 353 1893 {Ziasstalssffi'
372 1842 617 1882 oeconomia
644 1847 685 1882 et
715 1841 901 1894 genuina
932 1840 1058 1881 erasis
1088 1840 1425 1890 interturbatur;
1454 1840 1636 1894 indeque
1655 1840 1723 1881 vel
1751 1855 1840 1882 non

164 1904 297 1936 mcum·
371 1910 546 1949 omniuo
569 1909 710 1949 debito
732 1914 922 1962 tempore
947 1907 1001 1948 ad
1022 1908 1330 1962 separationem
1351 1909 1615 1962 pertingunt,
1636 1909 1702 1949 vel
1720 1909 1841 1950 ichor

371 1978 544 2018 denium
571 1979 619 2018 fit
648 1978 764 2031 puris
792 1977 893 2027 vice,
917 1982 959 2017 et
987 1977 1080 2018 loco
1107 1977 1204 2017 flavi
1230 1976 1405 2030 liquoris
1433 1976 1576 2017 favum
1605 1977 1743 2017 colore
1773 1991 1838 2018 re-

368 2045 554 2095 ferentis,
577 2047 792 2099 nigricans
824 2046 973 2099 aliquis
1001 2046 1169 2096 humor,
1191 2045 1256 2086 vel
1285 2059 1434 2086 succus
1466 2045 1571 2086 alius
1602 2050 1838 2086 non-natu-

366 2114 478 2164 ralis,
517 2119 559 2155 et
601 2129 624 2155 a
666 2115 862 2168 genuinis
895 2115 1166 2155 Variolarum
1206 2114 1388 2168 pustulis
1424 2114 1600 2164 alienus,
1634 2114 1836 2168 egeritur.

166 2190 309 2220 Medica·
369 2183 637 2237 Quapropter
672 2184 985 2224 medicamenta
1016 2183 1259 2237 paregorica
1294 2196 1426 2236 aeque
1461 2182 1640 2223 indicari
1672 2183 1719 2222 111
1750 2183 1837 2223 Va-

161 2238 320 2316 fflssssgffi
367 2251 480 2290 riolis
503 2251 828 2292 Confluentibus
848 2252 954 2292 mihi
975 2252 1185 2302 videntur,
1205 2266 1252 2292 ac
1274 2251 1487 2291 indicatur
1510 2251 1684 2304 quodvis
1701 2265 1837 2292 reme-

164 2330 199 2349 ca
216 2326 289 2349 sunt
369 2318 486 2358 dium
508 2319 552 2358 in
575 2320 720 2372 quovis
748 2320 896 2360 morbo
910 2337 920 2369 3
953 2334 1051 2360 eum
1079 2321 1147 2360 hic
1171 2320 1289 2373 quasi
1320 2320 1512 2373 specifica
1539 2320 1637 2370 sint,
1659 2320 1836 2373 perinde

165 2362 323 2445 §gellii-{¹
369 2400 416 2426 ac
447 2393 590 2427 cortex
619 2388 878 2428 Peruvianus
906 2388 951 2427 in
979 2388 1166 2428 febribus
1193 2388 1604 2428 intermittentibus:
1646 2388 1837 2441 quamvis

367 2453 482 2494 haud
502 2455 694 2507 ignorem
715 2456 960 2508 paregorica
980 2470 1068 2496 non
1089 2456 1245 2496 virtute
1268 2456 1408 2509 aliqua
1432 2456 1618 2509 praecise
1640 2456 1836 2510 specifica

368 2522 543 2574 operari,
567 2523 638 2562 sed
658 2523 729 2563 isti
756 2523 892 2563 solum
916 2523 1165 2563 indicationi
1192 2523 1500 2576 respondendo,
1524 2537 1607 2576 qua
1635 2523 1834 2576 sanguini

368 2595 410 2628 et
442 2590 658 2643 spiritibus
689 2591 984 2644 consopiendis
1017 2596 1059 2631 et
1089 2590 1135 2630 in
1167 2591 1359 2631 ordinem
1390 2591 1631 2644 redigendis
1662 2605 1834 2645 operam

369 2656 531 2697 damus.
593 2659 737 2711 Atque
757 2659 825 2699 hic
848 2659 1018 2711 quidem
1047 2658 1267 2712 sanguinis
1289 2664 1330 2699 et
1357 2659 1581 2712 spirituum
1606 2664 1748 2700 motus
1768 2659 1833 2699 in-

370 2723 602 2765 ordinatior
627 2726 909 2777 (Variolarum
933 2726 1253 2767 Confluentium
1274 2727 1319 2767 in
1341 2727 1496 2768 adultis
1518 2741 1658 2768 comes
1682 2727 1833 2767 indivi-

373 2791 510 2843 duus,)
536 2793 829 2847 anodynorum
857 2809 983 2835 usum
1011 2810 1111 2849 prae
1142 2796 1317 2836 caeteris
1346 2796 1547 2849 deposcit,
1579 2795 1763 2837 necdum
1794 2795 1832 2836 ei

373 2859 472 2898 satis
493 2860 720 2901 innotescit
742 2862 918 2916 hujusce
940 2863 1078 2904 morbi
1106 2864 1268 2917 genius,
1292 2864 1363 2918 qui
1391 2864 1471 2904 ista
1490 2864 1639 2917 vigiliis
1660 2869 1831 2904 tantum

374 2925 515 2966 deberi
537 2928 766 2979 existixnat3
791 2930 913 2971 sicuti
935 2931 1047 2971 0111111
1071 2932 1161 2972 fieri
1184 2933 1437 2986 quandoque
1459 2938 1610 2986 potest,
1628 2937 1676 2972 ut
1701 2931 1830 2973 etiam
