1985 3308
798 673 912 705 VIRO

142 755 245 788 TAM
267 755 479 789 VIRTUTE
507 757 647 790 QUAM
673 759 978 790 ERUDITIONE
1004 758 1229 792 UNDIQUE
1255 757 1586 791 CONSUMMATO

463 856 707 904 CAROLO
770 857 1078 918 GOODALL,
1141 858 1266 908 M.D.

619 967 716 989 COLL.
741 967 824 989 MED.
851 968 952 990 LoND.
978 969 1087 990 soem.

189 1032 333 1075 CUM
344 1049 390 1074 ea
411 1049 512 1089 quae
531 1035 578 1075 de
590 1036 717 1075 Febre
730 1037 952 1090 praesentis
968 1037 1128 1091 hujusce
1148 1036 1446 1078 Constitutionis
1462 1052 1587 1092 nuper

122 1102 387 1151 observaram,
423 1105 465 1142 in
493 1104 697 1157 publicum
730 1104 840 1143 edere
875 1110 1099 1153 statuerem,
1142 1105 1236 1145 Tibi
1266 1119 1371 1158 prae
1410 1106 1586 1152 caeteris,

135 1169 206 1209 Vir
245 1170 520 1219 Ornatissime,
558 1172 725 1225 opellam
760 1172 866 1213 lzanc
901 1187 1027 1212 meam
1062 1173 1276 1212 dicandam
1315 1187 1394 1212 esse
1425 1174 1585 1214 censui:

121 1238 238 1293 idque
269 1239 314 1278 ob
349 1240 452 1279 duas
482 1242 729 1294 potissimum
766 1243 940 1282 rationes
974 1242 1073 1281 mihi
1093 1241 1334 1295 faciendum
1364 1241 1583 1281 videbatur.

121 1305 322 1355 Primum,
345 1308 460 1361 quod,
484 1322 572 1348 cum
593 1309 856 1348 amicissimus
876 1309 975 1348 milti
991 1309 1057 1356 sis,
1085 1323 1207 1348 comes
1229 1309 1450 1348 indivulsus
1470 1309 1588 1348 lateri

121 1386 272 1426 semper
310 1373 483 1424 haesisti,
525 1389 659 1429 meque
709 1375 798 1414 Tuo
825 1377 986 1429 juvasti
1016 1377 1244 1430 patrocinio
1284 1381 1423 1416 contra
1455 1390 1587 1416 omnes

119 1446 311 1494 quotquot
329 1455 369 1480 se
389 1442 489 1481 mihi
513 1444 670 1496 uspiam
692 1443 946 1496 objecerant&
1017 1444 1138 1493 Quod
1155 1457 1232 1483 non
1254 1449 1338 1483 tam
1365 1445 1441 1483 mei
1460 1445 1588 1498 ipsius

115 1510 256 1561 qratia
270 1510 521 1562 praestabas,
544 1524 665 1564 quam
693 1525 739 1549 ex
768 1512 917 1550 incocto
940 1525 1127 1565 generoso
1147 1513 1303 1565 pectori
1321 1512 1491 1562 honesto,
1514 1512 1586 1552 hoc

119 1582 188 1624 est,
210 1591 256 1616 ea:
275 1591 420 1631 mayno
439 1579 642 1633 proboque
661 1581 806 1630 animo,
829 1581 899 1635 qui
927 1580 1021 1620 Tibi
1040 1581 1186 1620 autlzor
1200 1581 1294 1633 fuit
1313 1586 1359 1620 ut
1380 1582 1540 1621 veritati
1559 1597 1585 1621 a

129 1643 188 1683 Te
219 1646 396 1699 coynitae
428 1652 722 1701 compertaeque
751 1649 938 1688 assentiri
965 1649 1079 1689 haud
1106 1648 1320 1699 dubitares,
1348 1650 1467 1689 etiam
1497 1663 1585 1690 cum

118 1727 251 1753 omnes
264 1713 360 1766 jere
385 1715 558 1753 omnium
579 1715 651 1769 qui
675 1729 756 1754 rem
788 1714 993 1754 Medicam
1025 1715 1256 1755 tractabant
1278 1716 1438 1770 linquae
1461 1717 1503 1756 in
1527 1731 1587 1756 me

120 1796 245 1822 unum
274 1788 570 1823 exacuerentur.
640 1782 794 1831 Quibus
825 1788 955 1822 tamen
988 1797 1064 1822 non
1095 1789 1152 1822 est
1181 1783 1288 1837 quod
1305 1785 1475 1833 irascar,
1496 1783 1587 1839 (nee

119 1851 275 1889 irascor
304 1849 435 1903 sane,)
455 1850 786 1904 quandoquidem,
807 1864 897 1889 cum
928 1856 985 1890 tot
1013 1864 1182 1904 nequam
1213 1851 1451 1900 medicastri,
1481 1865 1587 1892 cere-

120 1919 237 1958 brosa
257 1932 332 1957 sua
352 1919 505 1957 somnia
536 1923 573 1956 et
585 1918 788 1971 fiymenta
816 1917 1059 1956 venditantes
1086 1931 1162 1971 quo
1179 1918 1347 1970 famam
1375 1919 1440 1958 sui
1465 1918 1586 1958 latius

119 1994 364 2042 sparqerent,
399 1989 508 2028 toties
537 1988 682 2027 mundo
711 1989 996 2040 imposuerint;
1023 1989 1102 2041 fas
1132 1991 1288 2029 omnino
1319 1995 1408 2029 erat
1436 1996 1482 2029 ut
1510 1991 1589 2030 viri

120 2058 275 2110 inyenio
308 2061 346 2095 et
365 2056 522 2110 judicio
547 2055 728 2109 praediti
762 2069 839 2094 non
871 2056 1004 2094 statim
1037 2061 1076 2094 et
1107 2057 1190 2095 sine
1217 2058 1394 2097 escamine
1428 2072 1475 2097 ea
1512 2058 1586 2098 ad-

121 2125 329 2173 mitterent,
352 2137 454 2177 quae
483 2136 551 2176 eqo
567 2124 661 2176 jam
692 2127 842 2175 recepto
866 2137 1040 2176 praxeos
1067 2124 1168 2162 mori
1189 2123 1413 2177 plurimum
1443 2125 1585 2165 adver-

120 2191 256 2231 santia
284 2192 324 2230 in
354 2190 521 2229 medium
547 2189 808 2243 protuleram.
884 2190 973 2239 Quo
1004 2205 1081 2230 non
1112 2191 1299 2240 obstante,
1339 2207 1428 2232 cum
1461 2194 1584 2234 nihilo

130 2259 224 2298 Tibi
252 2260 383 2298 minus
413 2257 583 2306 debeam,
607 2271 783 2297 mearum
804 2259 988 2311 partium
1019 2273 1098 2298 esse
1127 2259 1236 2308 dusci,
1261 2266 1425 2314 qratum
1457 2263 1585 2301 animi

120 2328 195 2366 mei
221 2327 263 2366 in
294 2326 354 2367 Te
386 2324 574 2379 affectum
601 2325 778 2364 omnibus
804 2331 989 2365 testatum
1010 2327 1183 2379 facere;
1215 2328 1373 2381 quando
1403 2329 1469 2368 via:
1498 2329 1582 2369 alia

120 2395 247 2433 virtus
278 2399 469 2433 naturam
490 2392 721 2442 humanam,
743 2393 800 2432 ad
820 2394 1029 2447 profectus
1058 2394 1220 2434 ultimas
1251 2401 1374 2434 metas
1397 2401 1581 2444 evectam,

120 2461 197 2501 Izac
228 2462 363 2500 deceat
394 2461 547 2514 maqis:
601 2474 695 2500 nam
727 2461 845 2500 sicuti
873 2475 981 2515 reyes
1014 2476 1076 2502 eos
1105 2462 1246 2516 quibus
1263 2463 1424 2515 favent,
1457 2463 1583 2503 titulis

120 2535 159 2569 et
177 2530 368 2569 honorum
388 2529 606 2582 insiynibus
626 2529 840 2578 illustrare,
863 2535 980 2583 atque
995 2529 1087 2569 aliis
1102 2531 1389 2584 spectabiliores
1408 2532 1581 2580 reddere,

119 2603 341 2651 sataqunt;
372 2598 431 2636 ita
463 2596 643 2645 Natura,
675 2598 823 2651 quoties
854 2597 959 2637 hunc
989 2598 1050 2637 vel
1077 2598 1189 2638 illum
1220 2598 1362 2638 humili
1392 2599 1510 2639 turba
1533 2614 1584 2639 ac

115 2679 235 2719 yreye
269 2665 470 2704 hominum
512 2666 676 2704 eximere
710 2665 887 2713 voluerit,
919 2666 1220 2719 97·atitudinem,
1257 2681 1326 2706 ceu
1364 2667 1582 2708 excelsioris

115 2734 225 2787 qenii
244 2739 375 2773 notam
399 2747 448 2772 ac
469 2732 749 2781 characterem,
771 2733 866 2773 solet
884 2732 1145 2787 imprimereb.
1206 2735 1350 2775 Altera
1370 2737 1487 2785 ratio,
1509 2750 1582 2776 cur

120 2803 217 2844 haec
258 2802 351 2842 Tibi
380 2803 632 2854 potissimum
669 2803 893 2851 inscribam,
931 2803 1027 2843 baec
1065 2810 1146 2845 est:
1179 2805 1286 2860 quod
1321 2805 1477 2854 scilicet,
1502 2821 1581 2860 pro

208 2893 223 2910 Β
249 2888 297 2919 Cf.
317 2889 444 2919 Dissert.
463 2890 561 2928 Epist.
580 2891 594 2928 ξ
613 2890 661 2920 55.
1022 2886 1035 2904 b
1062 2889 1109 2919 Cf.
1122 2891 1252 2920 Dissert.
1270 2891 1370 2932 Epist.
1389 2891 1403 2929 ξ
1424 2891 1494 2922 140.

815 2944 840 2983 3
865 2956 890 2988 Q
