1985 3308
505 162 845 205 PROCESSUS
879 161 1149 202 INTEGRI.
1471 161 1555 201 583

93 271 229 314 [Fm-m,
247 273 346 315 205]
405 268 446 322 3⁶
474 270 670 305 Conservae
687 269 864 303 Absinthii
882 268 1045 309 Romani,
1609 281 1663 312 DE
1681 281 1736 312 10-

467 328 661 363 Conservae
680 327 878 362 Flavedinis
890 327 1152 368 Aurantiorum‚
1165 338 1234 362 ana
1246 329 1386 362 unciam
1401 337 1520 369 unam,
1577 333 1681 377 Euo,
1705 324 1762 355 &c-

466 387 655 431 Angelicae
674 386 848 427 conditae,

472 445 584 479 Nucis
602 444 806 479 Moschatae
824 444 1000 487 conditae,

468 501 625 535 Pulveris
644 502 705 535 Ari
723 501 936 547 Compositi,

467 558 633 604 Chalybis
649 570 728 592 cum
745 559 852 593 Aceto
869 561 1076 605 praeparati,
1093 572 1161 596 ana
1178 562 1419 604 semiunciam,

470 616 628 651 Extracti
647 618 827 651 Centaurii
846 618 1010 661 Minoris,

472 674 630 709 Extracti
649 675 860 716 Gentianae,

467 732 641 766 Cremoris
658 733 805 774 Tartari,
822 744 890 767 ana
907 733 1089 768 drachmas
1105 733 1204 776 duas,

469 788 571 823 Croci
588 789 728 834 Auglici
746 790 915 835 pulverati
931 791 1235 834 semidrachmam,

470 846 752 881 cum'sufficiente
764 848 959 892 quantitate
974 848 1100 894 Syrupi
1114 849 1157 883 de
1168 849 1333 895 Quinque
1341 850 1556 895 Radicibus;

284 906 364 941 Fiat
380 906 616 947 electuarium,
633 906 676 940 de
694 917 762 950 quo
787 907 902 951 capiat
918 906 963 940 ad
979 907 1262 952 magnitudinem
1280 910 1379 943 nucis
1395 911 1557 945 moscha-

281 969 338 997 tae
354 974 458 997 mane
485 969 519 996 et
535 962 619 997 hora
637 963 761 1007 quinta
785 963 1034 1008 pomeridiana,
1052 964 1119 1008 (vel
1136 966 1214 999 viee
1232 966 1411 1001 electuarii
1437 974 1556 1002 sumat

281 1022 406 1067 pilulas
422 1021 668 1066 chalybeatas‚)
686 1021 937 1066 superbibendo
954 1029 1032 1068 post
1046 1025 1257 1059 matutinam
1275 1025 1372 1060 dosin
1389 1037 1559 1070 aquarum

280 1080 503 1113 mineralium
536 1079 767 1124 purgantium
791 1079 898 1113 libras
923 1085 1084 1125 quatuor,
1109 1086 1145 1115 et
1172 1087 1249 1127 post
1281 1083 1559 1127 pomeridianam

282 1139 381 1173 dosin
395 1138 610 1183 apozematis
626 1138 663 1171 in
679 1136 795 1171 Colica
808 1136 852 1170 H
848 1138 994 1184 ysterz'ca
1014 1142 1107 1184 [sup.
1119 1151 1148 1174 c.
1160 1143 1235 1186 28.]
1251 1140 1417 1186 descripti
1431 1141 1557 1175 libram

282 1196 476 1230 dimidiam.

153 1294 214 1335 At
243 1294 278 1334 si
303 1294 426 1347 signa
450 1292 652 1348 hydropis
680 1292 893 1344 affuerint,
915 1297 1005 1334 tam
1031 1308 1157 1335 mane
1182 1309 1310 1349 quam
1338 1309 1431 1336 sero
1458 1309 1557 1350 apo-

97 1376 216 1403 zema
237 1361 496 1416 superbibat.

156 1430 203 1470 Si
235 1431 302 1471 vel
336 1430 402 1471 his
436 1429 512 1470 diu
551 1429 811 1471 continuatis
850 1430 1025 1471 morbus
1066 1430 1203 1472 adhuc
1243 1431 1469 1482 obstiterit,
1501 1431 1555 1472 ad

99 1513 229 1554 aquas
250 1499 406 1541 ferreas
427 1498 618 1540 eundum
639 1503 715 1549 est,
739 1512 846 1552 quae
868 1513 919 1540 ex
937 1498 1028 1552 ipso
1048 1499 1167 1540 fonte
1188 1504 1286 1541 sunt
1306 1499 1531 1541 bibendae.

666 1654 794 1696 CAP.
827 1653 988 1696 XXX.d

496 1761 569 1801 Ad
578 1761 906 1814 praecavendum
927 1761 1144 1802 Abortum.

156 1852 324 1893 EADEM
363 1852 687 1906 praescribenda
727 1865 775 1892 ac
814 1851 860 1892 in
893 1851 1014 1892 fluxu
1046 1851 1260 1892 mensium
1292 1852 1559 1903 immodico²‚

99 1921 263 1962 omissis
285 1920 550 1962 solummodo
571 1919 755 1961 catharsi
775 1924 818 1960 et
839 1919 987 1961 succis.

667 2061 792 2101 CAP.
825 2059 1008 2101 XXXI.r

466 2170 530 2209 De
550 2169 762 2209 immodico
783 2168 1028 2208 Lochiorum
1048 2168 1196 2208 Fluoeu.

159 2261 354 2301 meUM
386 2258 643 2301 Lochiorum
678 2259 919 2300 naturalem
948 2259 1031 2300 tria
1060 2258 1354 2300 constituunt:
1386 2257 1559 2311 sanguis
1580 2265 1719 2295 Lochio-

102 2328 259 2369 scilicet
284 2342 429 2382 purus,
451 2328 656 2381 copiosus,
684 2342 759 2382 per
782 2327 974 2368 triduum
1000 2327 1186 2381 primurn
1212 2327 1348 2368 fluens
1361 2344 1373 2377 ;
1406 2326 1560 2369 dehinc
1578 2308 1758 2382 ζιζῖἒῑῗζ

103 2398 276 2452 sanguis
298 2412 491 2451 aquosus,
513 2397 677 2437 loturae
698 2395 891 2437 carnium
913 2395 1105 2436 crassiori
1127 2395 1287 2445 similis,
1303 2408 1378 2448 per
1401 2396 1560 2449 quatri·
1578 2394 1641 2430 ¹5⁵³

103 2465 237 2506 duum
257 2469 424 2519 praeter
450 2469 622 2518 propter
649 2464 807 2504 durans
820 2480 831 2514 3
863 2463 963 2504 hinc
990 2463 1261 2518 postmodum
1282 2464 1461 2505 materia
1480 2464 1560 2505 vis-

102 2548 199 2576 cosa
219 2539 261 2575 et
282 2533 600 2587 mucilaginosa,
621 2546 756 2586 pauco
778 2536 851 2572 aut
872 2532 991 2572 nullo
1019 2531 1226 2584 sanguine
1250 2531 1465 2585 permista,
1488 2545 1563 2585 per

104 2603 292 2657 quinque
323 2607 397 2643 aut
432 2606 594 2655 septem
630 2601 718 2641 dies
748 2600 960 2654 prodiens,
989 2604 1031 2641 et
1062 2600 1121 2640 sic
1156 2613 1280 2653 porro
1316 2600 1371 2640 ad
1404 2599 1563 2640 mensis

103 2672 248 2712 finem.

161 2740 322 2781 Fluxus
344 2743 488 2779 autem
509 2751 655 2778 eorum
676 2737 928 2778 immodicus
945 2735 1243 2790 dijudicandus
1264 2741 1328 2776 est
1344 2750 1395 2777 ex
1409 2735 1562 2776 virium
1580 2742 1728 2772 immodi-

105 2807 354 2862 dejectione,
384 2806 515 2847 animi
545 2806 742 2860 deliquio,
771 2805 978 2859 sanguine
1010 2818 1208 2858 grumoso
1239 2804 1451 2855 effluente,
1480 2803 1564 2845 cibi
1582 2795 1648 2816 ⁰¹¹⁵·

149 2896 166 2920 d
192 2898 241 2929 Cf.
258 2900 388 2928 Dissert.
405 2899 505 2936 Epist.
524 2898 538 2935 §
560 2898 628 2927 138.
908 2893 920 2915 f
942 2896 989 2926 Cf.
1010 2897 1139 2926 Dia-sert.
1158 2896 1258 2934 Epist.
1274 2896 1288 2933 §
1309 2895 1378 2924 135.

148 2946 163 2962 θ
181 2943 268 2979 flua-u
285 2952 373 2972 mens.
389 2939 523 2979 immod]
544 2940 594 2969 Cf.
611 2950 681 2979 sup.
698 2950 722 2969 c.
741 2941 790 2971 27.
