1985 3308
640 180 837 221 OPERA
869 178 1088 221 OMNIA.
1551 180 1592 221 xi

134 291 208 345 qui
227 289 273 330 in
293 287 483 343 Epistola
503 286 669 342 saepius
689 287 779 342 jam
807 287 950 338 citata,
972 285 1088 328 haud
1111 285 1238 340 longe
1267 285 1319 327 ab
1341 287 1432 341 ejus
1453 287 1590 338 initio,
1654 296 1755 328 Vm«.

134 356 302 412 legitur.
364 357 432 398 Ibi
453 356 567 398 enim
591 355 905 410 Sydenhamius
925 354 1005 396 hoc
1025 358 1198 396 tantum
1218 354 1391 406 fatetur,
1413 355 1593 408 triginta
1761 343 1770 345 ⁰

133 441 267 469 annos
289 441 337 468 ex
358 426 432 467 illo
452 430 654 479 tempore,
677 438 762 478 quo
785 438 810 465 a
829 424 909 464 1)ῐὶο
930 424 1117 465 Doctore
1138 423 1254 464 Coxe
1274 423 1328 464 ad
1349 423 1592 464 Medicinae

133 495 324 537 studium
353 493 697 548 amplectendum
717 493 946 547 instigatus
966 492 1108 543 fuerit,
1131 492 1440 546 praeterlapsos
1473 506 1563 533 esse
1579 509 1592 543 ς

132 577 402 618 nequaquam
419 566 563 603 autem
584 575 634 603 ex
655 561 770 602 hisce
790 560 927 602 verbis
945 561 1049 602 effici
1067 560 1234 614 poterit,
1255 560 1593 615 Sydenhamium

133 646 246 674 anno
267 631 416 673 aetatis
436 631 647 672 tricesimo
669 635 861 683 aegrotos
884 643 1031 671 curare
1053 629 1250 683 coepisse.
1312 630 1466 684 Neque
1488 630 1593 671 haec

132 714 199 742 res
230 701 360 755 digna
394 714 484 741 esse
518 699 686 740 videtur
717 713 844 752 quam
876 697 1143 752 diligentiore
1179 699 1375 740 examine
1406 698 1592 753 inquira-

133 783 228 810 mus
242 786 253 820 ;
284 783 435 823 parum
465 767 581 809 enim
603 768 666 809 vel
695 767 805 808 nihil
833 767 1012 808 interest
1045 767 1151 807 seire
1181 781 1265 821 quo
1297 767 1449 808 aetatis
1480 782 1594 809 anno

135 837 447 892 Sydenhamius
468 838 620 878 Artem
644 836 884 877 Salutarem
904 834 1089 889 primum
1112 834 1166 875 sit
1191 834 1420 889 professus,
1444 835 1517 876 sed
1550 835 1594 875 id

132 906 272 960 potius
292 905 604 960 respiciendum
620 910 663 945 et
684 904 924 958 gratissima
944 903 1148 944 memoria
1161 903 1490 945 custodiendum
1513 909 1594 953 est,

135 989 240 1028 quae
257 979 500 1028 quantaque
520 973 567 1014 in
587 972 850 1015 Medicinam
870 972 1023 1013 merita
1041 971 1355 1027 Sydenhamius
1377 971 1458 1013 sibi
1481 986 1594 1013 com-

134 1042 358 1096 paraverit.
1614 1049 1800 1099 Anio-is,

199 1110 307 1165 [11.]
339 1109 503 1151 Eodem
534 1109 622 1151 fere
649 1113 841 1163 tempore
873 1123 955 1163 (1110
985 1107 1259 1150 Baccalaurei
1294 1108 1341 1150 in
1375 1107 1596 1150 Medicina
1615 1092 1750 1131 C⁰¹¹eg¹¹

1615 1136 1642 1165 O
1705 1136 1711 1141 .

134 1180 340 1221 honorem
371 1179 526 1220 Oxonii
556 1177 845 1232 acquisiverat,
883 1177 1190 1231 consanguinei
1223 1176 1447 1231 cujusdam
1481 1190 1595 1218 com·
1614 1146 1772 1209 Αὲἒᾞῗὶ

134 1247 408 1289 mendatione
428 1248 568 1288 locum
592 1246 703 1288 Socii
722 1246 768 1286 in
795 1246 971 1299 collegio
1000 1245 1113 1299 quod
1139 1246 1328 1286 Omnium
1349 1246 1595 1286 Animarum
1613 1222 1792 1295 ζιζῐὲιέρῗῗζ

134 1316 307 1358 1101111110
322 1315 576 1369 insignitum
592 1320 656 1356 est
673 1315 762 1368 (All
777 1315 897 1355 Souls
917 1314 1101 1368 Collesse)
1119 1313 1319 1364 obtinuit,
1338 1328 1452 1354 anno
1468 1314 1594 1354 1648.
1615 1313 1671 1338 est·

135 1385 331 1426 Doctoris
360 1384 407 1425 in
427 1384 648 1425 Medicina
675 1383 929 1437 dignitatem
955 1383 1098 1423 nescio
1127 1397 1255 1436 quam
1282 1382 1335 1423 ob
1357 1396 1529 1423 causam
1550 1382 1597 1422 in
1615 1359 1803 1433 {aspfiffffgg’

135 1453 425 1495 Universitate
446 1451 800 1505 Cantabrigiensi,
823 1465 935 1491 anno
959 1451 1084 1502 1676,
1106 1451 1283 1491 tandem
1305 1450 1562 1505 acquisivitg.
1616 1450 1668 1476 tus
1680 1450 1756 1506 esf..

199 1522 308 1576 [12.]
337 1521 583 1562 Londinum
599 1521 872 1562 fortunarum
889 1533 1063 1560 suarum
1084 1519 1228 1560 sedem
1250 1519 1450 1572 elegerat,
1466 1519 1597 1574 inque
1615 1499 1791 1573 ssssss‘gssffse

135 1604 186 1631 ea
203 1590 438 1631 immensae
457 1589 587 1644 hujus
611 1588 729 1630 urbis
756 1593 891 1642 parte,
915 1602 1022 1642 quae
1050 1588 1452 1629 Westmonasterz'um
1475 1602 1596 1630 voca·
1615 1586 1745 1621 defixit;

134 1663 219 1710 tur,
241 1659 393 1700 Artem
413 1658 550 1699 facere
572 1657 685 1711 apud
706 1656 898 1698 animum
919 1656 1214 1698 constituerat.
1261 1656 1346 1698 Sed
1368 1661 1599 1711 antequam

135 1726 358 1767 consilium
378 1726 486 1767 illud
506 1726 677 1780 exsequi
697 1729 877 1779 poterat,
900 1739 925 1765 a
946 1725 1134 1778 Collegio
1157 1724 1308 1779 Regali
1328 1724 1599 1766 Medicorum

136 1794 400 1836 Londinensi
419 1794 587 1835 veniam
602 1794 721 1835 Artis
737 1793 926 1835 Londini
942 1793 1201 1835 exercendae
1221 1793 1452 1848 impetrare
1473 1793 1598 1834 debe-

135 1863 209 1905 bat
214 1881 226 1914 ;
253 1878 380 1918 quam
397 1864 535 1905 eidem
550 1877 638 1904 non
655 1863 892 1916 denegavit,
908 1863 935 1902 J
937 1877 1010 1903 un.
1026 1864 1096 1913 25,
1114 1861 1260 1914 1663,Ῑι
1275 1862 1514 1924 (3011ος11110
1531 1863 1601 1903 0111

136 1932 217 1973 Rei
232 1931 427 1974 Medicae
446 1933 492 1973 in
512 1932 586 1973 illa
606 1931 725 1973 Urbe
745 1931 963 1985 regundae
985 1945 1087 1972 cura
1106 1931 1349 1972 concredita
1364 1936 1441 1972 est.
1474 1931 1600 1972 Brevi

135 2005 280 2041 autem
313 2001 565 2042 felicissimis
599 2000 846 2041 morborum
882 2000 1173 2042 curationibus
1213 2004 1381 2041 tantam
1412 2000 1598 2041 nominis
1617 2014 1671 2045 ubi
1685 2014 1774 2045 brevi

135 2070 426 2111 celebritatem
445 2070 687 2123 famamque
714 2075 868 2110 nactus
897 2074 973 2120 est,
994 2074 1044 2110 ut
1064 2069 1144 2110 hac
1172 2069 1430 2111 exercendae
1458 2070 1598 2111 Medi·
1616 2068 1767 2097 magnam

1617 2111 1637 2130 11
1659 2111 1667 2130 Ι
1696 2112 1703 2130 1
1729 2111 1756 2130 18

136 2138 258 2179 cinae
277 2139 401 2179 venia
419 2138 602 2178 maxime
629 2137 785 2190 dignus
813 2142 1071 2178 censeretur.
1133 2138 1244 2178 Cum
1272 2138 1387 2179 enim
1407 2143 1598 2193 tempore
1617 2111 1782 2174 οὲΙὲὶῐέἰῐιτ-

137 2220 220 2261 (1110
239 2206 553 2261 Sydenhamius
574 2205 839 2246 Medicinam
860 2205 1026 2246 colendi
1046 2205 1270 2246 consilium
1291 2211 1472 2260 ceperat,
1490 2222 1599 2248 vana
1617 2187 1808 2260 ἑξέῑξοὲζΐῖ,

135 2275 182 2315 111
206 2274 369 2316 Scholis
391 2274 573 2315 Medicis
597 2273 843 2329 hypothesis
871 2273 1005 2326 magis
1034 2287 1162 2326 quam
1190 2273 1377 2314 sobrium
1405 2274 1599 2316 Naturae
1615 2272 1728 2322 borum·
1746 2283 1801 2303 cu-

137 2344 327 2385 studium
347 2348 559 2398 regnaret,
582 2347 625 2384 et
645 2342 791 2396 magni
813 2342 990 2397 alicujus
1012 2341 1087 2382 viri
1113 2341 1356 2383 auctoritati
1376 2343 1471 2396 plus
1491 2358 1596 2397 pon·
1615 2316 1800 2390 ἱῖῗῖἒέἶὲῗ

137 2412 249 2453 deris
277 2412 539 2454 tribueretur
570 2426 698 2466 quam
733 2411 917 2451 maxime
957 2410 1177 2464 perspicuo
1212 2411 1407 2452 Naturae
1442 2412 1594 2466 jussui,

137 2497 306 2537 prorsus
328 2483 410 2524 alia
429 2483 475 2523 in
495 2483 654 2524 morbis
678 2481 906 2536 imperanti
928 2495 1055 2535 quam
1077 2495 1184 2535 quae
1205 2482 1455 2523 Scholarum
1476 2497 1595 2536 prac-

137 2557 260 2607 cepta
292 2567 318 2594 a
349 2551 520 2593 Medico
552 2552 722 2593 morbos
749 2551 929 2592 feliciter
958 2556 1158 2591 curaturo
1185 2551 1331 2605 peragi
1359 2551 1595 2604 jubebant;

138 2626 312 2662 acutum
336 2621 613 2676 Sydenhamii
635 2620 857 2674 ingenium
879 2625 992 2660 reete
1013 2619 1238 2673 perspexit,
1260 2620 1339 2661 hae
1359 2621 1426 2661 via
1444 2636 1595 2675 parum

137 2690 203 2730 vel
237 2690 345 2730 nihil
381 2689 485 2730 adeo
518 2689 570 2730 ad
607 2693 875 2741 aegrotorum
914 2688 1093 2729 salutem
1127 2688 1352 2738 contribui,
1386 2689 1595 2743 longeque

138 2758 276 2808 aliam,
300 2759 335 2798 si
359 2758 601 2799 morborum
627 2757 698 2811 qui
726 2757 932 2810 hactenus
954 2771 1080 2797 omne
1102 2756 1219 2797 Artis
1241 2757 1444 2797 auxilium
1473 2772 1594 2811 supe-

138 2841 230 2868 rare
247 2827 530 2868 credebantur
550 2827 610 2867 vis
631 2826 783 2879 frangi,
801 2826 1107 2879 hominumque
1129 2825 1181 2866 ab
1203 2826 1285 2866 illis
1306 2831 1593 2880 correptorum

139 2895 296 2936 sanitas
318 2900 431 2936 sarta
452 2900 647 2949 tectaque
669 2895 788 2935 reddi
811 2895 994 2945 deberet,
1019 2894 1277 2948 sequendam
1294 2909 1396 2936 csse.
1454 2894 1592 2936 Quam

182 2986 194 3002 Ε
223 2981 331 3014 Ἆόοά,
349 2984 366 3009 Ι.
385 2993 408 3010 e.
817 2978 827 2997 ⁷¹
857 2980 1080 3013 Mamnichaol.
1103 2983 1187 3011 Lircs
1205 2980 1239 3020 qs
1253 2983 1329 3012 Brit.
1351 2983 1439 3021 Phys.
1457 2992 1484 3022 p.
1504 2984 1553 3013 88.
