1985 3308
575 138 920 180 TRACTATUS
955 138 989 178 I.
1431 138 1516 177 429

58 252 205 289 tamen
227 248 315 290 aeri
334 248 396 288 ita
414 245 659 289 immediate
686 245 892 299 originem
921 243 1079 285 debent
1104 256 1242 292 suum,
1265 241 1339 283 sed
1358 246 1408 283 ut
1427 242 1520 295 plu·
1549 256 1602 287 Da
1620 257 1709 288 Pon-

57 316 213 356 rimum
245 316 459 357 communi
489 315 680 357 omnium
709 314 860 355 horum
891 312 1072 366 parenti,
1101 311 1330 351 humorum
1362 310 1520 350 scilicet
1585 309 1691 367 {⁶⁸⁶2

57 383 345 437 indigestioni.
410 383 495 425 Ubi
516 383 630 424 enim
652 382 744 436 quis
768 382 962 422 Naturae
982 379 1190 434 principia
1209 379 1299 433 jam
1323 377 1521 418 habuerit
1538 358 1719 435 ξὲξῖξξζξζζ

57 450 273 492 infirmata
303 466 351 492 ac
380 451 572 505 protrita,
606 450 690 491 sive
722 464 746 491 a
777 453 959 499 senecta,
992 448 1076 488 sive
1107 461 1133 487 a
1161 446 1328 500 magnis
1354 450 1396 486 et
1421 459 1520 486 eon·
1542 449 1589 492 Εὲῑ
1607 444 1709 476 Chro-

56 517 190 558 tinuis
213 517 321 557 circa
344 532 415 558 sex
435 531 501 558 res
524 517 847 558 non-naturales
869 515 1093 565 erroribus,
1116 514 1340 568 praecipue
1362 513 1407 554 in
1428 513 1521 554 cibo
1539 497 1685 570 ἓξῐέᾞὲἷῃ

57 589 274 639 potuque3
306 586 371 626 vel
399 585 433 626 si
461 599 621 638 organa
646 584 869 625 secretoria
896 597 945 624 eo
965 596 1099 637 usque
1120 582 1280 622 fuerint
1302 581 1524 622 debilitata

57 657 108 694 ut
130 653 221 706 jam
247 653 542 694 functionibus
571 654 657 694 suis
686 653 739 693 ad
765 652 1069 693 defaecandum
1093 650 1346 704 sanguinem
1369 654 1411 690 et
1433 650 1523 703 ejus

58 721 372 774 superfluitates
397 721 677 761 eliminandas
699 721 922 762 destinatis
947 733 1118 774 prorsus
1138 718 1299 759 fuerint
1319 717 1521 771 imparia:

57 788 124 829 his
145 788 191 828 in
212 788 378 829 casibus
405 788 591 829 uberiori
618 789 845 829 humorum
873 792 1084 842 proventu
1105 787 1195 841 jam
1224 790 1523 839 coagmentato

59 871 183 910 quam
214 856 282 896 cui
313 855 544 909 digerendo
575 856 759 896 hominis
789 856 897 896 vires
934 855 1157 904 sufficiant,
1191 854 1294 894 dicti
1324 853 1522 894 humores

57 938 176 964 mora
197 924 463 965 diuturniore
484 924 618 964 varias
643 924 992 964 fermentationes
1021 937 1068 964 ac
1096 922 1426 977 putrefactiones
1449 937 1521 976 pa-

56 992 240 1043 tiuntur,
257 982 517 1046 tandemque
537 992 583 1032 in
605 992 787 1045 speciem
803 996 1046 1045 erumpunt,
1064 996 1106 1032 et
1122 991 1255 1031 varias
1276 990 1522 1031 morborum

58 1060 216 1114 species
238 1060 372 1101 edunt
392 1075 468 1114 pro
490 1060 835 1114 depravationum
857 1060 1073 1100 varietate.
1119 1059 1176 1098 Et
1196 1063 1322 1112 prout
1342 1058 1387 1098 hi
1409 1057 1523 1098 succi

58 1129 274 1184 depravati
304 1130 464 1170 variam
494 1129 655 1170 habent
679 1129 880 1178 indolem,
909 1128 970 1168 ita
995 1128 1108 1167 varie
1138 1126 1184 1166 in
1214 1126 1325 1167 hanc
1354 1125 1522 1166 illamve

57 1202 223 1251 partem
244 1197 494 1237 dilabuntur
515 1211 621 1250 quae
647 1196 806 1237 eisdem
827 1195 1084 1250 excipiendis
1106 1194 1324 1249 aptissima
1345 1199 1408 1235 est
1424 1211 1435 1244 3
1458 1198 1520 1235 at-

58 1280 141 1320 que
161 1265 221 1306 ibi
242 1266 397 1306 sensim
418 1265 589 1319 longam
615 1265 731 1305 illam
760 1268 1093 1319 symptomatum
1122 1263 1270 1304 seriem
1294 1263 1520 1316 explicant,

58 1347 169 1388 quae
184 1333 337 1386 partim
361 1347 386 1373 a
405 1332 555 1373 talium
578 1346 799 1373 succorum
820 1337 988 1382 natura,
1005 1331 1162 1385 partim
1183 1331 1236 1372 ab
1257 1330 1410 1386 ἀταξίᾳ
1429 1331 1522 1371 istis

57 1401 250 1456 partibus
278 1400 408 1450 illata,
432 1401 569 1441 solent
591 1400 766 1441 exoriri:
801 1414 909 1454 quae
941 1400 1024 1440 duo
1056 1399 1182 1440 simul
1209 1399 1362 1453 juncta
1395 1399 1522 1440 istam

57 1474 236 1511 naturae
265 1468 513 1522 ἀνωμαλίαν
543 1469 815 1510 constituunt
845 1482 952 1522 quae
979 1467 1118 1509 morbi
1146 1467 1324 1521 alicujus
1349 1467 1522 1508 nomine

57 1537 302 1592 insignitur.

123 1606 230 1660 [37.]
270 1607 297 1647 J
300 1621 367 1647 am
396 1605 510 1660 quod
539 1605 747 1660 ejusmodi
774 1605 1027 1660 impotentia
1057 1609 1236 1646 naturae
1258 1604 1312 1645 ad
1336 1617 1520 1658 eoquen-
1540 1615 1592 1646 Ex
1605 1625 1640 1646 eo
1651 1626 1724 1657 pro.

58 1673 132 1716 dos
156 1675 356 1716 humores
385 1675 686 1730 plerorumque
711 1674 956 1715 morborum
980 1674 1291 1716 Chronicorum
1319 1686 1445 1713 causa
1466 1672 1520 1713 sit
1537 1659 1724 1700 baturquod

1538 1711 1627 1732 senes
1644 1713 1714 1733 ma-

57 1743 295 1798 praecipua,
320 1743 443 1784 facile
477 1742 670 1797 liquebit,
697 1743 731 1783 si
760 1743 1145 1783 animadvertamus
1174 1755 1308 1791 senes,
1337 1755 1519 1796 quorum
1536 1745 1586 1784 gis
1603 1745 1690 1776 hisce

57 1810 269 1852 coctiones
286 1815 386 1851 sunt
401 1811 551 1861 laesae,
570 1815 612 1851 et
629 1810 814 1863 spiritus,
832 1824 975 1851 earum
992 1810 1291 1859 instrumenta,
1307 1807 1521 1863 absumpti
1538 1787 1702 1861 Ξῗξξῗὲυς

59 1893 84 1920 a
103 1879 295 1932 repetitis
315 1879 425 1919 vitae
445 1879 648 1932 longioris
669 1879 976 1929 functionibus,
997 1879 1113 1919 hisce
1138 1878 1359 1919 affectibus
1382 1877 1519 1930 magis
1538 1879 1613 1922 sun}
1624 1884 1721 1914 quam

58 1960 148 1988 esse
181 1946 382 1987 obnoxios
424 1961 552 2000 quam
593 1951 693 1988 sunt
729 1947 933 2001 juniores,
975 1961 1158 2002 quorum
1197 1946 1308 1987 vitae
1347 1926 1698 1986 flammaJun1ores;

57 2014 194 2068 magis
228 2028 404 2055 accensa
437 2020 703 2056 recrementa
736 2015 819 2055 ista
849 2019 1093 2056 coacervata
1123 2014 1310 2067 dissipat,
1342 2018 1384 2054 et
1416 2027 1518 2066 quo-

57 2096 154 2123 rum
175 2097 336 2136 organa
363 2083 589 2124 secretoria
610 2083 705 2136 jugi
731 2082 813 2124 isto
841 2082 989 2123 caloris
1016 2081 1222 2122 naturalis
1244 2081 1432 2122 subsidio
1452 2080 1517 2121 in-

57 2154 297 2201 struuntur,
318 2156 368 2191 ut
400 2151 691 2192 functionibus
723 2151 769 2191 in
803 2151 937 2192 totius
970 2150 1189 2203 sanguinis
1222 2164 1360 2190 massa
1386 2149 1516 2203 (lepu-

55 2219 191 2260 randa
219 2219 470 2274 peragendis
494 2220 744 2273 neutiquam
774 2220 984 2270 deficiant,
1007 2219 1089 2259 nisi
1118 2218 1292 2272 insuper
1320 2232 1516 2272 preman-

56 2291 129 2328 tur
159 2292 201 2329 et
227 2287 347 2342 quasi
371 2288 633 2329 suffocentur
654 2303 679 2328 a
702 2289 836 2329 nimia
857 2288 1084 2329 humorum
1115 2287 1247 2341 copia.
1307 2287 1378 2327 Ad
1398 2287 1514 2338 haec,

56 2356 185 2397 talem
210 2356 437 2397 humorum
458 2357 787 2411 indigestionem
812 2357 999 2411 plurium
1021 2356 1264 2397 morborum
1287 2355 1516 2396 Chronico·
1533 2370 1565 2415 eq
1580 2367 1620 2397 ad
1636 2377 1688 2398 eos

57 2437 153 2464 rum
183 2437 354 2465 eausam
385 2439 474 2466 esse
507 2439 558 2466 ex
591 2439 640 2466 eo
665 2430 845 2476 constat,
874 2425 987 2479 quod
1016 2425 1164 2479 hyems
1196 2424 1250 2465 ad
1279 2423 1518 2464 istiusmodi
1535 2411 1712 2492 ᾔζξὲξέἓῗ

56 2491 226 2533 morbos
263 2493 498 2546 gignendos
533 2494 660 2547 longe
692 2494 828 2548 magis
858 2494 985 2534 faciat
1019 2507 1146 2547 quam
1177 2497 1328 2533 aestas.
1396 2491 1517 2533 Licet
1536 2496 1580 2526 cit
1594 2496 1706 2537 hyems

56 2561 255 2601 nonnulli
286 2575 337 2601 ex
366 2561 431 2601 his
459 2562 616 2603 morbis
642 2577 731 2603 non
760 2567 859 2604 actu
886 2567 1114 2603 exerantur
1137 2561 1220 2602 nisi
1242 2560 1320 2601 sub
1341 2560 1517 2601 brumae
1536 2548 1633 2612 &Sam
1649 2550 1718 2570 aes-

57 2628 216 2669 exitum
231 2645 243 2678 5
275 2634 465 2670 attamen
485 2629 565 2670 iste
585 2629 812 2671 humorum
834 2634 1062 2684 proventus
1084 2643 1109 2669 a
1130 2643 1212 2682 quo
1232 2627 1295 2669 illi
1314 2627 1517 2681 pendent,

56 2711 132 2752 per
158 2711 326 2738 omnem
356 2698 518 2752 hyemis
547 2698 771 2739 decursum
799 2711 1078 2748 succrescens,
1101 2697 1265 2738 auctior
1289 2696 1426 2737 factus
1454 2700 1518 2737 est

57 2764 110 2806 ab
132 2766 222 2820 ejus
243 2766 507 2820 tempestatis
528 2766 683 2820 frigore
705 2772 747 2808 et
768 2767 920 2808 effoeto
940 2767 1145 2820 languore
1166 2766 1379 2806 Naturam
1402 2764 1517 2806 debi-

55 2832 221 2885 litante,
252 2848 334 2889 quo
363 2835 504 2875 minus
529 2835 666 2875 valeat
690 2835 735 2875 in
764 2834 1100 2876 administranda
1128 2834 1311 2888 corporis
1342 2847 1518 2874 oecono-

57 2901 163 2943 mia:
203 2902 311 2957 [38.]
340 2903 453 2944 unde
475 2903 523 2944 fit
544 2908 593 2945 ut
615 2903 687 2958 qui
707 2903 753 2944 in
775 2909 934 2945 aestate
957 2903 1057 2945 satis
1078 2902 1187 2944 bene
1207 2902 1406 2954 habeant,
1424 2916 1519 2943 raro
