1985 3308
189 712 362 741 CURATIO.

202 2633 253 2662 Ad
267 2632 377 2661 recidi-

197 2685 271 2705 vam
284 2685 374 2715 prae-

199 2718 373 2748 cavendam

197 2761 275 2800 quid
289 2771 383 2800 agen-

197 2804 284 2832 dum.

391 120 475 160 570
799 120 1055 162 THOMAE
1090 121 1430 162 SYDENHAM

967 310 1092 350 CAP.
1127 310 1274 351 XVII.

958 416 1022 455 De
1038 417 1282 468 Apopleoeicc.

453 508 636 548 Sonxns
659 510 723 547 est
743 505 1111 559 profundissimus,
1134 511 1177 547 et
1198 507 1443 548 omnimoda
1469 522 1617 550 sensus
1639 513 1682 550 et
1708 514 1851 550 motus

391 575 582 629 privatio,
614 578 789 626 excepta
819 573 1107 627 respiratione,
1142 588 1270 628 quam
1301 576 1416 629 aegri
1446 575 1608 617 habent
1640 576 1853 617 difficilem

394 656 493 683 cum
515 646 706 682 stertore.

459 711 537 765 [2]
577 710 783 750 Mittatur
827 710 1001 763 sanguis
1051 724 1074 750 e
1113 710 1288 751 brachio
1339 711 1393 752 ad
1432 712 1580 752 uncias
1628 711 1853 753 duodecim

394 778 733 834 quamprimum3
767 792 814 819 ac
834 783 981 832 postea
1003 793 1051 819 ex
1066 779 1183 819 venis
1200 780 1470 833 jugularibus
1493 781 1546 821 ad
1566 780 1715 821 uncias
1737 785 1852 821 octo:

394 847 547 888 deinde
580 846 853 887 vomitorium
884 860 933 887 ex
971 847 1240 900 sesquiuncia
1269 848 1334 888 vel
1365 848 1504 889 unciis
1542 848 1707 889 duabus
1739 848 1854 889 infu-

394 915 522 956 sionis
545 915 655 955 croci
676 915 948 955 metallorum
968 915 1218 968 propinetur
1240 916 1399 956 statim.

458 984 537 1038 [3.]
575 984 869 1038 Emplastrum
899 984 1199 1038 epispasticum
1221 984 1322 1025 satis
1344 985 1533 1039 amplum
1565 999 1613 1026 ac
1634 986 1744 1026 forte
1765 998 1854 1026 cer-

392 1053 472 1094 vici
495 1053 739 1106 applicetur.

450 1123 567 1162 Dum
587 1121 692 1162 haec
714 1126 914 1175 aguntur,
937 1126 1103 1163 erectus
1125 1121 1269 1162 sedeat
1291 1136 1416 1175 aeger
1435 1123 1482 1162 in
1502 1122 1626 1173 lecto,
1647 1136 1727 1163 nec
1749 1127 1854 1163 stra-

394 1190 504 1243 gulis
525 1189 652 1230 nimis
674 1189 866 1230 obrutus.

453 1257 636 1311 Spiritus
673 1257 770 1298 salis
811 1258 1043 1299 armoniaci
1084 1258 1241 1312 optime
1282 1258 1542 1299 rectificatus
1580 1257 1856 1298 admoveatur

392 1325 581 1366 naribus.

457 1394 535 1447 [4.]
575 1393 718 1434 Finita
767 1394 980 1434 vomitorii
1030 1394 1288 1447 operatione,
1340 1393 1522 1435 subinde
1573 1393 1856 1434 exhibeantur

392 1461 627 1503 cochlearia
646 1461 729 1502 tria
749 1462 814 1502 vel
836 1467 1018 1515 quatuor
1039 1462 1255 1515 sequentis
1272 1461 1424 1516 julapii
1440 1479 1508 1502 :—

394 1551 527 1594 [Form.
549 1553 645 1593 185]
697 1549 736 1600 R
764 1552 886 1596 Aquae
904 1551 1018 1585 Butae
1037 1552 1157 1585 uncias
1174 1559 1334 1596 quatuor,

766 1611 889 1655 Aquae
908 1610 1080 1655 Bryoniae
1100 1610 1335 1654 Compositae‚

769 1667 925 1712 [Aquae]
945 1668 1236 1712 Antiepilepticae
1256 1668 1394 1711 Langii‚
1413 1679 1479 1700 ana
1498 1668 1638 1701 unciam
1657 1677 1776 1705 unam,

769 1724 919 1769 Spiritus
936 1724 1056 1758 Cornu
1075 1726 1178 1759 Cervi
1196 1732 1314 1769 guttas
1332 1725 1471 1770 viginti,

769 1785 933 1818 Sacchari
951 1785 1142 1830 crystallini
1163 1786 1400 1829 quantitatem
1419 1785 1650 1819 sufficientem
1666 1799 1673 1821 z

583 1842 662 1876 Fiat
674 1843 863 1888 julapium.

394 1941 477 1981 Vel
510 1940 727 1982 cochleare
763 1955 900 1981 unum
941 1940 1114 1995 spiritus
1150 1940 1401 1981 lavendulae
1437 1939 1658 1994 compositi
1699 1953 1774 1993 per
1815 1953 1858 1979 se

394 2009 611 2063 propinari
631 2009 763 2063 possit
784 2009 849 2049 bis
869 2009 936 2049 vel
956 2013 1035 2060 ter,
1059 2009 1243 2050 durante
1270 2023 1535 2063 paroxysmo,
1557 2009 1663 2049 hora
1684 2008 1861 2049 dimidia

394 2076 461 2117 vel
480 2076 649 2129 integra
669 2076 933 2130 interposita.

462 2145 542 2198 [5.]
581 2143 833 2185 Cavendum
857 2149 921 2185 est
942 2158 997 2185 ne
1025 2144 1218 2185 cardiaca
1239 2145 1333 2198 plus
1355 2145 1471 2198 justo
1493 2143 1640 2194 calida,
1664 2157 1711 2184 ac
1732 2143 1860 2184 nimis

396 2212 653 2265 frequenter,
673 2212 753 2264 (uti
765 2226 856 2252 mos
873 2212 966 2265 est,)
985 2212 1267 2252 exhibeantur
1273 2229 1284 2262 3
1308 2226 1407 2252 nam
1423 2225 1673 2265 quacunque
1687 2210 1860 2251 demum

399 2280 593 2334 specifica
616 2280 774 2320 virtute
805 2280 963 2333 pollere
989 2280 1227 2330 videantur,
1250 2280 1346 2333 plus
1378 2280 1523 2320 damni
1545 2294 1672 2333 quam
1700 2279 1860 2319 emolu-

398 2348 536 2388 menti
571 2361 698 2401 aegro
734 2353 975 2401 apportant,
1011 2352 1161 2402 utpote
1204 2362 1310 2401 quae
1346 2348 1546 2388 humores
1581 2347 1760 2388 fundere
1797 2347 1861 2399 (ac

399 2416 577 2470 proinde
597 2416 759 2456 malum
788 2417 972 2469 augere,)
999 2421 1098 2470 apta
1119 2420 1221 2457 nata
1247 2422 1347 2457 sunt
1365 2434 1375 2466 3
1409 2416 1523 2469 quod
1551 2415 1679 2456 etiam
1699 2415 1861 2455 incom-

400 2484 576 2524 modum
616 2497 705 2524 non
745 2484 887 2524 minus
927 2484 1111 2524 infertur
1161 2498 1211 2524 ex
1252 2484 1385 2524 nimia
1426 2484 1712 2537 stragulorum
1763 2497 1861 2523 con-

402 2553 606 2606 gestione.

461 2621 539 2675 [6.]
579 2620 838 2674 Paroxysmo
873 2621 964 2674 jam
999 2620 1134 2670 finito,
1172 2620 1225 2661 ad
1265 2620 1597 2674 praecavendam
1637 2618 1862 2660 recidivam

402 2688 622 2742 sequentia
643 2687 926 2728 exhibeantiu·
942 2705 1011 2728 1-—

401 2778 533 2818 [Fnrm.
558 2777 651 2817 186]
705 2776 743 2827 R
772 2777 967 2811 Pilularum
987 2778 1198 2812 Cochiarum
1218 2778 1398 2823 Majorum
1416 2778 1595 2822 scrupulos
1612 2777 1718 2816 (luos;

587 2836 715 2879 Capiat
739 2836 841 2868 tertia
871 2846 1009 2879 quaque
1035 2834 1090 2869 die
1115 2846 1175 2879 per
1198 2846 1257 2868 sex
1287 2835 1389 2874 vices,
1406 2834 1491 2867 hora
1519 2838 1645 2878 quarta
1674 2832 1861 2872 matutina,

586 2891 903 2936 superdormiendo.
