1985 3308
430 147 721 190 EPISTOLA
752 147 814 188 ΙΙ.
848 146 1283 188 RESPONSORIA.
1501 149 1584 188 323

137 255 245 310 [32]
284 256 339 297 In
358 254 424 296 his
443 254 541 296 licet
562 253 733 296 Medico
753 252 927 295 concedi
946 252 1091 306 possit,
1105 255 1168 302 ut,
1184 256 1409 305 postquam
1426 251 1479 292 ad
1496 252 1583 293 dics
1624 260 1678 290 Dr.
1698 261 1772 291 Luc

130 328 313 375 quatuor
332 323 397 363 vcl
418 322 604 376 quinque
625 336 650 362 a
670 325 883 375 postrema
896 320 1147 361 inunctione
1164 320 1454 361 salivationem
1474 320 1581 360 frus·
1600 303 1782 335 vim-anm.

127 394 197 431 tra
227 390 507 444 praestolatus
547 389 688 440 fuerit,
724 387 1019 429 inunctionem
1049 388 1139 441 jam
1180 401 1302 441 saepe
1337 386 1507 437 dictam,
1540 391 1582 428 et

127 457 295 498 turbith
326 457 542 507 minerale,
574 457 713 498 denuo
744 459 922 510 repetat,
958 455 1206 508 (interjectis
1246 455 1359 495 inter
1395 455 1582 508 singulas

126 523 427 566 inunctionum
466 525 575 565 vices
609 524 757 565 diebus
798 523 986 577 aliquot,)
1022 522 1217 575 religiose
1256 528 1403 563 tamen
1438 536 1582 563 cavere

127 590 266 641 debet,
288 605 356 641 ne,
379 605 477 632 cum
497 596 620 632 tanto
641 590 863 632 conamine
885 590 1176 632 salivationem
1195 591 1409 632 incassum
1431 591 1580 632 sollici-

125 658 290 708 taverit,
314 672 407 698 eam
427 672 502 712 per
522 659 605 699 vim
626 659 782 699 imitae
802 658 995 699 Naturae
1017 663 1266 712 extorquere
1286 663 1449 713 pergat.
1497 657 1582 699 Hic
1601 660 1676 692 Qua
1692 672 1759 691 me-

125 725 270 779 itaque
298 725 448 766 modus
474 726 699 779 (quantum
720 740 798 779 ego
820 726 981 780 judicio
1001 726 1146 779 valeo,)
1171 727 1342 768 Medico
1370 727 1581 768 tenendus
1599 704 1782 786 ξξῗᾶᾶῧοοέἃ-

126 797 203 843 est,
224 797 287 843 ut,
309 792 384 833 ubi
408 793 594 846 primum
623 793 686 834 vel
715 793 936 846 aegritudo
965 794 1189 835 ventriculi
1217 794 1283 835 vel
1309 795 1468 836 ventris
1495 799 1582 836 tor·
1600 789 1643 819 ¹5⁵
1661 799 1764 819 arena.

124 859 244 900 mina
271 860 512 910 succedant,
537 860 682 901 statim
710 860 789 901 sibi
810 864 1018 914 temperet
1041 876 1065 902 a
1088 862 1287 902 remediis
1317 862 1580 913 adhibendis,

126 926 260 968 donec
289 941 338 968 ea
367 927 538 981 penitus
563 927 812 968 evanuerint
845 932 1153 982 symptomata,-
1184 929 1379 982 pluribus
1404 930 1520 971 enim
1540 935 1582 971 et

125 992 370 1034 fortioribus
400 993 598 1034 remediis
634 994 688 1034 ad
727 994 961 1047 cogendam
995 994 1163 1040 Φύσεως
1192 995 1583 1053 ἀντιπραττούσης-1(

125 1060 416 1101 salivationem
451 1061 739 1111 accumulatis,
778 1061 1019 1115 dysenteria
1052 1069 1168 1105 certo
1202 1066 1358 1106 certius
1397 1067 1584 1107 tormina

124 1128 296 1178 ventris,
323 1132 366 1169 et
398 1129 622 1170 ventriculi
649 1129 960 1182 aegritudinem
989 1145 1116 1182 morS,
1139 1133 1329 1186 excipiet.
1393 1135 1503 1175 Cum
1534 1149 1584 1176 ex

120 1195 311 1247 adverso,
346 1197 381 1236 si
411 1197 527 1237 lente
559 1196 732 1237 festinet
773 1201 815 1238 et
855 1212 995 1239 moras
1026 1200 1183 1250 trahat,
1217 1202 1417 1242 mercurii
1449 1203 1583 1243 dulcis

123 1264 371 1317 scrupulum
397 1279 534 1304 unum
565 1264 695 1305 semel
722 1268 795 1305 aut
820 1264 884 1305 bis
909 1265 955 1305 in
983 1267 1220 1319 septimana
1245 1269 1496 1320 exhibendo,
1519 1271 1584 1311 vel

123 1345 199 1384 per
220 1345 276 1382 se,
291 1332 355 1371 vel
375 1346 472 1372 cum
489 1332 690 1372 drachma
710 1347 798 1373 una
819 1333 1042 1374 diascordii
1058 1336 1092 1375 si
1113 1350 1239 1389 aeger
1258 1337 1304 1377 in
1318 1337 1584 1379 diarrhoeam

122 1399 369 1453 propensior
390 1399 456 1450 sit,
479 1400 655 1440 tandem
676 1400 904 1453 aliquando
925 1415 1022 1441 cum
1042 1401 1165 1442 bonis
1187 1403 1303 1455 aegri
1322 1403 1449 1444 rebus
1473 1407 1499 1425 “
1512 1419 1582 1458 op-

121 1471 214 1508 tata
238 1467 426 1521 potietur
447 1466 640 1509 arena¹.’'
709 1467 993 1510 Quantumvis
1015 1469 1130 1509 enim
1150 1470 1402 1523 ptyalismus
1423 1471 1477 1511 ad
1496 1471 1583 1525 ple-

121 1549 228 1577 num
259 1549 482 1589 nunquam
517 1539 722 1588 assurget,
756 1549 881 1588 aeger
911 1540 1059 1576 tamen
1098 1536 1305 1590 copiosius
1342 1551 1470 1591 quam
1504 1553 1581 1592 pro

121 1616 238 1643 more
259 1603 382 1643 solito
403 1607 569 1657 expuet,
593 1608 635 1644 et
655 1603 804 1653 foetor,
822 1604 963 1657 justae
985 1604 1244 1645 salivationis
1265 1619 1418 1657 comes,
1440 1621 1580 1661 neque

120 1671 455 1712 imminutiorem
487 1671 598 1712 hanc
623 1671 849 1712 destituet:
882 1671 996 1712 unde
1024 1672 1232 1713 evincitur
1259 1674 1512 1726 sanguinem
1537 1680 1580 1715 et

121 1739 321 1781 humores
352 1754 446 1782 eam
477 1740 560 1781 sive
590 1739 959 1793 putrefactionem,
983 1739 1065 1780 sive
1102 1739 1411 1791 alterationem,
1438 1742 1579 1795 (quae-

121 1820 289 1861 cunque
310 1821 360 1848 ea
380 1807 553 1848 demum
578 1807 662 1860 sit,)
688 1806 892 1860 attigisse,
917 1821 1024 1860 quae
1047 1807 1113 1848 vel
1141 1808 1253 1861 parit
1276 1808 1578 1859 salivationem‚

121 1875 187 1915 vel
221 1888 319 1916 cum
353 1889 403 1916 ea
434 1875 635 1916 nascitur.
697 1874 841 1927 Atque
880 1873 961 1914 hac
995 1874 1197 1915 methodo
1226 1874 1423 1915 universa
1451 1875 1580 1929 hujus

122 1940 259 1981 morbi
286 1946 571 1995 symptomata
596 1940 783 1982 tandem'
800 1940 1075 1994 expugnabiS,
1102 1955 1300 1983 concesso
1330 1942 1478 1995 utique
1509 1942 1579 1982 de-

122 2006 212 2048 bito
233 2008 432 2061 temporis
454 2009 602 2062 spatio.

188 2075 296 2129 [33]
335 2075 658 2116 Observandum
675 2079 738 2116 est
755 2080 912 2126 autem,
931 2075 1056 2128 quod,
1075 2076 1172 2116 licet
1190 2075 1377 2116 salivatio
1392 2075 1579 2116 remedia

122 2143 216 2194 alia,
239 2143 547 2197 qualiacunque
575 2157 625 2184 ea
653 2143 826 2192 fuerint,
848 2143 894 2182 in
926 2142 1174 2195 extirpanda
1204 2142 1296 2183 Luc
1328 2143 1579 2183 confirmata

121 2211 248 2265 longe
275 2217 488 2265 exuperet,
513 2211 833 2253 Gonorrhoeam
853 2215 1000 2250 tamen
1021 2224 1118 2250 cum
1140 2209 1232 2249 Lue
1253 2214 1577 2250 conciu'rentem

120 2280 372 2333 neutiquam
400 2280 511 2320 valet
543 2293 690 2320 sanare
704 2295 714 2328 ;
750 2291 830 2318 1100
862 2277 1034 2318 sistetur
1064 2277 1147 2326 illa,
1179 2276 1258 2316 hae
1286 2277 1376 2330 jam
1405 2276 1576 2329 penitus

122 2347 295 2389 devicta.
358 2347 486 2388 Unde
518 2352 632 2387 recte
653 2345 878 2398 colligitiu·,
900 2344 1063 2385 nullam
1091 2343 1174 2384 vim
1202 2343 1438 2397 specificam
1465 2357 1574 2384 mer·
1598 2349 1780 2399 Mercurius

121 2414 237 2455 curio
268 2414 417 2465 inesse,
441 2428 523 2469 qua
547 2414 741 2455 Vcnerea
772 2413 885 2454 Lues
915 2412 1158 2453 immediate
1190 2411 1389 2452 debellari
1418 2412 1548 2466 possit
1562 2429 1573 2463 3
1595 2393 1780 2476 ἓέξίξέξῃῃ,

122 2481 354 2535 quamlibet
382 2481 610 2534 specificam
638 2482 856 2522 mediatum
883 2481 991 2522 forte
1017 2480 1098 2521 dici
1121 2485 1346 2531 mereatur,
1369 2479 1414 2520 in
1442 2494 1573 2533 quan·
1594 2479 1773 2510 mediatum

120 2554 216 2590 tum
236 2549 450 2590 mediante
470 2549 694 2604 ptyalismo
721 2548 920 2590 morbum
944 2547 1123 2600 expellat
1136 2563 1148 2597 3
1179 2545 1270 2600 pari
1290 2546 1422 2586 ferme
1447 2562 1573 2587 κατα-

118 2616 272 2673 χρήσει
306 2618 435 2671 (quod
465 2618 566 2658 alias
614 2617 800 2671 [Observ.
822 2616 949 2675 'MecL
981 2615 1119 2655 Praef.
1155 2614 1235 2654 Ed.
1272 2613 1386 2654 Tert.
1422 2614 1444 2667 ᾧ
1475 2614 1565 2668 23.]

118 2683 350 2737 subinnui,)
375 2689 502 2738 atque
523 2684 768 2738 scalpellum
789 2682 1074 2736 chirurgicum
1095 2681 1258 2722 laterali
1279 2681 1426 2722 morbo
1445 2683 1573 2734 speci-

108 2750 237 2804 ficum
259 2756 385 2806 queat
406 2752 619 2807 appellari.
688 2751 796 2805 [34]
836 2750 921 2792 Sed
940 2755 989 2790 ut
1011 2749 1063 2790 ad
1079 2763 1169 2790 rem
1184 2748 1377 2790 redeam:
1411 2749 1573 2802 quoties

160 2877 175 2898 ¹¹
199 2878 249 2910 Cf.
263 2881 382 2910 observ.
398 2881 478 2910 Med.
491 2881 533 2911 iii.
553 2882 581 2911 2.
601 2881 656 2910 54:
675 2890 703 2909 v.
717 2881 744 2910 2.
758 2880 794 2909 16
810 2892 815 2913 ;
923 2876 929 2896 ¹
953 2880 971 2895 “
987 2878 1106 2918 Optata
1125 2877 1224 2907 Tro‘e's
1248 2878 1415 2918 potiuntur
1445 2880 1571 2909 arena.''

120 2923 250 2952 Dissert.
266 2924 363 2962 Epist.
383 2925 397 2962 ξ
418 2923 488 2955 107.
880 2920 983 2960 (Virg.
1002 2923 1076 2951 Aen.
1096 2921 1114 2950 i.
1136 2921 1221 2959 172.)
