1985 3308
597 136 942 178 TRACTATUS
976 137 1013 177 Ι.
1448 142 1530 181 435

73 241 158 282 cari
172 243 342 296 spiritus
356 243 570 284 naturales
588 248 714 298 atque
730 244 869 298 fugari
882 261 893 295 3
915 244 1030 285 unde
1047 248 1110 285 est
1131 244 1182 297 (si
1196 243 1306 285 bene
1322 246 1529 299 conjicio,)
1567 258 1620 288 De
1639 259 1726 288 Pon-

74 309 187 361 quod
207 309 375 351 bibaces
396 315 523 364 atque
543 315 718 364 nepotes
739 311 809 352 isti
836 311 946 352 male
966 311 1117 362 feriati,
1141 311 1346 365 Podagra,
1368 314 1532 368 paraly-
1596 310 1699 331 mum.
1733 337 1735 339 ·

74 375 121 425 si,
144 376 344 431 hydrope,
367 378 541 432 aliisque
560 379 718 419 morbis
747 379 923 433 frigidis,
952 380 1039 420 fere
1066 380 1349 432 perimuntur.
1409 381 1533 422 Adde

75 444 187 497 quod
209 445 324 498 jugis
356 453 397 487 et
428 447 654 488 immodica
684 447 772 487 vini
812 447 1091 500 ingurgitatio
1118 461 1282 500 corpus,
1314 447 1368 488 ad
1399 448 1535 489 instar

73 524 295 565 corporum
326 514 620 566 foeminarum,
644 514 803 556 emollit
830 514 1054 568 laxatque;
1087 528 1185 555 cum
1214 515 1396 568 liquores
1426 520 1534 556 tem-

71 580 208 633 perati
242 582 428 634 partium
458 583 649 623 omnium
679 588 832 623 tonum
865 582 1065 623 roborent
1096 596 1144 623 ac
1179 583 1376 624 firment:
1420 584 1535 625 unde

75 648 148 701 qui
177 648 410 702 liquoribus
436 651 702 692 tenuioribus
735 665 898 705 semper
926 665 1157 701 assuevere‚
1180 651 1419 706 Podagram
1448 653 1537 693 fere

73 716 284 757 nesciunt.
351 718 604 758 Notandum
635 724 698 759 cst
729 720 913 773 insuper,
951 720 1064 773 quod
1102 720 1201 761 huic
1240 721 1389 762 morbo
1419 736 1537 762 max-

73 783 158 825 ime
198 784 370 826 obnoxii
410 785 487 826 viri
527 790 640 836 sunt,
675 787 759 840 qui,
790 787 889 827 lieet
929 787 1202 828 imminutam
1236 787 1396 829 habent
1437 802 1536 829 con-

73 852 309 894 coctionem
338 854 591 905 natmalem,
628 859 773 895 tamen
804 869 855 896 ex
896 856 1078 909 quadam
1121 857 1338 910 sanguinis
1368 857 1538 898 luxuria

72 921 168 975 plus
197 921 297 962 satis
325 922 538 973 nutriunt,
561 926 603 963 et
630 922 942 964 incrementum
968 928 1143 965 sumunt
1165 938 1215 966 ex
1235 925 1414 965 materia
1435 939 1535 979 qua-

75 989 173 1029 dam
207 989 420 1043 indigesta
454 991 545 1031 loco
577 991 840 1032 substantiae
876 991 1052 1032 sanioris
1090 997 1132 1032 et
1167 993 1248 1033 rite
1279 997 1534 1046 compactae.

76 1057 202 1098 Hanc
224 1059 444 1112 sanguinis
464 1058 675 1099 luxuriam
693 1057 914 1100 οἰνοποσία
930 1060 1112 1114 adauget
1128 1060 1279 1113 magiS‚
1296 1075 1343 1101 ac
1359 1061 1536 1114 proinde

73 1128 169 1166 tum
189 1140 343 1166 novam
363 1127 565 1167 materiae
582 1127 801 1168 saburram
818 1128 1070 1179 accumulat,
1088 1133 1183 1169 tum
1199 1128 1328 1170 etiam
1344 1129 1538 1170 fomitem

70 1193 237 1247 jamdiu
266 1195 500 1248 repositum
531 1196 651 1249 quasi
682 1195 853 1237 subdita
878 1196 968 1237 face
989 1201 1087 1237 actu
1107 1197 1153 1237 in
1173 1197 1371 1238 morbum
1391 1211 1538 1251 provo-

75 1266 156 1303 cat.
220 1263 335 1303 Huic
366 1263 538 1305 accedat
573 1264 692 1315 strui,
724 1264 848 1318 quod,
875 1278 973 1305 cum
1004 1265 1336 1318 Podagricorum
1367 1265 1540 1319 sanguis

74 1330 146 1371 isti
175 1331 247 1385 qui
268 1346 290 1372 e
310 1332 629 1385 pleuriticorum
657 1333 917 1385 aliorumque
944 1332 1103 1373 morbis
1124 1333 1461 1374 inflammatoriis
1480 1333 1540 1373 la-

74 1398 321 1441 borantium
345 1401 526 1454 pertusis
554 1401 671 1441 venis
701 1400 938 1441 extrahitiu·
958 1401 1182 1454 persimilis
1204 1401 1271 1451 sit,
1292 1401 1542 1442 insanorum

76 1472 184 1508 esset
206 1469 458 1522 sanguinem
483 1470 574 1523 jam
595 1468 801 1525 ὀρΎιῶντα
824 1470 1002 1510 ulterius
1035 1469 1271 1523 spirituosis
1292 1470 1540 1524 liquoribus,

75 1549 154 1577 ceu
173 1533 318 1590 ignem
334 1537 438 1588 oleo,
460 1538 678 1591 proritare.
739 1537 893 1591 Neque
919 1537 1055 1578 tutius
1084 1551 1135 1578 ex
1165 1538 1337 1579 adverso
1358 1538 1541 1592 liquores
1561 1546 1676 1595 Neque
1692 1550 1744 1596 {u-

75 1604 257 1645 nimium
271 1606 570 1660 refrigerantes
583 1606 630 1646 in
644 1621 771 1647 usum
787 1611 1050 1657 revocantur,
1066 1620 1164 1647 cum
1176 1607 1234 1657 hi,
1249 1607 1541 1648 concoctiones
1559 1594 1746 1663 ξζζιζζζζζῖίὃ

74 1687 245 1728 prorsus
274 1674 508 1729 dejiciendo
536 1680 578 1716 et
607 1675 895 1729 extinguendo
923 1676 1105 1716 calorem
1132 1676 1384 1727 naturalem,
1410 1676 1541 1730 majo-
1559 1675 1699 1724 liquores

75 1756 167 1784 rem
198 1742 336 1783 adhuc
365 1758 521 1784 noxam
546 1743 759 1794 inferant3
790 1758 879 1785 non
905 1744 1092 1785 dolorem
1119 1744 1289 1795 scilicet,
1311 1749 1360 1785 ut
1381 1744 1540 1796 vinum,
1560 1729 1726 1799 prlilggafff

77 1810 151 1852 sed
176 1811 312 1864 ipsam
339 1811 443 1852 adeo
471 1817 677 1852 mortem:
710 1817 836 1865 prout
864 1812 1124 1866 experientia
1151 1813 1273 1854 docet
1301 1813 1346 1853 in
1367 1813 1431 1864 iis,
1455 1814 1540 1867 qui,
1561 1804 1734 1877 ffifflgssss-

78 1878 131 1919 ad
171 1879 336 1919 senium
375 1894 509 1933 usque
547 1880 646 1920 vino
689 1880 904 1921 liberalius
944 1880 1231 1934 indulgentes,
1274 1896 1428 1934 aquam
1468 1886 1542 1922 aut
1561 1895 1682 1920 cantur.

77 1947 290 1987 tenuiores
320 1947 502 2000 liquores
534 1947 761 2001 derepente
796 1962 893 1988 cum
922 1948 1033 1999 vino,
1063 1953 1105 1989 et
1134 1963 1223 1989 non
1254 1949 1315 1989 ita
1345 1949 1420 1989 diu
1448 1953 1542 2002 post

77 2014 209 2055 vitam
230 2029 327 2055 cum
348 2020 497 2066 morte,
520 2020 850 2056 commutarunt.

143 2083 250 2137 [47]
291 2084 374 2124 Hic
395 2084 538 2137 itaque
560 2084 777 2138 Podagrae
799 2084 990 2125 obnoxiis
1014 2085 1060 2125 in
1084 2089 1190 2138 potu
1209 2085 1360 2126 modus
1382 2089 1541 2126 statua·
1561 2099 1644 2131 Quis
1661 2110 1731 2131 mo-

77 2155 150 2192 tur
161 2169 173 2202 5
204 2157 253 2192 ut
274 2152 324 2192 iis
345 2157 523 2193 utantur
542 2153 789 2206 liquoribus,
814 2154 887 2207 qui
906 2167 1045 2207 neque
1066 2154 1131 2194 vel
1150 2154 1197 2193 in
1217 2154 1401 2195 maxima
1422 2155 1542 2208 copia
1560 2142 1728 2216 {lffissffitffj'

79 2220 286 2273 assumpti
315 2220 524 2261 inebriare
558 2227 749 2274 possunt,
785 2235 924 2275 neque
958 2222 1114 2275 frigore
1151 2235 1226 2262 suo
1258 2222 1541 2263 ventriculum
1559 2229 1667 2260 endus.

78 2287 257 2328 laedere.
320 2288 580 2342 Hujusmodi
606 2294 668 2329 est
694 2290 756 2342 (ut
778 2289 890 2342 dixi,)
916 2290 1114 2330 cerevisia
1133 2290 1276 2331 tenuis
1297 2294 1476 2341 nostras,
1499 2295 1541 2331 et

79 2355 126 2395 in
160 2356 251 2396 aliis
285 2356 528 2409 regionibus
559 2357 707 2398 confici
737 2358 892 2411 poterit
913 2372 964 2398 ex
984 2358 1121 2399 multa
1151 2373 1261 2412 aqua
1291 2373 1388 2399 cum
1408 2373 1542 2413 pauco

79 2424 178 2465 vino
209 2425 428 2478 permixta.
488 2427 659 2479 Aquam
693 2441 846 2480 puram
882 2427 1154 2480 crudamque,
1187 2431 1229 2468 et
1260 2427 1541 2481 periculosam

81 2491 289 2542 existimo,
332 2496 374 2533 et
414 2498 611 2546 expertus
658 2509 753 2535 sum
797 2509 892 2536 meo
941 2495 1110 2536 damno.
1190 2495 1398 2536 Attamen
1440 2495 1540 2535 satis
1562 2497 1743 2528 Abineun-

80 2559 298 2600 commode
341 2560 393 2600 ab
423 2560 599 2602 ineunte
646 2568 783 2603 aetate
822 2568 994 2616 potatur
1038 2577 1159 2617 aqua,
1202 2577 1285 2616 qua
1332 2563 1542 2616 hodieque
1559 2545 1742 2613 {Zt‘ffitffiffi

80 2627 207 2681 longe
242 2627 376 2681 major
407 2628 630 2669 hominum
661 2644 757 2683 pars
791 2630 906 2670 sitim
935 2630 1071 2670 levat:
1104 2630 1247 2683 inopia
1279 2643 1355 2669 sua
1384 2629 1539 2670 felicio·
1558 2626 1724 2699 ἒῗξξέῑῖξῡ-

79 2709 146 2736 res
175 2701 274 2736 sunt
306 2696 367 2736 illi
396 2711 523 2750 quam
549 2711 626 2737 nos
657 2703 803 2738 nostra
823 2698 942 2751 copia
962 2703 1004 2739 et
1030 2698 1145 2737 luxu.
1207 2697 1352 2738 Testes
1380 2697 1542 2751 appello
1561 2722 1652 2752 aqua.

80 2763 233 2818 ingens
274 2763 520 2804 morborum
563 2779 729 2818 agmen,
753 2780 835 2819 quo
870 2779 1044 2819 corpora
1078 2770 1224 2806 nostra
1258 2766 1338 2807 hoc
1369 2767 1543 2808 nomine
1561 2766 1662 2838 5:213}
1674 2770 1732 2838 gg-

80 2831 402 2882 discruciant-ur,
426 2832 663 2886 Podagram
688 2833 857 2883 scilicet,
884 2833 1104 2884 calculum,
1128 2835 1402 2888 apoplexiam,
1423 2849 1542 2889 para·
1562 2852 1644 2881 tivae
1663 2857 1733 2882 tum

82 2899 204 2953 lysin,
238 2905 342 2951 εἴας
379 2905 472 2942 tum
504 2907 545 2942 et
576 2902 660 2942 vim
691 2901 843 2942 animis
874 2902 1048 2953 illatam,
1081 2917 1163 2956 qua
1198 2917 1222 2943 a
1252 2903 1395 2956 nativa
1422 2903 1544 2945 recti·
1564 2905 1718 2968 ξδ’ᾚὶζξι
