1985 3308
396 157 479 206 186
812 155 892 196 ΤΗ
899 155 1070 197 ΟΜΑΕ
1104 153 1445 196 SYDENIIAM

195 275 374 304 Morinum
393 262 510 303 dium
532 263 647 304 omni
667 268 791 304 nocte
812 263 864 304 ab
886 263 975 317 ipso
997 263 1133 304 morbi
1152 263 1314 303 insultu
1334 275 1410 315 per
1429 266 1569 301 totum
1591 259 1681 314 ejus
1703 259 1851 300 decur-

193 319 287 346 Ακκι
315 318 375 348 ’70.

191 1993 335 2023 Infantes

190 2035 285 2073 febre,
297 2037 370 2076 dys-

189 2089 299 2118 pnoea,

190 2121 325 2160 aliisque

190 2164 361 2194 accidenti-

190 2207 259 2243 bus,
276 2213 347 2246 post

194 2249 361 2279 Morbillo-

191 2301 263 2321 rum
280 2292 342 2322 dis-

193 2344 317 2364 cessum
331 2335 376 2365 la-

192 2376 346 2413 hommes,

192 2429 376 2450 venae-sec-

191 2462 275 2491 tione
291 2463 357 2492 sola

191 2503 374 2535 liberantur.

395 346 486 371 sum
510 331 794 372 exhibendum
817 332 970 372 curavi.
1032 331 1227 384 Exempli
1249 330 1383 383 gratia
1399 346 1467 370 :—

397 422 527 466 [Form.
547 422 638 466 27.]¹
688 420 726 464 R
768 421 913 455 Deeocti
934 421 1121 454 Pectoralis
1139 420 1390 465 sesquilibram,

769 478 896 524 Syrupi
915 478 1083 517 Violacei,

773 534 935 581 [Syrupi]
955 535 1173 579 Capillorum
1191 534 1346 574 Veneris,
1363 545 1431 567 ana
1447 533 1702 578 sesquiunciam
1716 545 1724 571 ;

583 593 716 631 Misce;
751 594 811 626 fiat
843 603 1031 638 apozema:
1071 592 1187 636 capiat
1213 592 1334 625 uncias
1360 599 1427 625 tres
1453 591 1504 624 vel
1538 596 1688 634 quatuor
1718 595 1769 622 ter
1801 589 1853 622 vel

583 658 706 695 quater
722 653 756 685 in
776 650 842 684 die.

397 731 526 776 [Form.
544 731 635 774 ‘NJ‘
686 729 724 772 R
765 729 840 763 Olci
861 729 1134 773 Amygdalarum
1155 728 1322 761 Dulcium
1342 729 1463 762 uncias
1480 727 1578 768 duas,

707 775 709 779 V
771 787 895 831 Syrupi
915 786 1082 826 Violacci,

769 844 928 889 [Syrupi]
948 843 1166 887 Capillorum
1183 841 1342 883 Veneris,
1355 853 1423 876 ana
1440 842 1581 875 unciam
1598 851 1720 881 unam,

768 901 932 935 Sacchari
950 900 1064 934 Caudi
1083 900 1163 933 Albi
1180 900 1414 944 quantitatem
1432 899 1658 933 sufficientem
1677 912 1684 937 ;

579 959 711 997 Misce;
737 959 797 992 fiat
819 959 987 1003 eelegma‚
1013 957 1055 991 de
1081 968 1148 1001 quo
1174 957 1312 1002 saepius
1334 957 1480 997 lambat,
1501 957 1686 1001 praecipue
1715 956 1855 1001 quando

579 1017 682 1051 tussis
699 1022 811 1061 urget.

396 1098 526 1141 [For-m.
545 1096 619 1140 297]
686 1095 726 1138 R
766 1098 889 1141 Aquae
907 1097 1113 1130 cerasorum
1133 1095 1323 1142 Nigrorum
1342 1096 1463 1130 uncias
1481 1101 1559 1135 tres,

767 1154 894 1199 Syrupi
913 1153 955 1187 de
974 1154 1138 1188 Meconio
1155 1154 1296 1187 unciam
1316 1164 1422 1187 unam
1439 1166 1447 1193 ;

579 1213 692 1247 Misce
706 1226 713 1253 ;
739 1214 800 1246 fiat
815 1212 974 1252 haustus,
990 1211 1181 1245 sumendus
1197 1212 1345 1255 siugulis
1362 1212 1533 1245 noctibus.

395 1294 439 1333 Si
467 1307 563 1333 vero
587 1293 726 1333 infans
755 1292 893 1332 fuerat
921 1305 1058 1344 aeger,
1084 1290 1318 1331 minuenda
1345 1295 1434 1331 erat
1462 1295 1550 1331 tam
1578 1291 1855 1344 pectoralium

392 1377 518 1416 quam
539 1361 739 1402 narcotici
761 1361 882 1411 dosis,
906 1375 980 1414 pro
1001 1360 1164 1400 ratione
1186 1359 1343 1400 scilicet
1365 1359 1528 1400 aetatis.

399 1472 401 1474 ,
457 1430 535 1484 [6.]
576 1430 804 1470 Rarissime
825 1429 934 1482 perit
956 1429 1028 1482 qui
1049 1429 1128 1468 hoc
1148 1428 1287 1468 utitur
1307 1428 1540 1481 regimine,
1574 1442 1665 1479 nec,
1688 1433 1856 1483 praeter

392 1498 627 1539 necessaria
648 1503 774 1551 atque
790 1497 1050 1538 inevitabilia
1071 1496 1208 1537 morbi
1225 1501 1523 1551 symptomata,
1541 1497 1660 1538 novis
1681 1498 1858 1552 insuper

393 1566 514 1606 malis
546 1566 758 1606 atteritur.
819 1565 962 1605 Tussis
990 1579 1090 1618 prae
1117 1565 1291 1618 reliquis
1321 1565 1498 1618 fatigat,·
1536 1579 1561 1605 a
1591 1579 1675 1619 qua
1703 1570 1857 1606 tamen

394 1634 499 1674 nihil
541 1640 603 1674 est
640 1633 827 1687 periculi,
860 1633 942 1673 nisi
977 1633 1126 1674 morbo
1153 1633 1242 1685 jam
1274 1638 1635 1686 praetergresso²;
1672 1648 1853 1688 cumque

394 1702 531 1743 adhuc
564 1717 638 1755 per
671 1702 953 1755 septimanam
986 1715 1118 1741 unam
1151 1706 1225 1741 aut
1260 1701 1435 1741 alteram
1478 1701 1690 1754 persistat,
1725 1716 1852 1743 aurae

392 1770 598 1811 liberioris
633 1785 727 1819 usu,
760 1784 808 1810 ac
838 1769 1063 1810 remediis⁸
1092 1768 1255 1822 pectori
1289 1768 1451 1819 dicatis,
1483 1769 1599 1809 haud
1630 1769 1857 1811 difficulter

392 1839 567 1892 fugatur
583 1855 593 1888 ;
626 1839 816 1892 quinimo
842 1842 991 1891 sponte
1020 1852 1096 1878 sua
1127 1842 1169 1878 et
1200 1837 1407 1890 paulatim
1436 1837 1654 1888 decrescit,
1684 1841 1727 1879 et
1759 1842 1855 1879 tan-

395 1907 491 1947 dem
513 1907 684 1948 fatiscit.

460 1974 539 2028 [7.]
580 1975 626 2014 Si
657 1979 800 2015 autem
835 1988 971 2027 aeger,
1005 1987 1029 2013 a
1064 1973 1354 2014 cardiacorum
1386 1974 1452 2014 vel
1487 1973 1709 2027 regiminis
1739 1975 1858 2028 justo

396 2044 644 2085 calidiorum
661 2042 779 2093 usub,
795 2048 889 2097 post
911 2057 1057 2083 eorum
1080 2042 1311 2083 discessum
1331 2042 1467 2097 (quod
1487 2043 1629 2084 valdee
1654 2048 1717 2084 est
1737 2043 1858 2084 fami-

394 2112 526 2164 liare,)
552 2111 668 2152 febre
688 2111 931 2152 vehementi
956 2117 1083 2164 atque
1112 2111 1327 2165 dyspnoea
1348 2111 1524 2165 aliisque
1553 2111 1857 2162 accidentibus,

395 2180 534 2234 qualia
566 2179 960 2234 peripneumonicos
997 2180 1134 2220 solent
1171 2179 1368 2232 affligere,
1402 2180 1449 2220 in
1482 2179 1594 2220 vitae
1630 2179 1859 2221 discrimen

395 2248 643 2298 adducatur,
672 2248 913 2288 felicissimo
946 2262 1110 2301 semper
1142 2253 1310 2298 eventu,
1339 2248 1404 2288 vel
1435 2247 1765 2288 tenerrimorum
1791 2248 1856 2288 in-

395 2316 561 2356 fantum
591 2330 719 2356 venas
747 2316 791 2355 in
821 2316 994 2356 brachio
1026 2316 1150 2366 secui,
1179 2315 1333 2356 educta
1363 2329 1412 2355 ea
1443 2315 1662 2368 sanguinis
1693 2315 1858 2369 quanti-

396 2390 484 2424 tate
505 2398 631 2437 quam
663 2389 777 2424 aetas
797 2384 985 2437 viresque
1016 2383 1264 2424 indicarent.
1328 2383 1596 2437 Quandoque
1626 2383 1767 2434 etiam,
1788 2398 1858 2424 ur-

398 2458 524 2504 gente
549 2452 710 2502 morbo‚
736 2451 1068 2505 phlebotomiam
1098 2452 1250 2492 iterare
1277 2451 1391 2491 haud
1419 2466 1512 2491 sum
1539 2451 1708 2492 veritus.
1757 2452 1858 2493 Pro-

396 2520 506 2561 fecto
526 2521 642 2561 haud
661 2535 815 2574 paucos
830 2521 1016 2561 infantes
1036 2521 1116 2561 hoc
1137 2520 1280 2560 statim
1303 2525 1587 2574 symptomate
1608 2520 1857 2571 enecando-³³,
1907 2560 1910 2562 .

400 2588 692 2639 (benedicente
722 2589 899 2629 Summo
929 2588 1157 2641 Nmuxa)
1185 2588 1313 2628 misso
1341 2588 1546 2641 sanguine
1577 2587 1723 2642 eripui.
1785 2588 1857 2628 In-

395 2656 580 2697 fantibus
602 2663 743 2697 autem
772 2657 922 2698 accidit
946 2657 1051 2696 illud
1078 2662 1172 2709 post
1200 2655 1499 2696 Morbium-um
1521 2670 1745 2707 recessum,
1769 2655 1858 2709 qui-

439 2767 450 2780 x
477 2762 524 2791 (Ὺ.
544 2762 666 2792 soi-mm.
685 2765 736 2797 35,
758 2764 826 2798 165,
844 2763 913 2795 177.
933 2765 1003 2793 250.
1165 2764 1394 2802 amygdalarum
1422 2764 1566 2800 dulcium,
1590 2768 1679 2803 atque
1706 2765 1738 2793 id
1764 2773 1860 2803 genus

440 2804 448 2823 ³
479 2805 526 2834 (31¹.
546 2805 669 2834 soi-mm.
689 2807 738 2840 36,
761 2807 829 2841 166,
852 2806 920 2837 178.
1154 2808 1293 2835 remediis
1309 2805 1356 2836 ed.
1375 2805 1436 2836 ¹76.

441 2848 449 2860 ²
466 2846 535 2883 jum
551 2847 666 2886 praet]
685 2850 803 2878 sublato
819 2848 866 2878 cd.
886 2849 946 2879 ⁴76.
1198 2847 1211 2866 ὓ
1236 2847 1307 2888 usu]
1326 2850 1372 2878 vel
1388 2849 1541 2878 Morbillis
1556 2850 1654 2878 adhuc
1677 2849 1858 2888 rigentibus,
1886 2855 1890 2858 ”

439 2894 448 2903 ‘⁵
474 2900 509 2916 m·
526 2889 652 2929 rvmcffl]
671 2892 787 2920 decocto
807 2893 964 2929 prs-toran,
981 2902 1093 2931 syrnpo
1153 2892 1200 2920 vel
1214 2890 1284 2921 add.
1301 2891 1347 2922 ed-
1367 2891 1428 2922 ¹76.

395 2932 547 2966 violarum,
573 2935 747 2971 capillorum
781 2935 912 2968 Veneris,
941 2945 1004 2963 cum
1033 2935 1094 2964 oleo
1195 2937 1206 2951 ⁶
1231 2932 1333 2973 valde]
1357 2935 1457 2973 magis
1473 2933 1522 2963 ed.
1540 2933 1601 2966 “76.

1977 254 1985 830 ᾼῌ-Αι-ᾳ-η-Ἀι-α.-.
