<?xml version="1.0" encoding="UTF-8"?>
<!DOCTYPE html PUBLIC "-//W3C//DTD XHTML 1.0 Transitional//EN"
    "http://www.w3.org/TR/xhtml1/DTD/xhtml1-transitional.dtd">
<html xmlns="http://www.w3.org/1999/xhtml" xml:lang="en" lang="en">
 <head>
  <title>
</title>
<meta http-equiv="Content-Type" content="text/html;charset=utf-8" />
  <meta name='ocr-system' content='tesseract 3.04.00' />
  <meta name='ocr-capabilities' content='ocr_page ocr_carea ocr_par ocr_line ocrx_word'/>
</head>
<body>
  <div class='ocr_page' id='page_1' title='image "./thomaesydenhammd00sydeuoft_0639.png"; bbox 0 0 1985 3308; ppageno 0'>
   <div class='ocr_carea' id='block_1_1' title="bbox 548 134 1600 183">
    <p class='ocr_par' dir='ltr' id='par_1_1' title="bbox 548 134 1600 183">
     <span class='ocr_line' id='line_1_1' title="bbox 548 134 1600 183; baseline 0.007 -8"><span class='ocrx_word' id='word_1_1' title='bbox 548 134 891 177; x_wconf 86' lang='lat' dir='ltr'><strong>PROCESSUS</strong></span> <span class='ocrx_word' id='word_1_2' title='bbox 924 136 1191 180; x_wconf 85' lang='lat' dir='ltr'><strong>INTEGRI.</strong></span> <span class='ocrx_word' id='word_1_3' title='bbox 1516 142 1600 183; x_wconf 90' lang='lat'>603</span> 
     </span>
    </p>
   </div>
   <div class='ocr_carea' id='block_1_2' title="bbox 321 242 1802 446">
    <p class='ocr_par' dir='ltr' id='par_1_2' title="bbox 321 242 1802 446">
     <span class='ocr_line' id='line_1_2' title="bbox 512 242 1739 289; baseline 0.005 -12"><span class='ocrx_word' id='word_1_4' title='bbox 512 242 680 277; x_wconf 86' lang='lat' dir='ltr'>Cinerum</span> <span class='ocrx_word' id='word_1_5' title='bbox 698 242 874 278; x_wconf 84' lang='lat' dir='ltr'>Foliorum</span> <span class='ocrx_word' id='word_1_6' title='bbox 891 244 1070 286; x_wconf 82' lang='lat' dir='ltr'>Abrotani‚</span> <span class='ocrx_word' id='word_1_7' title='bbox 1087 256 1156 280; x_wconf 82' lang='lat' dir='ltr'>ana</span> <span class='ocrx_word' id='word_1_8' title='bbox 1172 245 1312 280; x_wconf 87' lang='lat' dir='ltr'>unciam</span> <span class='ocrx_word' id='word_1_9' title='bbox 1329 257 1457 289; x_wconf 79' lang='lat' dir='ltr'>unam3</span> <span class='ocrx_word' id='word_1_10' title='bbox 1684 256 1739 288; x_wconf 67' lang='grc' dir='ltr'>ΒΕ</span> 
     </span>
     <span class='ocr_line' id='line_1_3' title="bbox 325 296 1802 348; baseline 0.005 -17"><span class='ocrx_word' id='word_1_11' title='bbox 325 296 542 332; x_wconf 88' lang='lat' dir='ltr'>Miseeantur</span> <span class='ocrx_word' id='word_1_12' title='bbox 557 299 671 344; x_wconf 85' lang='lat' dir='ltr'>probe,</span> <span class='ocrx_word' id='word_1_13' title='bbox 689 304 724 333; x_wconf 84' lang='lat' dir='ltr'>et</span> <span class='ocrx_word' id='word_1_14' title='bbox 742 299 803 333; x_wconf 85' lang='lat' dir='ltr'>fiat</span> <span class='ocrx_word' id='word_1_15' title='bbox 818 300 1051 341; x_wconf 85' lang='lat' dir='ltr'>linimentum,</span> <span class='ocrx_word' id='word_1_16' title='bbox 1065 311 1135 344; x_wconf 89' lang='lat' dir='ltr'>quo</span> <span class='ocrx_word' id='word_1_17' title='bbox 1152 301 1344 345; x_wconf 83' lang='lat' dir='ltr'>inungatur</span> <span class='ocrx_word' id='word_1_18' title='bbox 1361 307 1472 336; x_wconf 91' lang='lat' dir='ltr'>totum</span> <span class='ocrx_word' id='word_1_19' title='bbox 1490 310 1596 348; x_wconf 84' lang='lat' dir='ltr'>caput</span> <span class='ocrx_word' id='word_1_20' title='bbox 1620 297 1802 339; x_wconf 68' lang='lat' dir='ltr'><strong>FURFURB,</strong></span> 
     </span>
     <span class='ocr_line' id='line_1_4' title="bbox 323 342 1734 404; baseline 0.005 -16"><span class='ocrx_word' id='word_1_21' title='bbox 323 355 471 399; x_wconf 83' lang='lat' dir='ltr'>singulis</span> <span class='ocrx_word' id='word_1_22' title='bbox 487 356 680 397; x_wconf 80' lang='lat' dir='ltr'>matutinis,</span> <span class='ocrx_word' id='word_1_23' title='bbox 697 356 881 402; x_wconf 83' lang='lat' dir='ltr'>diligenter</span> <span class='ocrx_word' id='word_1_24' title='bbox 897 356 1103 399; x_wconf 65' lang='lat' dir='ltr'>intricando,</span> <span class='ocrx_word' id='word_1_25' title='bbox 1121 363 1156 392; x_wconf 86' lang='lat' dir='ltr'>et</span> <span class='ocrx_word' id='word_1_26' title='bbox 1172 364 1293 403; x_wconf 86' lang='lat' dir='ltr'>postea</span> <span class='ocrx_word' id='word_1_27' title='bbox 1309 360 1594 404; x_wconf 77' lang='lat' dir='ltr'>superimponen-</span> <span class='ocrx_word' id='word_1_28' title='bbox 1677 342 1734 373; x_wconf 86' lang='lat' dir='ltr'>&amp;e.</span> 
     </span>
     <span class='ocr_line' id='line_1_5' title="bbox 321 410 698 446; baseline 0.005 -2"><span class='ocrx_word' id='word_1_29' title='bbox 321 410 366 444; x_wconf 86' lang='lat' dir='ltr'>do</span> <span class='ocrx_word' id='word_1_30' title='bbox 384 412 533 445; x_wconf 84' lang='lat' dir='ltr'>vesicam</span> <span class='ocrx_word' id='word_1_31' title='bbox 551 412 698 446; x_wconf 82' lang='lat' dir='ltr'>suillum.</span> 
     </span>
    </p>
   </div>
   <div class='ocr_carea' id='block_1_3' title="bbox 1611 387 1796 395">
    <p class='ocr_par' dir='ltr' id='par_1_3' title="bbox 1611 387 1796 395">
     <span class='ocr_line' id='line_1_6' title="bbox 1611 387 1796 395; baseline 0 2913"><span class='ocrx_word' id='word_1_32' title='bbox 1611 387 1796 395; x_wconf 95' lang='lat' dir='ltr'> </span> 
     </span>
    </p>
   </div>
   <div class='ocr_carea' id='block_1_4' title="bbox 132 489 1590 679">
    <p class='ocr_par' dir='ltr' id='par_1_4' title="bbox 132 489 1590 679">
     <span class='ocr_line' id='line_1_7' title="bbox 191 489 1590 547; baseline 0.004 -17"><span class='ocrx_word' id='word_1_33' title='bbox 191 489 251 530; x_wconf 89' lang='lat' dir='ltr'>At</span> <span class='ocrx_word' id='word_1_34' title='bbox 283 490 469 543; x_wconf 89' lang='lat' dir='ltr'>primum</span> <span class='ocrx_word' id='word_1_35' title='bbox 499 491 726 532; x_wconf 81' lang='lat' dir='ltr'>abradatur</span> <span class='ocrx_word' id='word_1_36' title='bbox 756 496 896 533; x_wconf 86' lang='lat' dir='ltr'>totum</span> <span class='ocrx_word' id='word_1_37' title='bbox 927 493 1188 547; x_wconf 87' lang='lat' dir='ltr'>capillitium,</span> <span class='ocrx_word' id='word_1_38' title='bbox 1216 497 1259 534; x_wconf 88' lang='lat' dir='ltr'>et</span> <span class='ocrx_word' id='word_1_39' title='bbox 1288 497 1435 547; x_wconf 88' lang='lat' dir='ltr'>postea</span> <span class='ocrx_word' id='word_1_40' title='bbox 1466 493 1590 535; x_wconf 88' lang='lat' dir='ltr'>defri-</span> 
     </span>
     <span class='ocr_line' id='line_1_8' title="bbox 132 559 1590 615; baseline 0.005 -19"><span class='ocrx_word' id='word_1_41' title='bbox 132 561 283 597; x_wconf 83' lang='lat' dir='ltr'>centur</span> <span class='ocrx_word' id='word_1_42' title='bbox 317 559 606 611; x_wconf 84' lang='lat' dir='ltr'>squammulae</span> <span class='ocrx_word' id='word_1_43' title='bbox 639 560 796 601; x_wconf 88' lang='lat' dir='ltr'>sensim</span> <span class='ocrx_word' id='word_1_44' title='bbox 828 560 1006 615; x_wconf 81' lang='lat' dir='ltr'>singulis</span> <span class='ocrx_word' id='word_1_45' title='bbox 1037 561 1211 612; x_wconf 78' lang='lat' dir='ltr'>auroris,</span> <span class='ocrx_word' id='word_1_46' title='bbox 1242 566 1368 615; x_wconf 90' lang='lat' dir='ltr'>prout</span> <span class='ocrx_word' id='word_1_47' title='bbox 1398 561 1590 604; x_wconf 83' lang='lat' dir='ltr'>decidere</span> 
     </span>
     <span class='ocr_line' id='line_1_9' title="bbox 132 626 481 679; baseline 0.011 -14"><span class='ocrx_word' id='word_1_48' title='bbox 132 639 289 679; x_wconf 86' lang='lat' dir='ltr'>pronae</span> <span class='ocrx_word' id='word_1_49' title='bbox 309 626 481 670; x_wconf 83' lang='lat' dir='ltr'>fuerint.</span> 
     </span>
    </p>
   </div>
   <div class='ocr_carea' id='block_1_5' title="bbox 573 753 1138 902">
    <p class='ocr_par' dir='ltr' id='par_1_5' title="bbox 573 753 1138 902">
     <span class='ocr_line' id='line_1_10' title="bbox 720 753 997 794; baseline 0.004 -1"><span class='ocrx_word' id='word_1_50' title='bbox 720 753 845 794; x_wconf 86' lang='lat' dir='ltr'>CAP.</span> <span class='ocrx_word' id='word_1_51' title='bbox 879 753 997 794; x_wconf 86' lang='lat' dir='ltr'><strong>LIV.</strong></span> 
     </span>
     <span class='ocr_line' id='line_1_11' title="bbox 573 859 1138 902; baseline 0.007 -4"><span class='ocrx_word' id='word_1_52' title='bbox 573 859 636 899; x_wconf 81' lang='lat' dir='ltr'>De</span> <span class='ocrx_word' id='word_1_53' title='bbox 655 859 803 900; x_wconf 76' lang='lat' dir='ltr'>Morsu</span> <span class='ocrx_word' id='word_1_54' title='bbox 829 861 952 901; x_wconf 76' lang='lat' dir='ltr'>Canis</span> <span class='ocrx_word' id='word_1_55' title='bbox 973 861 1138 902; x_wconf 72' lang='lat' dir='ltr'>Rabidi.</span> 
     </span>
    </p>
   </div>
   <div class='ocr_carea' id='block_1_6' title="bbox 125 945 1776 1383">
    <p class='ocr_par' dir='ltr' id='par_1_6' title="bbox 125 945 1748 1125">
     <span class='ocr_line' id='line_1_12' title="bbox 185 945 1712 1005; baseline 0.007 -20"><span class='ocrx_word' id='word_1_56' title='bbox 185 945 296 986; x_wconf 73' lang='lat' dir='ltr'>Posr</span> <span class='ocrx_word' id='word_1_57' title='bbox 337 946 619 1000; x_wconf 87' lang='lat' dir='ltr'>quadraginta</span> <span class='ocrx_word' id='word_1_58' title='bbox 659 949 747 989; x_wconf 89' lang='lat' dir='ltr'>dies</span> <span class='ocrx_word' id='word_1_59' title='bbox 788 954 861 990; x_wconf 81' lang='lat' dir='ltr'>aut</span> <span class='ocrx_word' id='word_1_60' title='bbox 900 951 1042 1005; x_wconf 66' lang='lat' dir='ltr'>phucs</span> <span class='ocrx_word' id='word_1_61' title='bbox 1088 950 1394 992; x_wconf 85' lang='lat' dir='ltr'>melancholica</span> <span class='ocrx_word' id='word_1_62' title='bbox 1428 951 1585 992; x_wconf 82' lang='lat' dir='ltr'>adsunt</span> <span class='ocrx_word' id='word_1_63' title='bbox 1605 963 1712 995; x_wconf 84' lang='lat' dir='ltr'>Morbi</span> 
     </span>
     <span class='ocr_line' id='line_1_13' title="bbox 126 1013 1748 1080; baseline 0.006 -28"><span class='ocrx_word' id='word_1_64' title='bbox 126 1018 423 1066; x_wconf 82' lang='lat' dir='ltr'>symptomata,</span> <span class='ocrx_word' id='word_1_65' title='bbox 465 1015 606 1066; x_wconf 79' lang='lat' dir='ltr'>febris,</span> <span class='ocrx_word' id='word_1_66' title='bbox 639 1016 742 1069; x_wconf 84' lang='lat' dir='ltr'>sitis,</span> <span class='ocrx_word' id='word_1_67' title='bbox 779 1017 1084 1072; x_wconf 76' lang='lat' dir='ltr'>hydrophobia,</span> <span class='ocrx_word' id='word_1_68' title='bbox 1117 1023 1158 1060; x_wconf 93' lang='lat' dir='ltr'>ct</span> <span class='ocrx_word' id='word_1_69' title='bbox 1195 1019 1369 1059; x_wconf 88' lang='lat' dir='ltr'>tandem</span> <span class='ocrx_word' id='word_1_70' title='bbox 1399 1019 1586 1073; x_wconf 88' lang='lat' dir='ltr'>partium</span> <span class='ocrx_word' id='word_1_71' title='bbox 1602 1013 1748 1080; x_wconf 54' lang='lat' dir='ltr'>lsffffg&#39;m&#39;</span> 
     </span>
     <span class='ocr_line' id='line_1_14' title="bbox 125 1083 660 1125; baseline 0.007 -4"><span class='ocrx_word' id='word_1_72' title='bbox 125 1087 412 1123; x_wconf 78' lang='lat' dir='ltr'>extremarum</span> <span class='ocrx_word' id='word_1_73' title='bbox 433 1083 660 1125; x_wconf 71' lang='lat' dir='ltr'>conwilsio.</span> 
     </span>
    </p>

    <p class='ocr_par' dir='ltr' id='par_1_7' title="bbox 125 1168 1776 1383">
     <span class='ocr_line' id='line_1_15' title="bbox 125 1168 1776 1222; baseline 0.008 -19"><span class='ocrx_word' id='word_1_74' title='bbox 125 1168 257 1209; x_wconf 71' lang='lat' dir='ltr'>[For-m.</span> <span class='ocrx_word' id='word_1_75' title='bbox 276 1174 375 1217; x_wconf 61' lang='lat'>252]</span> <span class='ocrx_word' id='word_1_76' title='bbox 431 1170 473 1216; x_wconf 67' lang='lat' dir='ltr'>R</span> <span class='ocrx_word' id='word_1_77' title='bbox 502 1172 650 1216; x_wconf 85' lang='lat' dir='ltr'>Spiritus</span> <span class='ocrx_word' id='word_1_78' title='bbox 667 1173 750 1208; x_wconf 77' lang='lat' dir='ltr'>Vini</span> <span class='ocrx_word' id='word_1_79' title='bbox 768 1176 898 1220; x_wconf 88' lang='lat' dir='ltr'>optime</span> <span class='ocrx_word' id='word_1_80' title='bbox 915 1177 1095 1211; x_wconf 85' lang='lat' dir='ltr'>rectificati</span> <span class='ocrx_word' id='word_1_81' title='bbox 1112 1178 1235 1212; x_wconf 82' lang='lat' dir='ltr'>uncias</span> <span class='ocrx_word' id='word_1_82' title='bbox 1254 1183 1414 1222; x_wconf 82' lang='lat' dir='ltr'>quatuor,</span> <span class='ocrx_word' id='word_1_83' title='bbox 1604 1185 1776 1219; x_wconf 78' lang='lat' dir='ltr'>CURATIO.</span> 
     </span>
     <span class='ocr_line' id='line_1_16' title="bbox 497 1230 1242 1276; baseline 0.009 -14"><span class='ocrx_word' id='word_1_84' title='bbox 497 1230 686 1265; x_wconf 85' lang='lat' dir='ltr'>Theriacae</span> <span class='ocrx_word' id='word_1_85' title='bbox 704 1233 938 1268; x_wconf 85' lang='lat' dir='ltr'>Andromachi</span> <span class='ocrx_word' id='word_1_86' title='bbox 954 1236 1095 1269; x_wconf 81' lang='lat' dir='ltr'>unciam</span> <span class='ocrx_word' id='word_1_87' title='bbox 1114 1246 1242 1276; x_wconf 89' lang='lat' dir='ltr'>uuam;</span> 
     </span>
     <span class='ocr_line' id='line_1_17' title="bbox 312 1286 1586 1338; baseline 0.007 -20"><span class='ocrx_word' id='word_1_88' title='bbox 312 1286 391 1319; x_wconf 78' lang='lat' dir='ltr'>Fiat</span> <span class='ocrx_word' id='word_1_89' title='bbox 407 1287 571 1327; x_wconf 81' lang='lat' dir='ltr'>mixtura,</span> <span class='ocrx_word' id='word_1_90' title='bbox 590 1298 659 1330; x_wconf 88' lang='lat' dir='ltr'>qna</span> <span class='ocrx_word' id='word_1_91' title='bbox 675 1289 830 1324; x_wconf 87' lang='lat' dir='ltr'>illinatur</span> <span class='ocrx_word' id='word_1_92' title='bbox 846 1303 924 1335; x_wconf 83' lang='lat' dir='ltr'>pars</span> <span class='ocrx_word' id='word_1_93' title='bbox 942 1292 1035 1326; x_wconf 84' lang='lat' dir='ltr'>laesa</span> <span class='ocrx_word' id='word_1_94' title='bbox 1050 1298 1103 1326; x_wconf 85' lang='lat' dir='ltr'>ter</span> <span class='ocrx_word' id='word_1_95' title='bbox 1128 1293 1164 1326; x_wconf 90' lang='lat' dir='ltr'>in</span> <span class='ocrx_word' id='word_1_96' title='bbox 1190 1293 1258 1334; x_wconf 88' lang='lat' dir='ltr'>die,</span> <span class='ocrx_word' id='word_1_97' title='bbox 1275 1293 1586 1338; x_wconf 84' lang='lat' dir='ltr'>superimponendo</span> 
     </span>
     <span class='ocr_line' id='line_1_18' title="bbox 307 1343 966 1383; baseline 0.011 -7"><span class='ocrx_word' id='word_1_98' title='bbox 307 1343 454 1377; x_wconf 82' lang='lat' dir='ltr'>linteum</span> <span class='ocrx_word' id='word_1_99' title='bbox 473 1343 594 1378; x_wconf 83' lang='lat' dir='ltr'>eadem</span> <span class='ocrx_word' id='word_1_100' title='bbox 612 1346 765 1381; x_wconf 81' lang='lat' dir='ltr'>mixtura</span> <span class='ocrx_word' id='word_1_101' title='bbox 781 1348 966 1383; x_wconf 86' lang='lat' dir='ltr'>imbutum.</span> 
     </span>
    </p>
   </div>
   <div class='ocr_carea' id='block_1_7' title="bbox 716 1528 969 1570">
    <p class='ocr_par' dir='ltr' id='par_1_8' title="bbox 716 1528 969 1570">
     <span class='ocr_line' id='line_1_19' title="bbox 716 1528 969 1570; baseline 0 0"><span class='ocrx_word' id='word_1_102' title='bbox 716 1529 843 1570; x_wconf 83' lang='lat' dir='ltr'>CAP.</span> <span class='ocrx_word' id='word_1_103' title='bbox 877 1528 969 1570; x_wconf 87' lang='lat' dir='ltr'>LV.</span> 
     </span>
    </p>
   </div>
   <div class='ocr_carea' id='block_1_8' title="bbox 625 1636 1064 1676">
    <p class='ocr_par' dir='ltr' id='par_1_9' title="bbox 625 1636 1064 1676">
     <span class='ocr_line' id='line_1_20' title="bbox 625 1636 1064 1676; baseline 0 0"><span class='ocrx_word' id='word_1_104' title='bbox 625 1637 690 1676; x_wconf 83' lang='lat' dir='ltr'>De</span> <span class='ocrx_word' id='word_1_105' title='bbox 717 1636 858 1676; x_wconf 81' lang='lat' dir='ltr'><em>Ulcere</em></span> <span class='ocrx_word' id='word_1_106' title='bbox 888 1636 1064 1676; x_wconf 74' lang='lat' dir='ltr'>Vesicae.</span> 
     </span>
    </p>
   </div>
   <div class='ocr_carea' id='block_1_9' title="bbox 108 1725 1742 2323">
    <p class='ocr_par' dir='ltr' id='par_1_10' title="bbox 108 1725 1742 2323">
     <span class='ocr_line' id='line_1_21' title="bbox 173 1725 1706 1780; baseline 0.001 -13"><span class='ocrx_word' id='word_1_107' title='bbox 173 1727 263 1767; x_wconf 72' lang='lat' dir='ltr'>Pus</span> <span class='ocrx_word' id='word_1_108' title='bbox 285 1727 542 1780; x_wconf 86' lang='lat' dir='ltr'>graveolens,</span> <span class='ocrx_word' id='word_1_109' title='bbox 560 1731 634 1767; x_wconf 88' lang='lat' dir='ltr'>aut</span> <span class='ocrx_word' id='word_1_110' title='bbox 651 1727 835 1780; x_wconf 81' lang='lat' dir='ltr'>sanguis,</span> <span class='ocrx_word' id='word_1_111' title='bbox 852 1740 1164 1779; x_wconf 83' lang='lat' dir='ltr'>nonnunquam</span> <span class='ocrx_word' id='word_1_112' title='bbox 1184 1725 1487 1779; x_wconf 84' lang='lat' dir='ltr'>squammulae,</span> <span class='ocrx_word' id='word_1_113' title='bbox 1506 1739 1580 1765; x_wconf 91' lang='lat' dir='ltr'>seu</span> <span class='ocrx_word' id='word_1_114' title='bbox 1600 1737 1706 1767; x_wconf 85' lang='lat' dir='ltr'>Morbi</span> 
     </span>
     <span class='ocr_line' id='line_1_22' title="bbox 113 1785 1742 1854; baseline -0.001 -20"><span class='ocrx_word' id='word_1_115' title='bbox 113 1793 333 1847; x_wconf 83' lang='lat' dir='ltr'>pelliculae</span> <span class='ocrx_word' id='word_1_116' title='bbox 354 1794 714 1844; x_wconf 81' lang='lat' dir='ltr'>membranaceae,</span> <span class='ocrx_word' id='word_1_117' title='bbox 738 1809 785 1835; x_wconf 83' lang='lat' dir='ltr'>ac</span> <span class='ocrx_word' id='word_1_118' title='bbox 807 1794 938 1835; x_wconf 86' lang='lat' dir='ltr'>veluti</span> <span class='ocrx_word' id='word_1_119' title='bbox 958 1794 1222 1834; x_wconf 83' lang='lat' dir='ltr'>furfuraceae</span> <span class='ocrx_word' id='word_1_120' title='bbox 1243 1793 1470 1843; x_wconf 81' lang='lat' dir='ltr'>crustulae,</span> <span class='ocrx_word' id='word_1_121' title='bbox 1498 1793 1579 1846; x_wconf 88' lang='lat' dir='ltr'>(sin</span> <span class='ocrx_word' id='word_1_122' title='bbox 1598 1785 1742 1854; x_wconf 51' lang='grc' dir='ltr'><strong>Ῐέἑῖξῐο</strong></span> 
     </span>
     <span class='ocr_line' id='line_1_23' title="bbox 113 1861 1578 1915; baseline 0 -13"><span class='ocrx_word' id='word_1_123' title='bbox 113 1861 160 1902; x_wconf 89' lang='lat' dir='ltr'>in</span> <span class='ocrx_word' id='word_1_124' title='bbox 195 1861 368 1902; x_wconf 87' lang='lat' dir='ltr'>renibus</span> <span class='ocrx_word' id='word_1_125' title='bbox 403 1862 575 1902; x_wconf 84' lang='lat' dir='ltr'>haereat</span> <span class='ocrx_word' id='word_1_126' title='bbox 610 1863 744 1912; x_wconf 89' lang='lat' dir='ltr'>uleus,</span> <span class='ocrx_word' id='word_1_127' title='bbox 777 1862 1029 1902; x_wconf 72' lang='lat' dir='ltr'>carunculae</span> <span class='ocrx_word' id='word_1_128' title='bbox 1064 1861 1317 1911; x_wconf 87' lang='lat' dir='ltr'>minutulae,</span> <span class='ocrx_word' id='word_1_129' title='bbox 1350 1861 1578 1915; x_wconf 82' lang='lat' dir='ltr'>aliquando</span> 
     </span>
     <span class='ocr_line' id='line_1_24' title="bbox 113 1929 1577 1983; baseline 0 -13"><span class='ocrx_word' id='word_1_130' title='bbox 113 1929 363 1983; x_wconf 82' lang='lat' dir='ltr'>crassiores,)</span> <span class='ocrx_word' id='word_1_131' title='bbox 388 1945 476 1970; x_wconf 87' lang='lat' dir='ltr'>una</span> <span class='ocrx_word' id='word_1_132' title='bbox 497 1945 595 1970; x_wconf 88' lang='lat' dir='ltr'>cum</span> <span class='ocrx_word' id='word_1_133' title='bbox 616 1931 740 1970; x_wconf 86' lang='lat' dir='ltr'>urina</span> <span class='ocrx_word' id='word_1_134' title='bbox 767 1934 1055 1970; x_wconf 77' lang='lat' dir='ltr'>excernuntur</span> <span class='ocrx_word' id='word_1_135' title='bbox 1069 1947 1081 1980; x_wconf 76' lang='lat'>3</span> <span class='ocrx_word' id='word_1_136' title='bbox 1114 1933 1319 1982; x_wconf 80' lang='lat' dir='ltr'>perpetua</span> <span class='ocrx_word' id='word_1_137' title='bbox 1341 1929 1512 1983; x_wconf 80' lang='lat' dir='ltr'>dysuria</span> <span class='ocrx_word' id='word_1_138' title='bbox 1534 1934 1577 1970; x_wconf 88' lang='lat' dir='ltr'>et</span> 
     </span>
     <span class='ocr_line' id='line_1_25' title="bbox 113 1996 1577 2051; baseline 0 -14"><span class='ocrx_word' id='word_1_139' title='bbox 113 1998 341 2038; x_wconf 88' lang='lat' dir='ltr'>continuus</span> <span class='ocrx_word' id='word_1_140' title='bbox 382 2012 527 2038; x_wconf 87' lang='lat' dir='ltr'>earum</span> <span class='ocrx_word' id='word_1_141' title='bbox 567 1998 753 2051; x_wconf 81' lang='lat' dir='ltr'>partium</span> <span class='ocrx_word' id='word_1_142' title='bbox 791 1997 909 2037; x_wconf 88' lang='lat' dir='ltr'>dolor</span> <span class='ocrx_word' id='word_1_143' title='bbox 943 1997 1177 2038; x_wconf 84' lang='lat' dir='ltr'>infestant:</span> <span class='ocrx_word' id='word_1_144' title='bbox 1215 1996 1390 2036; x_wconf 83' lang='lat' dir='ltr'>renibus</span> <span class='ocrx_word' id='word_1_145' title='bbox 1431 2001 1577 2037; x_wconf 88' lang='lat' dir='ltr'>autem</span> 
     </span>
     <span class='ocr_line' id='line_1_26' title="bbox 112 2064 1574 2120; baseline -0.001 -14"><span class='ocrx_word' id='word_1_146' title='bbox 112 2066 273 2106; x_wconf 85' lang='lat' dir='ltr'>affectis</span> <span class='ocrx_word' id='word_1_147' title='bbox 295 2066 446 2116; x_wconf 88' lang='lat' dir='ltr'>ulcere,</span> <span class='ocrx_word' id='word_1_148' title='bbox 469 2065 654 2106; x_wconf 89' lang='lat' dir='ltr'>dilucida</span> <span class='ocrx_word' id='word_1_149' title='bbox 685 2065 882 2120; x_wconf 87' lang='lat' dir='ltr'>dysuriae</span> <span class='ocrx_word' id='word_1_150' title='bbox 904 2070 946 2106; x_wconf 91' lang='lat' dir='ltr'>et</span> <span class='ocrx_word' id='word_1_151' title='bbox 973 2065 1128 2105; x_wconf 84' lang='lat' dir='ltr'>doloris</span> <span class='ocrx_word' id='word_1_152' title='bbox 1150 2065 1308 2105; x_wconf 84' lang='lat' dir='ltr'>dantm·</span> <span class='ocrx_word' id='word_1_153' title='bbox 1338 2064 1574 2115; x_wconf 88' lang='lat' dir='ltr'>intervalla,</span> 
     </span>
     <span class='ocr_line' id='line_1_27' title="bbox 110 2133 1573 2187; baseline -0.001 -13"><span class='ocrx_word' id='word_1_154' title='bbox 110 2148 189 2187; x_wconf 92' lang='lat' dir='ltr'>pus</span> <span class='ocrx_word' id='word_1_155' title='bbox 222 2134 351 2174; x_wconf 88' lang='lat' dir='ltr'>etiam</span> <span class='ocrx_word' id='word_1_156' title='bbox 387 2138 604 2175; x_wconf 82' lang='lat' dir='ltr'>excretum</span> <span class='ocrx_word' id='word_1_157' title='bbox 639 2134 847 2187; x_wconf 87' lang='lat' dir='ltr'>copiosius</span> <span class='ocrx_word' id='word_1_158' title='bbox 884 2138 960 2183; x_wconf 88' lang='lat' dir='ltr'>cst,</span> <span class='ocrx_word' id='word_1_159' title='bbox 999 2133 1158 2184; x_wconf 87' lang='lat' dir='ltr'>album,</span> <span class='ocrx_word' id='word_1_160' title='bbox 1191 2133 1281 2173; x_wconf 79' lang='lat' dir='ltr'>leve</span> <span class='ocrx_word' id='word_1_161' title='bbox 1315 2137 1357 2173; x_wconf 86' lang='lat' dir='ltr'>et</span> <span class='ocrx_word' id='word_1_162' title='bbox 1396 2133 1573 2173; x_wconf 90' lang='lat' dir='ltr'>minime</span> 
     </span>
     <span class='ocr_line' id='line_1_28' title="bbox 109 2200 1571 2255; baseline -0.001 -13"><span class='ocrx_word' id='word_1_163' title='bbox 109 2202 316 2242; x_wconf 87' lang='lat' dir='ltr'>foetidum</span> <span class='ocrx_word' id='word_1_164' title='bbox 329 2219 340 2252; x_wconf 80' lang='lat'>3</span> <span class='ocrx_word' id='word_1_165' title='bbox 371 2202 472 2242; x_wconf 83' lang='lat' dir='ltr'>lacti</span> <span class='ocrx_word' id='word_1_166' title='bbox 493 2202 639 2242; x_wconf 85' lang='lat' dir='ltr'>similis</span> <span class='ocrx_word' id='word_1_167' title='bbox 659 2201 933 2255; x_wconf 86' lang='lat' dir='ltr'>profunditur</span> <span class='ocrx_word' id='word_1_168' title='bbox 959 2201 1084 2241; x_wconf 88' lang='lat' dir='ltr'>urina</span> <span class='ocrx_word' id='word_1_169' title='bbox 1096 2217 1108 2250; x_wconf 66' lang='grc' dir='ltr'><strong><em>ς</em></strong></span> <span class='ocrx_word' id='word_1_170' title='bbox 1141 2205 1183 2241; x_wconf 91' lang='lat' dir='ltr'>et</span> <span class='ocrx_word' id='word_1_171' title='bbox 1205 2201 1332 2253; x_wconf 84' lang='lat' dir='ltr'>longe</span> <span class='ocrx_word' id='word_1_172' title='bbox 1352 2205 1448 2254; x_wconf 89' lang='lat' dir='ltr'>post</span> <span class='ocrx_word' id='word_1_173' title='bbox 1469 2200 1571 2241; x_wconf 89' lang='lat' dir='ltr'>mic-</span> 
     </span>
     <span class='ocr_line' id='line_1_29' title="bbox 108 2268 1182 2323; baseline -0.001 -14"><span class='ocrx_word' id='word_1_174' title='bbox 108 2270 269 2310; x_wconf 88' lang='lat' dir='ltr'>tionem</span> <span class='ocrx_word' id='word_1_175' title='bbox 292 2284 370 2323; x_wconf 88' lang='lat' dir='ltr'>pus</span> <span class='ocrx_word' id='word_1_176' title='bbox 392 2269 444 2310; x_wconf 90' lang='lat' dir='ltr'>ab</span> <span class='ocrx_word' id='word_1_177' title='bbox 466 2284 514 2311; x_wconf 90' lang='lat' dir='ltr'>eo</span> <span class='ocrx_word' id='word_1_178' title='bbox 536 2274 777 2323; x_wconf 86' lang='lat' dir='ltr'>separatum</span> <span class='ocrx_word' id='word_1_179' title='bbox 798 2270 844 2309; x_wconf 90' lang='lat' dir='ltr'>in</span> <span class='ocrx_word' id='word_1_180' title='bbox 864 2268 998 2309; x_wconf 83' lang='lat' dir='ltr'>fundo</span> <span class='ocrx_word' id='word_1_181' title='bbox 1014 2269 1182 2309; x_wconf 88' lang='lat' dir='ltr'>residet.</span> 
     </span>
    </p>
   </div>
   <div class='ocr_carea' id='block_1_10' title="bbox 109 2357 1764 2461">
    <p class='ocr_par' dir='ltr' id='par_1_11' title="bbox 109 2357 1764 2461">
     <span class='ocr_line' id='line_1_30' title="bbox 109 2357 1764 2409; baseline 0.002 -16"><span class='ocrx_word' id='word_1_182' title='bbox 109 2359 241 2402; x_wconf 75' lang='lat' dir='ltr'>[For-m.</span> <span class='ocrx_word' id='word_1_183' title='bbox 260 2362 359 2404; x_wconf 76' lang='lat'><strong>25:3.]</strong></span> <span class='ocrx_word' id='word_1_184' title='bbox 419 2357 460 2409; x_wconf 67' lang='lat' dir='ltr'>R</span> <span class='ocrx_word' id='word_1_185' title='bbox 488 2359 680 2404; x_wconf 84' lang='lat' dir='ltr'>Emplastri</span> <span class='ocrx_word' id='word_1_186' title='bbox 697 2359 778 2393; x_wconf 77' lang='lat' dir='ltr'>Flos</span> <span class='ocrx_word' id='word_1_187' title='bbox 802 2359 1058 2403; x_wconf 68' lang='lat' dir='ltr'>Unyuentorum</span> <span class='ocrx_word' id='word_1_188' title='bbox 1076 2359 1160 2393; x_wconf 84' lang='lat' dir='ltr'>dicti</span> <span class='ocrx_word' id='word_1_189' title='bbox 1178 2359 1520 2403; x_wconf 83' lang='lat' dir='ltr'>sesquidraehmam3</span> <span class='ocrx_word' id='word_1_190' title='bbox 1591 2362 1764 2396; x_wconf 64' lang='lat' dir='ltr'>Commo.</span> 
     </span>
     <span class='ocr_line' id='line_1_31' title="bbox 296 2415 1570 2461; baseline -0.001 -12"><span class='ocrx_word' id='word_1_191' title='bbox 296 2416 401 2450; x_wconf 71' lang='lat' dir='ltr'>fiant</span> <span class='ocrx_word' id='word_1_192' title='bbox 432 2417 560 2461; x_wconf 87' lang='lat' dir='ltr'>pilulae</span> <span class='ocrx_word' id='word_1_193' title='bbox 594 2428 738 2451; x_wconf 84' lang='lat' dir='ltr'>novem:</span> <span class='ocrx_word' id='word_1_194' title='bbox 772 2417 889 2461; x_wconf 82' lang='lat' dir='ltr'>capiat</span> <span class='ocrx_word' id='word_1_195' title='bbox 922 2422 990 2450; x_wconf 88' lang='lat' dir='ltr'>tres</span> <span class='ocrx_word' id='word_1_196' title='bbox 1022 2415 1114 2449; x_wconf 81' lang='lat' dir='ltr'>horis</span> <span class='ocrx_word' id='word_1_197' title='bbox 1150 2416 1428 2458; x_wconf 80' lang='lat' dir='ltr'>medicinalibus,</span> <span class='ocrx_word' id='word_1_198' title='bbox 1454 2426 1570 2460; x_wconf 84' lang='lat' dir='ltr'>super-</span> 
     </span>
    </p>
   </div>
   <div class='ocr_carea' id='block_1_11' title="bbox 290 2474 1113 2519">
    <p class='ocr_par' dir='ltr' id='par_1_12' title="bbox 290 2474 1113 2519">
     <span class='ocr_line' id='line_1_32' title="bbox 290 2474 1113 2519; baseline -0.001 -11"><span class='ocrx_word' id='word_1_199' title='bbox 290 2474 442 2509; x_wconf 90' lang='lat' dir='ltr'>bibendo</span> <span class='ocrx_word' id='word_1_200' title='bbox 458 2476 632 2518; x_wconf 83' lang='lat' dir='ltr'>sequentis</span> <span class='ocrx_word' id='word_1_201' title='bbox 648 2486 759 2519; x_wconf 82' lang='lat' dir='ltr'>aquae</span> <span class='ocrx_word' id='word_1_202' title='bbox 775 2475 967 2508; x_wconf 84' lang='lat' dir='ltr'>cochlearia</span> <span class='ocrx_word' id='word_1_203' title='bbox 984 2486 1043 2508; x_wconf 82' lang='lat' dir='ltr'>sex</span> <span class='ocrx_word' id='word_1_204' title='bbox 1056 2489 1113 2507; x_wconf 74' lang='lat'>1—-</span> 
     </span>
    </p>
   </div>
   <div class='ocr_carea' id='block_1_12' title="bbox 0 1296 37 2615">
    <p class='ocr_par' dir='ltr' id='par_1_13' title="bbox 0 1296 37 2615">
     <span class='ocr_line' id='line_1_33' title="bbox 0 1296 37 2615; baseline 0 0"><span class='ocrx_word' id='word_1_205' title='bbox 0 1296 37 2615; x_wconf 95' lang='lat' dir='ltr'> </span> 
     </span>
    </p>
   </div>
   <div class='ocr_carea' id='block_1_13' title="bbox 106 2551 1296 2941">
    <p class='ocr_par' dir='ltr' id='par_1_14' title="bbox 106 2551 1296 2941">
     <span class='ocr_line' id='line_1_34' title="bbox 106 2551 836 2600; baseline -0.001 -11"><span class='ocrx_word' id='word_1_206' title='bbox 106 2555 238 2596; x_wconf 74' lang='lat' dir='ltr'>[Fm-m.</span> <span class='ocrx_word' id='word_1_207' title='bbox 257 2557 355 2600; x_wconf 60' lang='lat'>254]</span> <span class='ocrx_word' id='word_1_208' title='bbox 414 2551 454 2596; x_wconf 72' lang='lat' dir='ltr'>R</span> <span class='ocrx_word' id='word_1_209' title='bbox 482 2554 626 2588; x_wconf 87' lang='lat' dir='ltr'>Radicis</span> <span class='ocrx_word' id='word_1_210' title='bbox 645 2554 836 2595; x_wconf 83' lang='lat' dir='ltr'>Foeniculi,</span> 
     </span>
     <span class='ocr_line' id='line_1_35' title="bbox 484 2610 901 2652; baseline 0 -8"><span class='ocrx_word' id='word_1_211' title='bbox 484 2610 660 2651; x_wconf 85' lang='lat' dir='ltr'>[Radicis]</span> <span class='ocrx_word' id='word_1_212' title='bbox 679 2611 901 2652; x_wconf 85' lang='lat' dir='ltr'>Consolidae,</span> 
     </span>
     <span class='ocr_line' id='line_1_36' title="bbox 479 2666 940 2710; baseline 0.002 -9"><span class='ocrx_word' id='word_1_213' title='bbox 479 2666 657 2710; x_wconf 86' lang='lat' dir='ltr'>[Radieis]</span> <span class='ocrx_word' id='word_1_214' title='bbox 678 2668 940 2710; x_wconf 86' lang='lat' dir='ltr'>Aristolochiae,</span> 
     </span>
     <span class='ocr_line' id='line_1_37' title="bbox 478 2725 1296 2770; baseline 0.002 -12"><span class='ocrx_word' id='word_1_215' title='bbox 478 2725 656 2770; x_wconf 70' lang='lat' dir='ltr'>[Radit-is]</span> <span class='ocrx_word' id='word_1_216' title='bbox 676 2725 979 2770; x_wconf 73' lang='lat' dir='ltr'>Caryophyllatac,</span> <span class='ocrx_word' id='word_1_217' title='bbox 996 2737 1064 2760; x_wconf 83' lang='lat' dir='ltr'>ana</span> <span class='ocrx_word' id='word_1_218' title='bbox 1082 2727 1201 2760; x_wconf 84' lang='lat' dir='ltr'>uncias</span> <span class='ocrx_word' id='word_1_219' title='bbox 1220 2732 1296 2768; x_wconf 84' lang='lat' dir='ltr'>tres,</span> 
     </span>
     <span class='ocr_line' id='line_1_38' title="bbox 481 2782 908 2826; baseline 0.005 -11"><span class='ocrx_word' id='word_1_220' title='bbox 481 2782 655 2816; x_wconf 83' lang='lat' dir='ltr'>Foliorum</span> <span class='ocrx_word' id='word_1_221' title='bbox 672 2783 908 2826; x_wconf 84' lang='lat' dir='ltr'>Agrimoniae,</span> 
     </span>
     <span class='ocr_line' id='line_1_39' title="bbox 477 2839 891 2885; baseline 0 -12"><span class='ocrx_word' id='word_1_222' title='bbox 477 2839 691 2884; x_wconf 76' lang='lat' dir='ltr'>[Foliorum]</span> <span class='ocrx_word' id='word_1_223' title='bbox 713 2839 891 2885; x_wconf 73' lang='lat' dir='ltr'>Hyperici,</span> 
     </span>
     <span class='ocr_line' id='line_1_40' title="bbox 478 2895 885 2941; baseline 0.002 -12"><span class='ocrx_word' id='word_1_224' title='bbox 478 2895 690 2936; x_wconf 81' lang='lat' dir='ltr'>[Foliorum]</span> <span class='ocrx_word' id='word_1_225' title='bbox 712 2896 885 2941; x_wconf 86' lang='lat' dir='ltr'>Bugulae,</span> 
     </span>
    </p>
   </div>
  </div>
 </body>
</html>
