1985 3308
369 167 421 205 52
782 161 1039 202 THOMAE
1075 159 1416 200 SYDENHAM

197 282 324 311 anus
435 271 543 325 [31]
575 271 646 323 (3.)
681 271 740 310 At
763 269 797 309 si
819 267 1090 311 fermentatio
1116 281 1254 320 neque
1285 267 1465 307 nimium
1494 271 1673 316 aestuet,
1696 279 1835 320 neque

173 325 351 396 ζςυξοτέζζ,
369 341 586 393 langueat,
609 353 702 378 cam
724 337 769 377 in
790 337 872 377 isto
898 335 1033 389 gradu
1053 335 1260 388 relinquo,
1283 349 1362 376 nec
1388 335 1484 374 ullis
1505 334 1703 375 remediis
1724 338 1835 383 utor,

195 409 329 458 'ol-⁵64.
371 408 454 449 nisi
483 420 706 460 aegrorum
728 405 793 445 vel
815 404 1046 445 amicorum
1070 402 1223 456 quibus
1252 402 1466 455 stipantur
1486 401 1788 455 importunitas
1811 415 1836 442 a

170 468 353 541 ἰιιῐξὲῑῇἓὲζζ
374 490 441 517 me
464 474 622 528 aliquid
653 477 914 526 extorqueat,
938 471 1050 525 quod
1071 471 1186 525 ipsis,
1209 471 1315 511 citra
1336 470 1526 511 instituti
1547 475 1589 511 et
1619 469 1732 523 scopi
1752 469 1837 510 mei

171 553 330 594 procedat,
374 543 581 592 fraudem,
604 542 783 596 placeat.

171 596 357 668 ζζξζξξζεῗὲζ
439 611 547 665 [32.]
587 611 729 663 Atque
760 610 839 649 hoc
872 609 964 649 loco
993 622 1080 648 non
1112 607 1452 661 praetermittam
1483 621 1552 647 me
1589 606 1754 660 saepius
1785 605 1840 646 ad

172 682 232 711 «liis
249 691 327 720 opus
375 680 516 721 tenuis
548 678 803 720 conditionis
831 677 1038 726 homines,
1072 690 1251 729 quorum
1286 689 1489 716 crumena
1520 675 1682 728 prolixo
1713 688 1839 728 appa-

172 729 228 755 ‘ist'
379 747 492 788 ratui
522 746 685 786 medico
712 745 887 785 ferendo
917 758 1005 785 non
1037 748 1140 794 erat,
1169 743 1432 792 accersitum,
1458 743 1520 782 nil
1546 742 1694 783 fecisse
1725 741 1842 782 aliud

373 820 468 870 post
511 813 892 854 venae-sectionem
935 818 977 852 et
1019 810 1293 852 vomitionem
1335 814 1584 863 peractamr,
1618 809 1842 863 (siquidem

377 897 446 923 eas
462 882 716 935 postulasset
737 880 969 930 indicatio,)
991 879 1074 919 nisi
1091 878 1204 931 quod
1219 878 1320 931 ipsis
1336 877 1665 931 praescriberem
1685 881 1734 918 ut
1749 881 1843 918 toto

379 949 515 990 morbi
537 954 726 1002 tempore
749 948 857 988 lecto
889 946 1027 996 defixi,
1050 961 1139 987 non
1161 946 1243 986 nisi
1266 946 1434 999 juscula
1455 959 1661 987 avenacea
1682 949 1725 986 et
1745 945 1842 986 hor-

379 1019 532 1059 deacea
572 1017 638 1056 vel
679 1015 832 1056 similia
868 1015 1118 1064 haurirent3
1170 1019 1346 1055 tenuem
1387 1014 1629 1055 cerevisiam
1671 1013 1845 1066 dempto

379 1086 533 1138 frigore
547 1084 764 1124 moderate
780 1083 976 1124 biberent
994 1083 1048 1123 ad
1065 1082 1181 1123 sitim
1195 1082 1426 1122 sedandam
1434 1099 1446 1132 3
1479 1087 1652 1123 enemaS
1669 1095 1720 1122 ex
1734 1081 1846 1121 lacte

380 1153 622 1193 saccharato
641 1151 818 1205 singulis
836 1152 898 1191 vel
922 1151 1096 1191 alternis
1114 1150 1262 1191 diebus
1278 1164 1412 1204 usque
1430 1150 1483 1190 ad
1505 1150 1619 1190 diem
1633 1149 1845 1190 decimum

380 1222 444 1262 vel
464 1221 738 1261 undecimum
755 1220 874 1274 injici
890 1224 1089 1260 curarent
1104 1236 1114 1268 3
1147 1223 1189 1259 et
1210 1233 1353 1259 versus
1376 1218 1521 1259 Febris
1538 1219 1680 1268 finem,
1698 1221 1848 1270 coepta

377 1292 465 1342 jam
497 1289 774 1343 separatione,
806 1288 1014 1341 siquidem
1047 1287 1218 1339 segnior
1249 1292 1372 1336 esset,
1402 1287 1455 1327 ad
1491 1301 1585 1327 eam
1613 1286 1847 1341 juvandam

383 1358 597 1398 fortiorem
621 1356 800 1397 subinde
826 1361 975 1409 potum
1005 1355 1294 1395 cardiacorum
1326 1355 1418 1395 loco
1449 1354 1594 1395 bibere
1622 1354 1723 1408 ipsis
1754 1367 1846 1407 per-

382 1426 491 1466 misi.
553 1426 694 1478 Atque
730 1425 791 1464 ita
826 1424 916 1464 siue
952 1423 1153 1463 ulteriore
1190 1423 1330 1476 aliquo
1362 1428 1580 1476 apparatu,
1617 1422 1699 1462 nisi
1736 1421 1849 1476 quod

382 1494 471 1533 leve
502 1492 783 1532 catharticum
815 1491 859 1531 in
881 1491 966 1531 fine
994 1490 1134 1531 morbi
1165 1490 1318 1531 addere
1350 1490 1519 1540 soleam,
1543 1504 1613 1530 eos
1645 1490 1778 1530 salvos
1806 1494 1849 1530 et

386 1561 620 1601 incolumes
644 1559 797 1599 dimisi.

184 1644 368 1675 Circadiem
452 1628 560 1682 [33]
602 1627 686 1668 Sed
716 1631 765 1667 ut
797 1627 850 1667 ad
881 1627 1129 1667 institutum
1157 1641 1301 1667 meum
1329 1631 1537 1668 revertar:
1572 1627 1606 1666 si
1636 1625 1853 1680 praedicta

179 1689 371 1770 ἒίἕῐὲῐξὲῃὸ
388 1695 614 1736 methodus
651 1695 826 1735 sollicite
868 1694 1088 1735 observata
1123 1695 1263 1744 fuerit,
1301 1695 1458 1736 usitato
1490 1695 1600 1735 circa
1638 1693 1852 1734 decimum

291 1754 310 1769 ο

184 1774 340 1802 mummia
389 1764 588 1817 quintum
606 1763 730 1813 diem,
747 1762 862 1802 tumt
876 1776 926 1802 cx
947 1762 1170 1802 laudabilis
1187 1762 1233 1802 in
1249 1763 1373 1802 iu‘ina
1386 1762 1662 1815 separationis
1680 1762 1851 1815 signisff,

183 1821 366 1887 {{{1'hl¹1¹{„³⁰'
388 1838 482 1873 tum
510 1835 638 1872 etiarn
667 1845 717 1871 ex
747 1831 973 1871 manifesta
1005 1831 1196 1871 omnium
1229 1835 1566 1884 symptomatum
1591 1830 1853 1880 remissione,

185 1900 357 1972 ss¹1112¹111t²fifeb
389 1899 573 1954 percipio
589 1899 890 1952 tempestivum
906 1904 1011 1939 tunc
1029 1913 1118 1939 esse
1134 1899 1352 1952 potionem
1368 1903 1626 1951 purgantem
1640 1897 1852 1948 exhibere,

185 1986 269 2015 tione
285 1985 335 2014 hic
391 1982 498 2020 quae
520 1967 805 2007 sedimentum
827 1981 849 2006 c
871 1980 1116 2020 praegressa
1136 1966 1464 2007 fermentatione
1491 1967 1561 2006 hic
1580 1967 1666 2007 illic
1691 1966 1854 2020 deposi-
1872 1975 1875 1977 '

187 2028 253 2057 illic
264 2027 360 2066 depo-

189 2071 288 2100 situm
305 2070 336 2099 in
390 2041 486 2076 tum
508 2035 717 2075 subducat
731 2051 742 2084 3
776 2033 888 2087 quod
909 2034 991 2073 nisi
1012 2034 1261 2087 tempestive
1282 2035 1445 2075 factum
1460 2034 1602 2085 fuerit,
1620 2034 1856 2088 periculum

188 2112 317 2152 sangui-
347 2155 353 2160 .
393 2109 456 2144 est
479 2118 532 2143 ne
560 2103 605 2142 in
628 2102 847 2154 sanguinis
870 2116 1054 2142 massam
1081 2102 1298 2155 remigret,
1321 2103 1597 2156 ejusdemque
1619 2102 1766 2143 Febris
1790 2116 1856 2143 re-

189 2165 373 2233 ἓιωιιιὶιζῗέἐῖ
395 2172 575 2213 cidivam
597 2170 791 2211 conciliet
805 2187 816 2220 3
854 2170 919 2210 vel
940 2170 1070 2211 etiam
1102 2185 1178 2211 sua
1204 2171 1251 2210 in
1278 2171 1470 2224 partibus
1501 2162 1781 2221 naturalibus,
1804 2170 1858 2211 ad

189 2231 376 2289 2¹}Vfi11110011·
396 2254 498 2293 quas
520 2239 798 2279 amandatum
828 2238 925 2288 fuit,
948 2252 1078 2288 mora,
1102 2238 1147 2278 in
1175 2239 1383 2279 mineram
1411 2240 1629 2279 tenacium
1660 2239 1858 2292 deinceps

192 2284 286 2313 ΝΜ
395 2309 440 2348 in
473 2321 644 2360 corpore
680 2307 889 2346 malorum
925 2306 1108 2347 feracem
1143 2306 1279 2347 abeat.
1342 2307 1560 2347 Nimirum
1595 2308 1859 2361 separatione

391 2378 480 2429 jam
517 2378 641 2425 facta,
678 2376 878 2416 humores
919 2376 1047 2415 crassi
1089 2389 1136 2416 ac
1176 2376 1333 2429 impuri
1374 2389 1424 2416 ex
1456 2376 1620 2416 arteriis
1661 2376 1861 2430 sanguini

399 2446 441 2484 in
472 2444 586 2484 venis
615 2444 746 2484 refluo
774 2443 966 2494 immissi,
996 2458 1233 2496 regressum
1262 2445 1351 2497 ejus
1380 2443 1502 2484 facile
1530 2444 1783 2498 impediunt,
1810 2459 1861 2485 ex

400 2528 482 2565 quo
512 2513 625 2552 varia
658 2511 1013 2561 obstructionum,
1044 2525 1090 2552 ac
1121 2511 1319 2552 tandemv
1351 2512 1672 2564 fermentorum,
1706 2527 1863 2566 genera

402 2586 649 2620 naseuntur.

202 2671 312 2701 Quare
467 2648 575 2701 [342]
616 2648 703 2688 Ubi
733 2653 879 2688 tamen
911 2648 1337 2689 animadvertendum
1368 2663 1456 2689 uon
1487 2649 1591 2689 adeo
1630 2648 1756 2702 plane
1788 2662 1862 2688 ne-

201 2713 384 2785 Εοῑιξῖῗὲῑέρ
405 2715 630 2755 cessarium
661 2730 749 2756 csse
778 2721 871 2769 post
902 2716 1286 2775 Febreskvernalcs,
1317 2721 1443 2770 atque
1470 2721 1565 2770 post
1594 2716 1863 2757 autumnales

205 2798 337 2828 ffifflia
406 2783 703 2835 purgationem
733 2783 957 2834 celebrare,
987 2784 1114 2838 idque
1144 2790 1366 2839 propterea
1391 2785 1504 2838 quod
1529 2784 1815 2825 sedimentum
1841 2799 1865 2825 a

432 2898 441 2910 s
462 2899 575 2937 lavaret,
592 2901 658 2932 post
678 2897 766 2925 indic.
785 2896 817 2925 in
835 2896 879 2926 ed.
899 2898 960 2927 ¹613.
1124 2902 1133 2915 ⁵
1156 2896 1534 2936 curma—cnwaren!]om.
1547 2896 1827 2932 edd.'66‚‘68,·76.

433 2938 439 2953 “-
466 2936 542 2975 [ιω]
569 2946 629 2965 οηι.
648 2936 694 2966 erl.
714 2938 773 2967 'GG.
910 2938 921 2951 ¹¹
946 2940 1059 2979 signis]
1077 2943 1162 2980 siggo
1179 2941 1225 2971 cd.
1244 2941 1305 2970 ¹66.
1431 2944 1442 2957 '¹‘
1468 2939 1603 2979 tandem]
1621 2950 1681 2969 om.
1700 2939 1748 2970 ed.
1767 2940 1827 2970 ‘66.

1935 2978 1950 3019 ε.

1917 3127 1963 3308 l
