1985 3308
712 133 888 175 INDEX
916 133 1120 173 RERUM.

116 233 244 272 tandus,
260 235 342 272 26ος
366 234 580 266 venae-sectio
595 235 719 276 quoties
730 235 884 274 iteranda,

117 281 149 308 et
178 278 317 318 quando,
343 278 416 314 257,
445 279 518 315 258,
547 280 627 315 556;
667 278 886 310 calefacientia

116 321 384 351 venae-sectionis
421 320 645 361 frequentioris
685 331 783 352 causa
818 332 887 352 esse

116 368 262 402 possunt,
279 365 360 399 258;
384 368 531 394 enemata
546 374 563 394 e
587 364 669 394 lacte
691 364 886 400 saccharato,

114 405 192 442 258,
215 406 297 441 556;
325 406 430 445 qualis
451 406 564 442 diaeta,
589 407 662 442 257,
687 408 768 442 258;
793 407 887 437 citius

117 448 302 487 paregorica
319 448 497 478 exhibenda
519 448 574 478 ubi
597 449 694 479 citius
715 449 889 480 cathartica

117 489 320 526 exhibentur,
350 492 431 526 302;
471 491 594 521 dolores
631 492 889 522 venae-sectione

117 531 293 570 imminuti,
316 543 380 563 non
404 538 511 563 tamen
534 534 665 564 onmino
687 539 888 571 evanescunt,

117 575 197 610 259;
214 575 434 606 rheumatismi
445 576 616 606 scorbutici
627 577 806 617 descriptio,
815 577 889 614 260,

118 617 178 647 261
193 630 200 653 3
225 628 381 658 quasnam
396 629 471 658 prae
483 619 616 659 reliquis
628 620 798 656 adoriatur,
811 620 866 650 261
882 632 889 655 ;

117 660 244 690 videtur
259 661 380 702 species
393 661 524 691 affectus
540 661 669 702 hyster„
687 663 746 692 261
763 674 770 697 ;
794 662 889 692 corti-

118 702 165 732 cis
182 703 297 733 Peruv.
312 703 449 743 longiori
465 703 538 734 usui
555 709 661 734 ortum
677 715 771 744 saepe
787 704 889 742 debet,

119 746 194 781 261,
218 746 297 782 281;
329 747 450 776 curatio
473 746 656 786 singularis,
681 748 765 782 2613
793 747 889 777 rheu-

118 788 261 818 matismi
288 789 409 819 curatio
433 789 500 819 sola
523 789 628 819 diaeta
655 799 672 820 e
696 799 764 819 sero
787 789 892 826 lactis,

119 829 189 860 loco
212 831 458 871 phlebotomiae,
476 832 559 866 2993
585 831 702 872 quibus
725 833 893 862 conveniat

116 872 297 904 istiusmodi
315 874 446 911 curatio,
461 879 493 905 et
508 875 626 914 quibus
637 884 702 905 non
715 875 891 911 conveniat,

118 916 203 951 302;
228 917 374 956 purgatio
390 916 541 956 frequens
557 922 652 957 atque
673 917 892 957 anodynorum

119 967 199 988 usus
217 964 351 998 possunt
374 959 610 999 phlebotomiae
631 959 821 990 liberalioris
844 960 891 990 vi·

119 1010 190 1031 cem
204 1001 362 1042 supplere,
382 1003 452 1033 302.

164 1043 266 1074 Risus
295 1053 336 1075 ex
363 1044 524 1085 hysterica
553 1044 655 1076 affect.
686 1044 754 1075 sine
785 1054 891 1082 causa,

119 1086 194 1123 368,
211 1087 283 1118 375.

165 1128 370 1165 Roborantia,
384 1134 415 1160 et
428 1130 581 1166 cardiaca,
595 1130 628 1160 in
641 1129 782 1160 febribus
793 1129 891 1160 inter-

119 1171 203 1202 mitt.
231 1177 389 1208 autumn„
417 1174 479 1208 843
508 1173 542 1203 in
565 1173 718 1214 hydrope,
746 1173 828 1208 ‘1-70;
859 1173 893 1203 in

119 1214 279 1255 liysterica
295 1215 410 1252 affect„
426 1216 487 1248 379
504 1226 551 1255 sq.

163 1258 254 1292 Rosa,
272 1257 304 1287 in
327 1257 401 1297 igne
425 1268 513 1289 sacro
537 1267 717 1294 occurrenS,
734 1257 813 1297 quid
835 1267 892 1288 vo-

120 1304 220 1336 cetur,
241 1300 310 1331 101.

161 1342 308 1379 Rubedo,
325 1341 358 1372 in
373 1342 512 1381 variolis,
529 1343 563 1373 in
580 1342 760 1373 interstitiis
775 1346 891 1384 pustu-

120 1383 237 1422 larum,
258 1386 329 1422 122,
348 1387 418 1417 126.

163 1427 291 1458 Ructus
303 1428 443 1458 nidorosi
458 1428 490 1458 in
506 1427 665 1468 podagrae
678 1427 806 1468 irregul.
818 1438 892 1469 par-

119 1480 328 1510 oxysmorum
344 1471 530 1507 intervallis,
549 1471 621 1501 414.

163 1513 218 1543 Sal
233 1513 385 1543 absinthii
398 1523 473 1543 cum
488 1523 585 1544 succo
601 1513 770 1550 limonum,
785 1512 826 1543 ad
840 1522 896 1543 vo-

118 1554 248 1592 mitum,
262 1556 295 1585 in
311 1555 373 1586 ileo
388 1565 472 1592 vern,
490 1556 541 1586 64.

165 1598 252 1628 Salia
273 1598 430 1635 lixiviosa,
454 1598 488 1628 in
510 1597 663 1639 hydrope,
688 1598 728 1628 ad
751 1597 894 1628 diuresin

116 1641 313 1672 movendam
328 1651 403 1682 prae
419 1641 552 1671 caeteris
568 1641 700 1681 optima,
714 1641 787 1672 470.

166 1683 274 1714 Saliva
294 1684 329 1714 iu
350 1683 479 1714 variolis
502 1683 605 1720 confi„
633 1685 703 1720 125,
726 1684 796 1720 146,
812 1683 892 1719 5663

121 1728 274 1757 cardiacis
292 1727 386 1757 dictis
408 1736 615 1767 praepropere
637 1726 832 1757 incrassatur
849 1726 895 1757 ita

124 1774 161 1799 ut
176 1769 332 1809 pernicies
347 1769 528 1806 inducatur,
547 1771 619 1800 343.

167 1812 320 1842 Salivatio
335 1812 369 1842 in
383 1812 544 1852 hysterica
559 1811 662 1842 affect.
677 1810 793 1841 similis
809 1821 893 1841 mer-

124 1854 247 1890 curiali,
265 1855 348 1890 3742
372 1855 406 1885 in
427 1855 513 1884 febre
533 1854 705 1894 dysenter.,
725 1854 795 1890 158,
815 1854 894 1889 179;

124 1897 245 1927 febrem
260 1897 450 1927 variolosam
465 1902 495 1927 et
513 1897 600 1937 ipsas
620 1896 756 1926 variolas
772 1896 896 1936 placide

124 1940 249 1970 solvere
277 1940 408 1976 solebat,
441 1940 520 1975 1583
560 1939 720 1979 quomodo
749 1939 801 1969 hic
837 1939 896 1969 sub

124 1982 222 2013 finem
245 1983 348 2013 morbi
371 1982 536 2018 excitetur,
567 1983 637 2018 152,
666 1982 748 2017 153;
786 1986 896 2021 estque

124 2025 177 2056 hic
193 2025 303 2056 critica
319 2025 469 2061 excretio,
488 2026 566 2060 154;
591 2024 741 2054 salutaris
757 2033 895 2064 quoque,

128 2069 188 2099 158
203 2080 209 2103 ;
249 2068 420 2108 aliquando
450 2077 506 2108 per
535 2067 639 2107 ipsam
667 2067 829 2097 Naturam
862 2067 896 2096 in

125 2111 324 2141 diarrhoeam
340 2111 391 2141 vel
406 2111 439 2140 in
455 2110 586 2140 sudores
608 2109 754 2150 profusos
769 2119 896 2149 perver-

125 2154 262 2190 tebatur,
281 2155 349 2184 154.
397 2153 549 2183 Salivatio
572 2152 772 2183 mercurialis
787 2152 821 2182 in
843 2152 896 2182 lue

125 2206 260 2227 venerea
283 2196 470 2226 confirmata
489 2205 618 2225 omnem
644 2205 817 2225 numerum
840 2195 895 2224 ab-

126 2239 233 2276 solvit,
261 2240 344 2274 3183
383 2239 439 2269 sed
465 2238 697 2278 gonorrhoeam
723 2247 788 2268 non
813 2237 899 2268 valet

127 2291 250 2318 sanare,
267 2283 328 2312 323
341 2294 347 2316 ς
373 2281 532 2322 quomodo
547 2280 824 2317 instituenda,319
839 2291 896 2320 sq.‚

127 2325 186 2355 591
205 2337 212 2362 ;
237 2334 376 2364 quonam
388 2329 551 2364 unguento
563 2323 724 2354 fricandae
736 2328 842 2363 partes
858 2323 898 2353 ad

127 2377 199 2397 eam
229 2367 442 2403 excitandam,
473 2371 505 2397 et
534 2376 693 2407 quaenam
725 2365 897 2402 fricandae,

127 2411 202 2447 319,
234 2411 307 2446 322,
347 2410 404 2440 591
420 2421 426 2445 ;
467 2409 553 2449 quod
589 2419 692 2449 neque
726 2408 899 2439 cathartica

125 2462 231 2492 neque
255 2452 317 2483 alia
331 2451 550 2493 praeparantia
565 2451 746 2482 salivationi
765 2451 900 2481 debeant

127 2495 300 2536 praemitti,
329 2496 400 2531 319,
431 2496 510 2530 321;
549 2495 644 2534 quod,
668 2498 796 2534 peracta
826 2494 900 2524 sali-

128 2538 265 2575 vatione,
282 2547 386 2578 neque
410 2537 583 2568 cathartica
604 2547 708 2577 neque
731 2536 901 2567 sudorifica

127 2581 162 2612 in
184 2591 282 2611 usum
307 2580 415 2611 venire
445 2580 588 2617 debeant,
617 2580 700 2616 321;
737 2579 901 2610 diarrhoea

128 2623 355 2665 superveniens
392 2623 551 2664 quomodo
589 2622 783 2658 cohibeatur,
816 2623 878 2652 320
893 2635 899 2658 ;

128 2666 272 2697 cautelae
305 2667 414 2706 magni
444 2665 599 2696 momenti
628 2665 842 2695 observandae
867 2664 899 2694 in

128 2709 252 2740 naturis
264 2708 445 2739 salivationi
460 2708 557 2738 nimis
573 2708 804 2743 resistentibus,
818 2709 879 2737 322
892 2720 899 2743 ;

129 2752 224 2783 certis
235 2752 388 2791 gradibus
400 2751 622 2787 modificanda,
640 2751 713 2787 319,
728 2751 802 2786 320,
818 2751 876 2780 591
893 2763 899 2786 3

129 2792 269 2826 violenta
283 2794 381 2825 nimis
401 2793 576 2824 cathartico
600 2793 810 2833 reprimenda,
827 2794 901 2830 321,

129 2839 203 2874 591,
220 2838 283 2869 592
297 2849 304 2872 ς
323 2837 347 2867 si
364 2837 551 2877 languescat
566 2836 662 2866 nimis
678 2836 751 2872 cito,
766 2845 899 2876 quomo-

129 2880 170 2911 do
188 2880 396 2917 stimulanda,
413 2881 485 2916 320,
511 2879 570 2910 591
585 2891 592 2916 ;
618 2879 756 2909 diaetam
772 2878 901 2918 qualem

129 2923 246 2963 exigat,
272 2924 345 2960 324,
369 2924 444 2960 325,
467 2923 550 2958 592,
584 2921 729 2953 salivatio
752 2921 900 2953 methodo

1642 136 1716 174 647

941 235 1095 267 Auctoris
1118 234 1278 273 instituta,
1300 235 1410 267 minus
1430 235 1620 277 periculosa,
1636 236 1718 267 reci-

942 279 1034 309 divae
1056 278 1164 309 minus
1186 279 1332 316 obnoxia,
1351 281 1422 316 325,
1441 281 1515 310 326.
1566 279 1719 310 Salivatio

942 321 977 352 in
1001 320 1131 352 variolis
1159 321 1249 352 confi.
1274 332 1336 352 usu
1362 322 1620 361 refrigerantium
1645 331 1718 362 pro-

942 368 1098 400 movetur,
1115 368 1147 394 et
1169 364 1323 394 cardiacis
1347 365 1553 395 calidioribus
1568 364 1715 405 reprimi-

943 411 1004 442 tur,
1025 407 1104 441 158;
1140 406 1173 436 in
1196 407 1326 437 variolis
1350 407 1424 437 anni
1449 408 1512 444 70,
1540 408 1610 443 189,
1638 408 1717 443 190;

943 449 1019 479 anni
1043 448 1107 485 '74,
1130 449 1212 485 2243
1245 449 1280 480 in
1304 450 1434 480 variolis
1458 449 1595 489 regular.
1613 449 1718 486 confi„

948 493 1024 527 125;
1062 491 1249 522 individuus
1279 501 1385 522 comes
1417 501 1486 523 esse
1516 492 1618 528 debet,
1645 493 1717 529 336,

944 535 1026 569 564;
1051 543 1116 564 nou
1140 534 1291 571 sistenda,
1312 536 1391 570 1433
1417 535 1522 575 prodit
1543 534 1719 575 eruptionis

945 576 1048 613 initio,
1069 577 1240 617 aliquando
1263 582 1343 617 post,
1363 579 1434 614 125,
1461 577 1531 613 141,
1549 578 1630 613 564;
1654 577 1717 607 mi-

946 619 1004 649 nui
1019 623 1049 650 et
1064 619 1242 650 decrescere
1257 620 1370 660 incipit
1388 622 1465 651 11¹¹¹⁰
1477 620 1538 656 die,
1556 621 1627 656 125,
1647 619 1720 656 127,

949 662 1021 698 141,
1040 663 1110 699 142,
1125 663 1198 699 354,
1216 664 1297 698 564ς
1316 663 1475 702 quomodo
1490 662 1718 703 promovenda,

947 709 978 734 et
1001 705 1219 741 sustentanda,
1244 706 1316 742 141,
1342 706 1413 742 146,
1441 707 1519 741 193;
1544 715 1563 735 a
1584 714 1718 745 parego-

947 747 1022 777 ricis
1038 747 1115 778 licet
1137 747 1361 785 imminuatur,
1379 753 1488 779 tamen
1511 758 1573 778 uon
1592 748 1720 788 penitus

948 795 1060 825 cessat,
1080 791 1161 825 3532
1186 790 1400 830 protrahenda
1416 791 1650 821 narcoticorum
1666 790 1719 820 iti-

949 832 1022 862 dem
1044 842 1113 872 ope,
1141 834 1218 869 1423
1247 833 1460 874 supprimitur
1482 833 1586 864 calore
1609 833 1720 870 nimio,

951 876 1022 911 141,
1039 875 1080 906 cf.
1099 875 1155 906 191
1170 887 1178 911 ς
1202 880 1233 906 et
1245 886 1263 905 a
1278 886 1356 916 pure
1372 881 1524 916 resorpto,
1541 876 1621 911 336;
1643 886 1719 916 sup-

948 927 1091 958 pressam
1121 928 1161 948 ex
1190 918 1308 950 salivae
1335 919 1524 957 visciditate,
1548 918 1720 949 emeticum

946 961 1060 1000 juvare
1077 960 1168 997 solet,
1186 961 1258 991 146.

993 1003 1178 1042 Sanguinea
1205 1013 1311 1034 massa
1339 1008 1532 1044 repurgatur
1560 1003 1720 1035 ordinario

950 1045 1052 1085 spatio
1068 1046 1191 1076 dicrum
1209 1047 1258 1083 14,
1275 1050 1331 1076 aut
1347 1047 1482 1084 circiter,
1500 1047 1548 1079 77.

995 1088 1168 1127 Sanguinis
1192 1089 1279 1119 color
1304 1089 1496 1130 purulentus
1523 1090 1555 1120 in
1580 1089 1721 1119 febribus

949 1129 1205 1162 inflammatoriis
1234 1131 1393 1162 detractus
1417 1132 1513 1169 unde,
1536 1133 1610 1168 246,
1637 1132 1719 1167 2473

950 1173 1116 1213 sanguinis
1141 1175 1268 1214 jactura
1292 1175 1325 1204 in
1355 1175 1520 1215 puerperis
1551 1175 1722 1215 hystericis

949 1216 1045 1253 mala,
1059 1217 1137 1252 365;
1155 1217 1286 1256 sanguis
1301 1217 1474 1258 spirituum
1490 1218 1560 1248 fons
1576 1222 1607 1247 et
1621 1217 1721 1257 origo,

951 1259 1032 1294 3783
1070 1269 1127 1299 per
1165 1270 1197 1290 se
1234 1259 1267 1290 in
1302 1260 1408 1300 pueris
1443 1260 1643 1297 imbecillior,
1669 1261 1723 1297 41,

954 1302 1033 1337 142,
1069 1301 1102 1332 in
1127 1301 1297 1342 pleuritide
1321 1313 1395 1332 vera
1420 1303 1535 1343 qualis,
1558 1304 1630 1339 246,
1648 1304 1721 1340 247,

951 1346 1032 1379 554ς
1057 1345 1187 1383 sanguis
1202 1345 1444 1384 pleuriticorum
1466 1346 1616 1386 sanguini
1632 1345 1720 1375 simi-

950 1386 990 1416 lis
1006 1387 1162 1426 reperitur
1184 1387 1217 1417 in
1241 1388 1422 1428 dysenteria
1444 1389 1628 1424 inveterata,
1649 1388 1722 1425 177,

956 1429 1034 1465 178;
1059 1429 1092 1459 in
1107 1430 1193 1460 febre
1219 1430 1354 1470 epidem.
1371 1441 1443 1462 ann.
1469 1431 1633 1467 ’73—-⁷75,
1649 1431 1721 1467 207,

956 1472 1035 1507 209;
1060 1472 1093 1502 in
1108 1472 1195 1502 febre
1211 1473 1370 1513 erysipel.,
1387 1475 1468 1510 263;
1492 1474 1525 1504 in
1541 1474 1627 1504 febre
1642 1483 1724 1504 nova

952 1514 1105 1554 hyemali,
1129 1514 1205 1552 477,
1227 1517 1300 1551 488,
1325 1517 1406 1551 490;
1440 1516 1475 1546 in
1497 1517 1582 1546 febre
1605 1516 1725 1556 pestil.,

956 1558 1028 1594 110,
1047 1558 1125 1593 112;
1155 1557 1190 1587 in
1213 1557 1457 1597 haemorrhagia
1478 1559 1616 1595 narium,
1641 1560 1721 1595 2683

953 1598 987 1629 in
1011 1600 1210 1640 peripneum.
1236 1600 1345 1637 notha,
1371 1602 1456 1636 253;
1495 1602 1528 1632 in
1555 1601 1723 1641 pestiferis,

957 1642 1032 1678 1123
1067 1642 1101 1672 iu
1125 1643 1277 1682 podagra,
1301 1645 1376 1679 435,
1399 1644 1481 1680 447;
1517 1645 1551 1674 in
1572 1644 1723 1674 rheuma-

953 1685 1061 1722 tismo,
1083 1687 1165 1721 2573
1203 1685 1236 1716 iu
1257 1685 1387 1716 variolis
1411 1687 1516 1724 confl.,
1537 1687 1618 1723 357;
1653 1692 1725 1727 post

953 1727 1090 1758 variolas
1100 1728 1362 1765 vehementiore&
1380 1730 1459 1765 1483
1484 1730 1614 1770 sanguis
1628 1730 1660 1760 in
1677 1730 1723 1760 fe-

952 1770 1008 1800 bre
1031 1771 1148 1801 contin.
1173 1771 1309 1811 epidem.
1327 1772 1403 1802 anni
1423 1773 1474 1803 ’65
1499 1783 1518 1804 a
1540 1772 1724 1813 pleuritico-

953 1823 1025 1842 rum
1042 1813 1197 1853 sauguine
1213 1814 1385 1851 differebat,
1403 1815 1454 1845 95.

998 1855 1468 1896 S.mcu1N1s(Di-.)Vo.x11w,
1479 1866 1545 1888 vm.
1557 1866 1669 1888 ETIAM
1681 1867 1724 1888 Dr:

954 1897 1189 1935 ΗΑεΜοΡΤοὲ,
1208 1900 1280 1934 268,
1298 1900 1370 1935 269,
1388 1901 1460 1936 599,
1477 1900 1551 1930 600.

999 1940 1125 1970 Sanitas
1139 1951 1178 1971 ex
1194 1941 1280 1971 febre
1297 1942 1433 1981 quand0‚
1452 1943 1504 1974 27.

998 1982 1208 2023 Sarsaparilla
1236 1983 1270 2014 iu
1304 1984 1357 2015 lue
1396 1995 1530 2016 venerea
1565 1986 1724 2026 quomodo

953 2030 1037 2065 agat,
1058 2027 1126 2057 103.

999 2068 1134 2100 Scabies.
1155 2066 1201 2108 [v.
1218 2068 1394 2110 Pruritus.]

999 2111 1225 2142 SCARLATmA
1257 2111 1344 2153 (Dr.)
1380 2112 1511 2151 Penne,
1542 2114 1616 2152 243,
1651 2114 1726 2153 244,

957 2154 996 2183 55
1005 2155 1033 2184 3.

999 2195 1194 2227 Scarlatinae
1215 2196 1311 2227 febris
1333 2197 1513 2238 descriptio,
1531 2200 1613 2236 243;
1637 2201 1725 2231 mul-

955 2243 1014 2275 tos,
1027 2239 1082 2269 sed
1097 2239 1235 2270 infantes
1247 2250 1322 2280 prae
1335 2242 1477 2278 caeteris,
1491 2241 1629 2279 infestat,
1643 2245 1704 2274 243
1717 2257 1724 2280 3

956 2291 1018 2321 quo
1043 2286 1185 2322 tempore
1207 2283 1336 2320 incidat,
1353 2285 1435 2319 2433
1464 2285 1585 2315 curatio
1599 2286 1724 2327 simpli-

956 2324 1094 2361 cissima,
1126 2326 1199 2361 243,
1231 2327 1312 2362 2443
1352 2326 1378 2356 si
1415 2327 1638 2359 convulsiones
1674 2329 1726 2360 vel

956 2376 1048 2398 coma
1070 2367 1162 2397 initio
1185 2368 1370 2408 eruptionis,
1386 2368 1563 2400 infantibus
1583 2381 1725 2411 praeser-

956 2409 1024 2446 tim,
1053 2411 1301 2450 supervenerint,
1333 2411 1411 2451 quid
1441 2413 1612 2452 agendum,
1644 2416 1725 2450 2443

956 2452 1053 2482 febris
1083 2453 1237 2484 decedens
1267 2463 1417 2495 squamas
1443 2455 1598 2487 farinosas
1628 2457 1726 2488 reliu-

957 2495 1038 2535 quit,
1056 2495 1130 2528 217.

1001 2537 1142 2568 Scientia
1164 2537 1313 2569 intuitiva
1332 2549 1396 2570 non
1420 2539 1523 2578 datur,
1541 2551 1603 2581 qua
1627 2542 1727 2573 fretus

957 2580 1113 2620 principia
1139 2581 1211 2621 quis
1240 2587 1336 2621 queat
1364 2583 1576 2623 substernere,
1610 2585 1728 2626 quibus

957 2633 1032 2653 mox
1049 2628 1258 2663 superstruat,
1275 2625 1349 2661 465,
1365 2626 1437 2658 476.

1002 2665 1100 2696 Scioli
1116 2672 1270 2706 quantam
1286 2668 1382 2697 edant
1398 2673 1548 2708 stragem,
1565 2671 1641 2703 295.

1003 2709 1197 2746 Semnum-o,
1217 2709 1304 2749 (DE)
1323 2711 1396 2747 607,
1413 2712 1486 2742 608.

1002 2751 1177 2782 Scorbutus
1201 2761 1266 2782 non
1295 2753 1340 2782 ita
1368 2753 1518 2794 frequens
1542 2754 1628 2796 apud
1659 2766 1727 2793 nos,

959 2803 995 2824 ac
1019 2794 1117 2834 vulgo
1142 2794 1292 2831 creditur,
1312 2797 1395 2832 259;
1435 2798 1575 2828 scorbuti
1599 2799 1729 2829 nomine

958 2836 1090 2877 plurimi
1107 2837 1266 2868 donantur
1289 2838 1431 2875 affectus,
1449 2839 1504 2880 qui
1526 2841 1577 2871 vel
1600 2842 1727 2872 morbo-

958 2889 1030 2909 rum
1062 2879 1209 2911 fientium
1239 2880 1350 2912 effecta
1381 2887 1468 2920 sunt,
1496 2883 1548 2914 vel
1576 2884 1730 2924 reliquiae

959 2922 1061 2953 morbi
1084 2933 1147 2953 non
1171 2923 1310 2964 perfecte
1334 2925 1447 2964 curati,
1469 2927 1550 2964 259;
1581 2927 1729 2959 scorbuto
