1985 3308
237 272 346 303 Posr-

199 324 375 346 seruerim

399 155 486 197 478
718 156 854 198 THo.
890 147 1231 198 sYDENHAM
1261 145 1466 197 TRACT.
1500 155 1563 196 11.

774 263 901 309 Syrupi
918 263 1091 298 Rosarum
1110 263 1271 303 Solutivi,
1289 274 1358 296 ana
1373 263 1516 296 unciam
1533 271 1641 295 unam
1655 273 1663 300 ;

588 319 721 360 Misce3
747 320 807 354 fiat
825 321 930 365 potio,
947 320 1119 354 sumenda
1135 330 1271 353 summo
1288 330 1405 353 inane.

403 410 529 451 Hanc
558 411 776 464 potionem
810 424 886 464 per
920 409 1025 451 duas
1057 410 1158 450 alias
1191 409 1305 450 vices
1340 413 1500 463 repeto,
1533 409 1601 450 die
1630 422 1718 449 uno
1751 406 1868 448 inter

401 478 589 531 singulas
624 478 899 533 purgationes
935 477 1199 531 interposito,
1234 476 1361 517 modo
1402 480 1687 530 symptomata
1722 474 1868 515 omnia

400 545 525 585 citius
565 560 654 586 non
695 545 979 599 disparuerint
993 561 1004 594 ;
1057 549 1099 585 et
1138 544 1337 585 noctibus
1377 544 1704 599 insequentibus
1743 557 1865 597 pare-

400 613 590 666 goricum
621 627 672 654 ex
703 613 847 668 syrupi
875 612 927 653 de
957 612 1150 653 meconio
1175 613 1302 653 uncia
1331 627 1419 653 una
1450 614 1641 666 propino.
1703 611 1866 653 Diebus

400 695 425 722 a
451 682 706 736 purgatione
734 680 890 731 vacuis,
919 680 1046 721 modo
1075 680 1205 721 tussis
1237 680 1360 730 adsit,
1385 680 1609 721 decoctum
1639 679 1864 733 pectorale,

400 754 443 790 et
479 750 668 802 eclegma
703 763 754 790 ex
789 749 881 790 oleo
923 749 1246 802 amygdalarum
1283 749 1485 800 dulcium,
1523 748 1688 803 syrupis
1725 747 1868 802 capilli

400 816 581 857 Veneris
619 822 661 857 et
691 817 911 867 violarum,
949 817 1131 858 subinde
1165 817 1422 858 assumenda
1456 817 1668 871 praecipio
1683 834 1695 867 ς
1739 822 1867 870 atque

400 884 455 924 ad
478 884 660 924 nimium
685 885 905 938 sanguinis
929 884 1137 926 fervorem
1157 885 1493 938 reprimendum,
1516 885 1551 925 si
1576 885 1722 926 Febris
1748 898 1866 937 mag-

399 966 558 1005 nopere
580 957 758 1003 aestuet,
783 952 1061 994 emulsionem
1083 967 1134 994 ex
1160 953 1392 994 seminibus
1414 952 1578 1007 frigidis
1599 951 1840 1007 praescribo
1853 968 1865 1001 ;

399 1025 449 1060 ut
471 1021 534 1060 ett
551 1019 765 1074 julapium
787 1034 968 1074 sequens
984 1037 1053 1061 :—

403 1109 536 1154 [Form.
557 1111 685 1152 ]02.]ιι
734 1108 775 1158 R
803 1110 925 1154 Aquae
943 1109 1185 1155 Nympffleae,

803 1165 960 1211 [Aquae]
981 1167 1201 1208 Portulacae‚

800 1223 961 1269 [Aquae]
982 1225 1169 1265 Lactucae,
1186 1236 1254 1258 ana
1271 1225 1394 1259 uncias
1412 1231 1573 1269 quatuor,

802 1282 930 1327 Syrupi
948 1281 990 1316 de
1009 1281 1216 1316 Limonibus
1234 1283 1506 1327 sesquiunciam,

801 1340 933 1385 Syrupi
950 1339 1133 1374 Violarum
1152 1341 1293 1374 unciani
1310 1352 1418 1374 unam
1436 1354 1444 1381 ;

590 1396 723 1437 Misce3
749 1397 811 1430 fiat
821 1398 998 1442 julapium
1016 1397 1058 1431 de
1077 1409 1145 1441 quo
1162 1397 1260 1431 bibat
1277 1397 1323 1431 ad
1338 1398 1490 1431 libitum.

409 1482 489 1536 [6.]
527 1481 711 1522 Interim
731 1486 780 1522 ut
798 1495 923 1535 aeger
944 1496 969 1522 a
987 1481 1099 1522 lecto
1119 1481 1309 1522 interdiu
1331 1481 1411 1522 sibi
1430 1485 1653 1535 temperet,
1670 1482 1864 1536 injungo,

401 1554 451 1589 ut
477 1554 519 1590 et
545 1563 569 1589 a
597 1549 735 1590 carnis
764 1563 863 1589 esu:
905 1554 1001 1602 post
1028 1548 1208 1602 primam
1236 1562 1334 1588 vero
1357 1548 1424 1588 vel
1452 1548 1682 1588 secundam
1710 1563 1866 1602 purga-

401 1617 565 1657 tionem
600 1616 850 1657 haustulum
885 1616 1044 1670 jusculi
1079 1616 1221 1656 tenuis
1259 1628 1309 1655 ex
1344 1616 1461 1669 pullo
1497 1616 1729 1668 gallinaceo
1764 1616 1867 1656 facti

404 1684 585 1725 subinde
622 1684 926 1725 assumendum
958 1684 1157 1724 concedo.
1218 1682 1382 1723 Verum
1417 1684 1499 1724 hoc
1534 1684 1799 1724 notandum:
1832 1683 1867 1724 si

403 1757 690 1804 symptomata
736 1752 906 1804 quaexis
953 1752 1145 1804 graviora
1181 1751 1245 1804 (ut
1287 1751 1580 1804 respirationis
1627 1751 1865 1803 difficultas,

404 1820 523 1860 dolor
563 1820 712 1873 capitis
743 1820 856 1860 inter
895 1820 1167 1859 tussiendum
1197 1819 1449 1871 lancinanS,)
1489 1819 1652 1859 malum
1692 1819 1773 1860 hoc
1813 1819 1867 1860 ad

403 1886 807 1940 Peripneumoniam
837 1886 1030 1927 Notham
1058 1888 1230 1941 propius
1262 1887 1461 1928 accedere
1491 1887 1761 1940 indigitent¹,
1787 1888 1868 1929 hoc

401 1954 448 1994 in
484 1969 584 1995 casu
623 1960 714 1995 tam
747 1954 1030 1995 venae-sectio
1067 1969 1193 2008 quam
1235 1955 1438 1995 catharsis
1480 1968 1667 2008 eousque
1711 1955 1866 1996 debitis

401 2024 635 2064 intervallis
663 2028 764 2064 sunt
791 2024 1023 2074 iterandae,
1050 2024 1185 2065 donec
1214 2028 1499 2078 snnptomata
1526 2024 1670 2064 omnia
1694 2024 1866 2077 penitus

403 2092 665 2142 evanuerint,
686 2096 727 2131 et
745 2105 870 2145 aeger
891 2105 940 2132 eo
960 2091 1088 2132 modo
1110 2105 1237 2145 quem
1258 2092 1395 2145 capite
1417 2091 1530 2131 dicto
1554 2091 1864 2144 descripsimus,

404 2159 549 2200 sedulo
563 2159 825 2200 tractandus.
848 2160 908 2200 At
921 2174 1010 2200 non
1023 2159 1106 2199 nisi
1122 2173 1328 2213 perquam
1340 2173 1435 2199 raro
1450 2158 1597 2199 Febris
1615 2158 1666 2198 de
1681 2173 1765 2212 qua
1774 2159 1865 2212 jam

404 2227 569 2280 agimus
595 2227 649 2267 ad
674 2241 767 2267 eam
793 2227 1010 2268 saevitiem
1037 2228 1233 2280 assurgit,
1259 2231 1308 2266 ut
1333 2231 1428 2280 post
1449 2226 1620 2267 unicam
1643 2226 1867 2280 phleboto-

403 2295 535 2335 miam
557 2299 599 2335 et
619 2300 706 2336 tres
726 2295 1002 2349 purgationes
1023 2295 1216 2349 pluribus
1238 2294 1585 2335 evacuationibus
1606 2295 1813 2348 indigeat.

463 2363 548 2403 Sed
570 2362 622 2403 de
642 2363 722 2404 hoc
739 2363 840 2403 satis
854 2380 865 2413 3
897 2363 1011 2417 quod
1030 2369 1177 2404 tamen
1198 2363 1304 2402 mihi
1324 2362 1577 2416 neutiquam
1596 2362 1866 2404 reticendum

402 2430 637 2480 xidebatiu',
662 2445 744 2483 quo
764 2430 907 2471 minus
928 2434 1098 2471 errante
1127 2429 1318 2483 diagnosi
1343 2429 1489 2470 Febris
1513 2429 1617 2470 haec
1643 2428 1866 2484 Hyemalis

402 2512 478 2551 pro
522 2498 782 2539 Stationaria
826 2499 926 2552 (sive
967 2498 1102 2539 Febre
1143 2497 1391 2551 Epidemica
1431 2497 1640 2551 generalis
1680 2498 1865 2552 cujusvis

404 2564 764 2617 Constitutionis,)
804 2565 1026 2615 habeatur,
1060 2579 1158 2606 curn
1185 2566 1407 2618 ingentem
1437 2565 1661 2606 hominum
1691 2566 1777 2606 vim
1809 2566 1864 2607 ob

402 2631 514 2672 hanc
533 2646 623 2672 rem
644 2633 709 2673 vel
731 2633 984 2686 neglectam,
1005 2633 1072 2674 vel
1093 2633 1346 2686 ignoratam,
1368 2633 1541 2686 periisse
1562 2637 1679 2674 certo
1699 2633 1843 2674 sciam.

448 2753 458 2772 2
483 2753 576 2793 utet]
597 2754 649 2783 Sic
667 2754 735 2784 edd.
753 2760 880 2794 recent„
897 2761 930 2786 ut
948 2762 981 2787 ut
1000 2756 1074 2797 Syd.
1205 2760 1223 2778 x
1247 2756 1430 2796 indigitent]
1458 2757 1510 2787 Sic
1538 2756 1607 2787 edd.
1630 2761 1758 2794 recent„
1782 2758 1862 2787 indi-

447 2799 465 2815 η
491 2796 539 2825 Cf.
557 2799 682 2827 formm.
700 2799 752 2834 40,
772 2799 842 2828 169.
1160 2802 1238 2840 gilot
1256 2800 1331 2840 Syd.
