1985 3308
367 150 449 189 372
782 143 1038 185 THOMAE
1072 141 1412 183 SYDENHAM

185 268 236 296 Di:
256 266 321 295 Ar·
369 255 453 296 Hic
490 255 580 308 jam
616 252 801 306 spiritus,
838 252 950 292 facto
987 251 1105 304 quasi
1142 249 1311 302 agmine
1351 248 1395 287 in
1429 252 1576 287 ventre
1610 245 1821 295 inferiore,

166 308 345 381 ’ςζςεζιῗζι
368 321 613 363 catervatim
645 333 884 372 magnoque
919 319 1080 371 impetu
1115 318 1159 357 in
1195 316 1338 355 fauces
1378 315 1601 363 irruentes,
1636 327 1824 366 spasmos

163 393 343 442 scssspiffiss‘
367 390 554 432 excitant
575 402 650 442 per
681 401 851 428 omnem
874 400 1000 439 quam
1031 388 1258 425 transeunt
1290 382 1520 435 regionem,
1542 385 1734 421 ventrem
1759 381 1823 420 in-

161 451 190 474 ‘'‘
207 446 312 485 ⁰53⁰*
366 459 517 499 flantes
539 456 590 497 ad
613 456 748 496 instar
769 454 883 507 globi
904 451 1192 506 praegrandis,
1216 451 1288 503 qui
1313 455 1457 490 tamen
1479 449 1586 490 nihil
1609 448 1725 489 aliud
1746 453 1822 498 est,

366 540 492 579 quam
513 524 698 578 partium
721 535 886 575 spasmo
907 525 1171 561 tentaturum
1193 518 1432 559 convolutio
1454 522 1496 557 et
1513 517 1631 570 quasi
1653 517 1824 568 conglo-

364 594 481 634 batio
513 591 732 646 quaedam,
765 603 872 642 quae
907 602 994 628 non
1027 587 1109 627 nisi
1140 600 1297 639 magna
1326 586 1367 625 vi
1398 585 1571 638 reprimi
1605 589 1746 638 potest
1782 588 1825 625 et

366 661 559 702 coerceri.
608 660 755 699 Partes
776 657 948 697 interim
971 661 1171 696 externae
1191 667 1414 706 massaque
1435 666 1600 702 carnea,
1623 667 1648 692 a
1668 652 1823 706 spiriti-

364 729 445 769 bus
465 729 554 782 jam
578 727 658 767 alio
686 725 818 778 raptis
845 737 1003 776 magna
1031 737 1081 763 ex
1108 727 1227 775 parte
1256 721 1498 770 destitutae,
1523 734 1572 760 eo
1596 734 1732 773 usque
1751 720 1824 760 fri-

366 799 543 848 gescunt
574 805 788 846 persaepe,
812 805 899 830 non
923 790 970 830 in
1000 789 1079 829 hac
1105 789 1193 829 sola
1213 788 1406 828 Affectus
1429 787 1646 841 Hysterici
1674 787 1824 840 specie,

367 863 439 903 sed
471 863 517 901 in
549 860 640 901 aliis
671 859 882 908 omnibus,
919 857 1048 911 (quod
1086 858 1204 910 prius
1247 857 1290 912 [ξ
1334 856 1421 910 72.]
1460 856 1742 909 adnotatum,)
1777 861 1825 896 ut

365 931 567 971 cadavera
596 942 683 969 non
714 928 899 980 frigeant
935 926 1083 980 magis
1151 926 1305 965 Pulsus
1335 924 1507 965 interim
1539 924 1672 977 qualis
1705 938 1825 964 sana-

364 1012 457 1038 rum
490 1001 566 1047 est,
597 1010 676 1037 nec
707 1009 833 1048 aegra
859 994 910 1035 ab
940 994 1019 1034 hoc
1049 994 1206 1046 frigore
1238 993 1289 1033 de
1320 992 1405 1033 vita
1434 992 1711 1046 periclitatur,
1742 992 1825 1032 nisi

368 1066 474 1107 illud
501 1066 552 1107 ab
575 1064 849 1106 evacuatione
881 1063 1019 1116 aliqua
1050 1062 1276 1103 enormiori
1306 1061 1586 1115 praecedente
1617 1061 1826 1114 originem

372 1136 513 1176 ducat.

161 1211 346 1258 illiusquae
430 1203 538 1257 [82]
578 1202 700 1243 Idem
732 1201 860 1242 etiam
893 1201 973 1241 diei
1008 1204 1147 1254 potest
1179 1199 1231 1240 de
1261 1199 1500 1239 xiolentiori
1534 1198 1617 1238 isto
1652 1197 1824 1238 Affectu

162 1253 305 1324 ,631153ζὶ
368 1271 607 1326 Hysterico,
631 1271 703 1324 qui
731 1274 906 1310 externa
926 1268 1032 1309 faeie
1063 1267 1239 1308 colicam
1266 1266 1473 1316 bssiosam,
1496 1266 1560 1306 vel
1582 1265 1710 1306 etiam
1730 1279 1826 1318 pas—

159 1338 348 1368 ²¹e¹¹³¹¹¹³fflr·
368 1341 528 1380 sionem
550 1340 728 1389 iliacam,
752 1338 1014 1386 aemulatiu·;
1046 1337 1092 1376 in
1115 1350 1197 1389 quo
1219 1349 1345 1388 aegra
1366 1334 1508 1375 dolore
1525 1334 1592 1374 vix
1607 1333 1828 1374 tolerando

367 1409 412 1448 in
439 1408 611 1461 regione
639 1407 775 1447 cordis
807 1405 1039 1446 scrobiculo
1070 1403 1380 1456 circumposita,
1409 1417 1497 1442 una
1524 1416 1621 1442 cum
1650 1402 1828 1441 immani

367 1477 568 1517 materiae
600 1475 777 1516 herbam
813 1475 949 1515 colore
981 1473 1200 1513 referentis
1237 1471 1502 1520 evomitionc,
1535 1470 1826 1510 discruciatur.

370 1544 497 1586 Quod
518 1543 688 1597 quidem
711 1546 949 1596 symptoma
968 1540 1084 1581 haud
1106 1539 1277 1580 aliunde
1299 1538 1414 1578 nasci
1431 1538 1636 1587 existimo,
1655 1552 1783 1591 quam
1805 1552 1831 1578 a

368 1612 609 1653 vehementi
631 1611 854 1665 spirituum
876 1609 1006 1650 dense
1028 1607 1440 1660 conglomeratorum
1468 1605 1513 1645 in
1534 1605 1667 1645 dictas
1688 1610 1829 1658 partes

370 1680 567 1734 impulsu,
594 1679 709 1719 unde
741 1684 783 1718 et
816 1691 1020 1730 spasmus,
1053 1681 1095 1716 et
1129 1675 1260 1725 dolor,
1284 1680 1324 1715 et
1357 1688 1502 1715 earum
1532 1674 1674 1714 totalis
1695 1674 1828 1714 facul-

369 1755 509 1789 tatum
531 1747 756 1788 subversio.

436 1816 544 1870 [83]
582 1815 735 1868 Neque
763 1828 813 1854 ex
835 1828 883 1854 eo
906 1814 1017 1867 quod
1040 1813 1133 1863 ista,
1157 1825 1263 1865 quae
1290 1811 1335 1851 in
1356 1812 1436 1852 hoe
1466 1811 1621 1851 affectu
1643 1811 1727 1851 sive
1754 1824 1831 1864 per

371 1900 429 1933 OS,
463 1885 546 1924 sive
574 1898 648 1936 per
679 1882 833 1931 sedem,
864 1886 1108 1934 egeruutm’,
1141 1880 1278 1921 colore
1312 1879 1564 1933 quandoque
1593 1878 1716 1918 viridi
1745 1878 1830 1918 tin-

372 1956 540 2003 gantur,
574 1950 717 1991 statim
739 1949 974 1999 conficitur,
991 1948 1187 1989 morbum
1216 1948 1333 1988 hunc
1364 1948 1410 1987 in
1441 1946 1691 1987 humoribus
1722 1946 1830 1987 resi·

372 2020 482 2068 dere,
516 2025 588 2058 aut
626 2017 934 2057 atrocissimum
967 2017 1087 2056 illum
1123 2016 1311 2056 dolorem
1345 2015 1398 2056 ab
1431 2015 1622 2055 humoris
1653 2014 1830 2068 alicujus

371 2087 612 2135 acrimonia,
644 2091 809 2139 partem
839 2085 909 2125 cui
942 2084 1135 2125 inhaeret
1168 2084 1425 2133 dilaniantis,
1464 2083 1662 2137 produci3
1705 2097 1830 2136 quem

370 2156 524 2196 idcirco
544 2169 620 2208 pro
641 2155 804 2194 minera
824 2153 961 2193 morbi
982 2153 1227 2201 habeamus,
1251 2166 1297 2192 ac
1318 2152 1496 2205 proinde
1523 2151 1720 2192 remediis
1741 2157 1830 2192 tam

371 2222 454 2264 ἄνω
476 2238 603 2277 quam
625 2220 738 2262 κάτω
759 2221 1000 2262 catharticis
1022 2220 1223 2260 radicitus
1250 2220 1548 2273 extirpandum
1571 2233 1830 2260 censeamus.

371 2293 543 2333 Etenim
580 2291 631 2332 de
662 2291 773 2331 facto
810 2294 989 2339 constat,
1023 2289 1334 2342 aegritudinem
1370 2288 1486 2329 illam
1519 2302 1601 2341 qua
1635 2287 1831 2327 laborant

371 2361 618 2413 navigantes
644 2361 683 2411 (a
704 2358 931 2412 spirituum
953 2357 1203 2398 animalium
1225 2356 1456 2409 agitatione
1487 2361 1638 2406 ortam,
1660 2356 1706 2395 in
1726 2356 1830 2396 fluc-

371 2428 511 2468 tuanti
533 2442 580 2468 ac
601 2426 830 2480 irrequieto
851 2425 987 2476 mari,)
1008 2424 1228 2465 colluviem
1250 2424 1398 2464 coloris
1421 2424 1546 2476 plane
1559 2423 1755 2464 herbacei
1776 2437 1829 2463 ex

371 2497 593 2537 hominum
614 2496 679 2536 vel
701 2494 1021 2535 sanissimorum
1042 2492 1275 2532 ventriculo
1297 2492 1526 2542 exantlare,
1548 2492 1623 2532 ubi
1643 2492 1833 2545 primum

371 2566 414 2603 in
436 2578 551 2604 mare
572 2563 740 2616 lmgius
762 2567 859 2602 sunt
881 2560 1079 2614 provecti,
1103 2559 1256 2613 quibus
1277 2565 1422 2600 tamen
1451 2565 1551 2600 ante
1573 2559 1829 2600 semihoram

372 2631 521 2671 ultimo
557 2631 741 2684 elapsam
773 2643 862 2670 non
894 2629 1031 2669 inerat
1061 2628 1156 2669 bilis
1189 2628 1306 2678 haee,
1334 2642 1461 2681 quam
1482 2640 1725 2679 porraceam
1758 2641 1828 2680 ap-

372 2699 524 2750 pellare
555 2699 672 2739 libet.
734 2698 893 2737 Annon
925 2702 965 2737 et
997 2696 1181 2737 infantes
1209 2695 1472 2749 paroxysmis
1500 2695 1761 2744 convulsin's,
1783 2695 1828 2734 in

374 2768 524 2819 quibus
566 2767 791 2819 spirituum
833 2766 1078 2806 animalium
1114 2765 1297 2805 maxime
1332 2779 1398 2805 res
1435 2764 1589 2817 agitur,
1627 2770 1715 2804 tam
1755 2777 1830 2817 per

373 2835 598 2886 superiora,
618 2848 743 2886 quam
766 2847 840 2886 per
862 2833 1072 2883 inferiora,
1091 2833 1311 2873 materiam
1330 2832 1517 2885 ejusdem
1540 2831 1663 2884 plane
1680 2831 1829 2871 coloris

375 2901 577 2954 ejiciunt?
617 2901 782 2942 Quibus
815 2901 1055 2941 addendum
1090 2906 1152 2941 est
1186 2900 1227 2939 id
1260 2900 1370 2952 quod
1407 2899 1664 2951 experientia
1696 2898 1828 2938 ferme
