1985 3308
411 161 497 202 264
815 161 1074 203 THOMAE
1108 160 1449 202 SYDENHAM

233 278 363 308 mems
407 267 552 318 thesis,
579 272 622 308 et
654 267 782 308 febris
814 267 1032 308 intensior.
1094 268 1258 309 Diebus
1292 282 1318 308 a
1349 266 1688 307 venae-sectione
1720 265 1869 308 liberis

189 320 388 393 Ε“ζξζ)ζῖῐ’“
408 349 559 376 enema
582 349 604 376 e
634 336 744 376 lacte
769 350 867 376 cum
897 350 1051 389 syrupo
1079 336 1274 384 violaceo,
1304 340 1346 374 et
1375 334 1538 388 julapia
1568 333 1867 388 refrigerantia

407 418 458 445 ex
480 418 588 457 aqua
609 404 884 458 nymphaeae,
902 411 996 453 etc„
1014 403 1058 443 in
1076 403 1370 443 Rlzeumatismi
1391 402 1610 442 curatione
1627 402 1717 456 jam
1745 402 1798 456 [c.
1822 405 1863 443 5.

410 475 432 528 ξ
456 472 515 526 5.]
545 472 669 521 dicta,
693 471 879 525 qualibet
901 471 1005 512 hora
1026 471 1109 511 diei
1129 470 1373 523 usurpanda
1393 469 1647 523 praescribo.
1690 470 1752 511 Ut
1772 470 1865 524 plu-

406 541 564 582 rimum
580 555 677 582 vero
697 541 825 581 unica
840 539 1121 580 venae-sectio
1139 543 1180 578 et
1198 538 1458 591 subsequens
1475 538 1693 589 catharsis,
1708 538 1744 579 si
1759 543 1867 580 tem-

407 610 499 664 pori
520 609 815 658 adhibeantur,
838 623 927 649 rem
950 607 1194 660 expediunt.

467 678 588 719 Quae
610 677 844 718 urticarum
871 681 1103 729 puncturas
1126 688 1221 715 cum
1251 674 1421 728 pruritu
1440 675 1570 716 refert
1595 675 1752 729 species
1776 676 1869 730 pari

408 746 534 786 modo
555 750 618 786 est
647 744 898 794 amolienda,
920 743 1002 784 nisi
1034 742 1146 796 quod
1166 743 1271 784 haec
1290 742 1489 784 remediis
1514 743 1566 784 ab
1596 749 1715 784 extra
1735 744 1868 798 appli-

409 814 554 854 candis
574 813 716 853 minus
737 817 872 865 egeat.

477 882 554 935 [6.]
575 888 606 907 ΠΙ
638 881 722 921 Hic
743 880 880 921 obiter
900 879 1051 930 dicam,
1074 879 1199 933 quod,
1221 879 1320 920 licet
1336 894 1425 921 non
1446 879 1583 920 solum
1598 879 1669 920 hic
1689 879 1866 920 affectus

410 948 461 989 (le
483 962 565 1001 quo
588 948 678 1001 jam
705 948 930 1000 loquimur,
954 947 1027 988 sed
1055 952 1097 988 et
1124 947 1313 1001 plerique
1345 961 1492 988 eorum
1520 948 1593 1001 qui
1623 947 1757 989 cutim
1786 947 1866 989 im-

408 1020 561 1068 petunt
594 1020 636 1055 et
672 1015 938 1068 eruptionem
979 1015 1205 1068 aliqualem
1245 1015 1445 1056 comitem
1488 1016 1569 1056 sibi
1609 1016 1865 1070 adjungunt,

413 1082 553 1135 (inodo
567 1083 753 1123 chronici
774 1082 803 1122 ii
826 1083 940 1135 sint‚)
961 1083 1082 1122 facile
1103 1082 1202 1123 huic
1219 1083 1420 1124 methodo
1442 1083 1608 1134 cedant,
1626 1097 1674 1124 ac
1689 1082 1867 1137 proinde

409 1150 629 1203 sanguinis
659 1150 859 1191 missione
891 1155 933 1191 et
964 1150 1147 1191 eatharsi
1176 1150 1340 1191 iteratis
1370 1151 1488 1192 brevi
1528 1165 1572 1192 se
1606 1151 1867 1205 proripiant3

409 1232 555 1258 eorum
580 1222 726 1258 tamen
762 1218 891 1271 aliqui
923 1218 989 1258 via
1021 1218 1146 1272 plane
1188 1218 1351 1259 diversa
1390 1219 1605 1260 tractandi
1641 1224 1754 1270 sunt,
1790 1233 1868 1260 nec

409 1286 702 1327 evacuationes
733 1286 860 1327 modo
891 1286 1027 1328 dictae
1059 1287 1374 1340 quantumlibet
1404 1288 1622 1342 repetitae,
1656 1301 1735 1329 nec
1774 1288 1869 1342 pul-

409 1369 524 1396 veres
554 1355 728 1395 testacei
755 1355 953 1408 sanguini
980 1355 1264 1396 edulcorando
1286 1355 1501 1406 destinati,
1525 1357 1751 1410 quicquam
1771 1370 1867 1410 pro-

409 1423 584 1473 ficiunt;
615 1437 712 1463 cum
733 1429 996 1464 recrementa
1018 1423 1238 1477 quaedam,
1260 1438 1432 1478 pravam
1463 1424 1676 1464 diathesin
1701 1424 1867 1478 adepta,

408 1491 601 1531 intimius
634 1491 722 1531 cuti
751 1491 1056 1544 impingantrw,
1085 1506 1173 1532 non
1200 1492 1282 1532 nisi
1309 1491 1503 1532 remediis
1531 1506 1638 1545 quae
1669 1492 1870 1544 sanguini

410 1558 540 1599 robur
560 1571 607 1598 ac
627 1558 712 1598 vim
734 1559 974 1609 conciliant,
996 1559 1256 1612 proindeque
1278 1560 1386 1600 cutis
1409 1560 1625 1613 spiraculis
1647 1559 1868 1600 deobstru·

412 1626 532 1667 endis
573 1631 672 1680 apta
706 1632 807 1667 nata
848 1632 961 1677 sunt,
998 1628 1212 1668 ullatenus
1248 1627 1481 1668 amovenda
1521 1627 1867 1680 debellandaque.

211 1707 358 1737 Pruritus
413 1694 524 1734 Cum
566 1708 760 1735 successu
805 1694 946 1748 itaque
986 1709 1073 1735 non
1119 1696 1283 1748 vulgari
1324 1699 1574 1749 sequentem
1619 1695 1870 1736 methodum

209 1750 370 1823 ξξὲἓίω·
411 1776 634 1815 aggressus
663 1776 757 1802 sum
787 1763 833 1802 in
860 1763 1028 1816 pruritu
1058 1763 1206 1813 ferino,
1238 1768 1365 1817 atque
1395 1763 1640 1805 inveteratis
1664 1763 1709 1803 id
1733 1777 1869 1816 genus

412 1830 521 1871 cutis
543 1831 860 1883 eruptionibus:
892 1837 1014 1882 ut,—

414 1918 545 1963 [Form.
564 1919 640 1964 45.]
654 1918 667 1932 ¹¹
694 1918 733 1962 R
761 1921 951 1956 Theriacae
970 1922 1203 1956 Audromachi
1223 1922 1526 1963 semidrachmam,

762 1977 952 2012 Electuarii
971 1978 1013 2012 de
1032 1979 1106 2012 Ovo
1124 1980 1325 2024 scrupulum
1343 1992 1466 2020 unum,

763 2034 907 2069 Radicis
925 2035 1163 2081 Serpentariae
1187 2036 1416 2082 Virginianae
1432 2038 1656 2072 subtilissime
1672 2038 1872 2084 pulveratae

809 2104 917 2138 grana
935 2093 1147 2138 quindecim,

764 2149 908 2194 Lapidis
926 2150 1131 2184 Bezoardici
1150 2150 1338 2185 orientalis
1355 2163 1464 2197 grana
1481 2153 1646 2197 quinque,

763 2219 842 2242 cuni
860 2208 1044 2242 sufficienti
1062 2209 1256 2253 quantitate
1273 2208 1399 2254 Syrupi
1417 2221 1435 2243 e
1452 2209 1645 2243 Conditura
1659 2209 1846 2243 Citriorum
1862 2223 1869 2249 ;

600 2263 681 2298 Fiat
695 2264 807 2305 bolus,
821 2265 1011 2300 sumendus
1022 2277 1125 2300 mane
1139 2273 1174 2300 et
1183 2266 1269 2300 hora
1281 2267 1392 2300 somni
1406 2278 1465 2312 per
1479 2266 1552 2301 dies
1564 2278 1673 2301 unum
1686 2273 1721 2301 et
1733 2267 1870 2312 viginti,

598 2322 852 2366 superbibendo
869 2323 1062 2357 cochlearia
1079 2335 1139 2357 sex
1157 2325 1332 2369 sequentis
1342 2325 1469 2369 julapii
1482 2339 1539 2357 2—-

415 2418 546 2458 [Form.
566 2418 641 2460 46.]
653 2417 667 2431 ¹¹
695 2418 734 2463 R
762 2421 884 2465 Aquae
902 2421 1032 2455 Cardui
1052 2421 1236 2456 Benedicti
1253 2423 1373 2456 uncias
1391 2434 1463 2463 sex,

714 2464 721 2471 Ι
766 2478 888 2522 Aquae
906 2477 1145 2523 Epidenficae,

769 2534 928 2580 [Aquae]
948 2535 1167 2580 Theriaealis-
1180 2534 1393 2576 Stillatitiae‚
1411 2547 1478 2570 ana
1495 2537 1617 2571 uncias
1634 2535 1730 2577 duas,

766 2591 892 2638 Syrupi
909 2592 1220 2638 Caryophyllorum
1237 2593 1377 2627 unciam
1394 2605 1500 2627 unam
1515 2606 1523 2634 ;

604 2648 736 2691 Misce3
761 2650 1022 2696 fiatjulapiuin.

482 2722 560 2777 [7.]
601 2724 790 2778 Singulis
824 2725 1048 2766 matutinis
1082 2730 1177 2780 post
1212 2730 1477 2780 assumptum
1511 2724 1869 2766 medicamentum
1926 2779 1955 2788 ‚.

418 2790 540 2831 sudet
580 2791 706 2832 horae
746 2792 874 2834 unius
908 2794 974 2834 vel
1009 2794 1181 2834 alterius
1222 2794 1368 2848 spatio,
1399 2793 1465 2834 vel
1503 2793 1644 2847 potius
1677 2793 1868 2847 pluribus
1925 2803 1928 2822 ‘

461 2894 481 2907 ¹¹¹
506 2892 539 2928 ἐξ
567 2891 649 2921 6-8
679 2893 793 2924 desunt
820 2894 852 2925 in
879 2896 926 2925 ed.
955 2895 1015 2927 ’76.
1065 2895 1113 2925 Cf.
1217 2899 1231 2913 ¹¹
1256 2895 1305 2925 Cf.
1323 2895 1448 2925 sermm.
1469 2893 1628 2931 173,174.

420 2932 552 2963 Prot-ess,
573 2935 630 2964 Inl.
649 2946 674 2965 c.
696 2937 743 2966 12.
