1985 3308
394 149 480 190 418
799 148 1055 190 THOMAE
1089 148 1434 191 SYDENHAM

203 270 256 299 Dr,
274 268 364 298 Pon·
391 257 482 312 jam
502 256 552 297 iis
579 254 819 310 digerendis
843 269 964 310 pares
989 260 1103 297 sunt.
1165 256 1319 309 Neque
1343 261 1490 297 tamen
1517 255 1630 296 dicta
1648 254 1854 295 voracitas

235 321 278 341 Ac
287 321 340 341 ΒΑ.

198 2725 367 2756 Ocnum.

396 328 439 365 et
468 323 681 364 liberalior
715 323 906 364 ciborum
936 324 1119 377 ingestio
1149 324 1211 364 ita
1239 324 1484 376 frequenter
1523 323 1637 376 (licet
1666 322 1711 362 id
1740 321 1855 363 haud

394 405 490 433 raro
518 390 775 445 contigerit‚)
807 391 1024 444 Podagrae
1047 391 1159 431 viam
1185 391 1346 442 stravit,
1372 379 1423 432 ac
1449 405 1605 432 vesana
1634 395 1677 432 et
1703 391 1853 432 immo-

397 460 580 501 deratior
613 460 700 500 vini
735 459 1003 513 compotatio,
1035 459 1151 499 unde
1186 458 1398 500 fermenta
1432 459 1695 500 coctionibus
1729 459 1854 500 variis

397 529 538 570 dicata
563 529 731 582 penitus
759 532 1101 582 prosternuntur,
1128 527 1463 581 praecipitantur
1487 528 1602 582 ipsae
1629 527 1854 578 coctiones,

398 602 441 639 et
471 597 644 651 spiritus
674 596 890 637 naturales
921 595 973 635 ab
1004 595 1218 635 haJituum
1250 596 1578 637 adventitiorum
1608 596 1727 650 copia
1757 595 1854 637 sub-

393 667 603 720 jugantur
639 665 1039 718 dispergunturque.
1101 664 1200 703 Jam
1235 677 1333 704 vero
1368 677 1466 704 cum
1500 677 1588 705 uno
1623 663 1856 717 eodemque

397 739 589 787 tempore
614 736 656 772 ct
678 732 903 785 spirituum
932 730 1020 785 (qui
1044 731 1246 772 coctionis
1274 732 1562 773 instrumenta
1586 733 1715 785 sunt‚)
1739 732 1857 785 vigor

398 801 691 851 imminuatur,
723 805 850 852 atque
880 799 1054 853 insuper
1082 799 1235 853 ingens
1269 800 1500 842 humorum
1533 800 1730 841 colluvies
1761 815 1856 841 san-

400 868 574 921 guinem
601 867 824 921 opprimat,
854 866 1028 908 omnino
1055 881 1225 908 necesse
1253 873 1317 908 est
1346 873 1396 909 ut
1424 868 1617 922 singulae
1645 868 1857 910 coctiones

398 937 516 977 haud
554 936 635 977 rite
669 941 942 990 peragantur,
974 935 1077 976 dum
1111 935 1172 977 ita
1206 936 1448 978 obruuntur
1483 938 1651 991 singula
1685 937 1856 988 viscera,

398 1004 514 1045 unde
555 1004 726 1058 spiritus
761 1004 928 1058 jamdiu
967 1004 1211 1045 fatiscentes
1251 1019 1365 1046 1111110
1406 1005 1536 1047 etiam
1571 1005 1855 1047 suffocantur:

398 1087 501 1112 nam
542 1072 577 1113 si
612 1087 637 1113 a
671 1073 759 1113 sola
799 1072 1028 1126 spirituum
1068 1073 1287 1114 debilitate
1321 1073 1527 1128 penderet
1561 1073 1630 1114 1110
1670 1073 1856 1124 morbus,

399 1141 598 1191 infantes,
644 1141 864 1192 foeminas,
907 1148 1034 1195 atque
1079 1155 1150 1183 eos
1196 1156 1299 1195 quos
1348 1142 1569 1196 aegritudo
1617 1142 1859 1184 diuturnior

398 1210 639 1259 maceravit,
668 1210 826 1263 pariter
855 1209 1074 1250 invaderet
1087 1226 1099 1259 ;
1132 1223 1230 1249 cum
1254 1209 1342 1250 fere
1362 1209 1638 1250 111-0818811008
1670 1222 1858 1263 quosque

398 1279 627 1329 adoriatur,
654 1283 697 1319 et
726 1278 1030 1320 robustissimis
1054 1283 1233 1319 naturae
1258 1278 1474 1332 principiis
1498 1278 1725 1333 praeditos,
1754 1292 1858 1332 quos

397 1351 543 1388 tamen
563 1361 651 1387 11011
673 1347 920 1401 aggreditur
942 1347 1075 1388 donec
1101 1347 1249 1388 caloris
1279 1353 1321 1388 et
1348 1348 1575 1401 spirituum
1596 1347 1857 1388 naturalium

398 1413 611 1454 defectum
636 1413 720 1454 sive
742 1414 1083 1464 declinationem,
1105 1414 1334 1456 humorum
1356 1429 1522 1469 quoque
1544 1415 1761 1469 congestio
1787 1429 1856 1456 ex-

399 1481 539 1535 cipiat,
573 1495 597 1522 a
629 1482 783 1535 quibus
814 1482 941 1523 simul
970 1482 1133 1536 junctis
1165 1484 1458 1525 concoctiones
1490 1484 1662 1525 vitiatae
1691 1498 1856 1538 perver-

398 1556 565 1592 tuntiu·.

463 1621 572 1675 [19.]
610 1620 754 1671 Porro,
785 1624 834 1661 ut
875 1634 1099 1661 causarum
1140 1635 1242 1675 quas
1283 1621 1623 1662 enumeraximus
1664 1621 1857 1674 singulae

398 1689 729 1744 indigestionem
773 1694 1083 1743 promoverant,
1124 1688 1185 1729 ita
1231 1703 1378 1729 earum
1423 1689 1648 1742 pleraeque
1692 1688 1858 1729 laxitati

397 1758 569 1799 habitus
601 1763 644 1799 et
671 1757 961 1797 musculorum
997 1757 1180 1810 corporis
1210 1757 1501 1810 procurandae
1531 1757 1728 1798 nonnihil
1758 1771 1857 1798 con-

397 1828 600 1877 tulerant,
631 1826 746 1867 unde
775 1830 898 1880 porta
933 1825 1073 1866 crudis
1103 1825 1410 1878 indigestisque
1444 1825 1694 1866 humoribus
1723 1826 1856 1867 intro-

398 1895 618 1937 mittendis
654 1894 869 1948 panditur,
902 1893 1065 1946 quoties
1100 1893 1170 1933 isti
1203 1893 1256 1932 ad
1291 1892 1497 1933 exteriora
1531 1892 1856 1946 protruduntur.

400 1964 578 2006 Quoties
600 1961 776 2004 enimin
798 1960 1005 2014 sanguine
1028 1959 1187 2000 diutius
1205 1959 1468 2000 stabulantes
1489 1964 1578 1999 tam
1599 1959 1709 2000 mole
1731 1974 1858 2011 quam

396 2047 525 2086 prava
552 2031 733 2072 diathesi
763 2030 891 2071 macti
921 2028 1092 2077 fuerint,
1122 2028 1297 2068 tandem
1329 2028 1511 2068 calorem
1541 2032 1858 2081 putrescentem

399 2101 625 2155 acquirunt
638 2117 650 2150 3
682 2103 724 2140 et
750 2112 849 2139 cum
879 2111 969 2138 non
993 2095 1172 2149 amplius
1204 2109 1228 2135 a
1252 2094 1423 2135 Natura
1448 2094 1539 2147 regi
1566 2094 1741 2148 possint,
1762 2109 1857 2148 pro-

397 2172 604 2222 rumpunt
634 2167 682 2208 in
712 2166 906 2220 speciem,
935 2169 978 2205 et
1003 2165 1049 2204 111
1082 2163 1280 2204 articulos
1312 2162 1533 2217 depluunt,
1563 2163 1699 2204 calore
1730 2169 1858 2218 atque

398 2236 594 2277 acredine
616 2234 780 2276 dolores
806 2232 1153 2287 exquisitissimos
1178 2232 1224 2272 in
1245 2231 1488 2285 ligamentis
1513 2231 1857 2286 membranisque

398 2317 493 2345 ossa
528 2302 856 2356 contegentibus
889 2301 1147 2350 excitantes5
1200 2314 1306 2354 quac
1341 2300 1407 2341 vel
1437 2315 1462 2341 a
1497 2301 1626 2351 senio,
1657 2302 1723 2342 vel
1753 2301 1858 2342 luxu

398 2379 526 2428 atque
553 2371 883 2426 intemperantia
911 2370 1167 2411 labefactata
1196 2370 1433 2424 laxataque,
1454 2370 1577 2411 facile
1606 2370 1856 2412 humoribus

397 2444 607 2497 impetum
633 2440 887 2482 facientibus
911 2439 1053 2480 locum
1080 2438 1333 2479 concedunt.
1397 2437 1482 2479 Hic
1506 2451 1603 2479 vero
1628 2437 1857 2479 humorum

397 2510 636 2564 Podagram
653 2507 950 2562 generantium
967 2506 1198 2560 prolapsus,
1214 2506 1284 2559 qui
1299 2519 1598 2561 paroxysmum
1619 2507 1854 2558 constituit,

397 2579 531 2620 serius
562 2591 741 2633 ocyusve
776 2575 1000 2629 contingit,
1032 2579 1159 2628 prout
1195 2589 1298 2616 ansa
1328 2574 1572 2629 hujusmodi
1606 2575 1857 2617 humoribus

397 2647 443 2688 in
463 2652 631 2688 motum
651 2644 811 2686 ciendis
833 2644 932 2684 data
951 2642 1093 2684 fuerit.

463 2715 572 2769 [20]
611 2715 638 2755 J
641 2713 710 2755 a'm
736 2727 834 2754 vero
863 2711 1126 2753 curationem
1156 2709 1269 2764 quod
1294 2714 1469 2765 spectat,
1496 2710 1560 2763 (ut
1587 2710 1723 2764 primo
1749 2725 1856 2764 quae

399 2788 500 2824 sunt
538 2781 775 2824 omittenda
810 2780 1099 2832 subinnuam,)
1133 2778 1245 2827 licet,
1278 2778 1313 2818 si
1346 2778 1546 2819 humores
1581 2778 1856 2831 respiciamus

400 2855 526 2904 atque
546 2850 877 2904 indigestionem
897 2848 1012 2889 unde
1033 2847 1104 2888 isti
1124 2846 1304 2888 trahunt
1325 2846 1546 2900 originem,
1563 2846 1700 2900 prima
1714 2846 1855 2890 fr0nte

398 2919 529 2959 videri
550 2919 679 2972 possit
699 2917 978 2958 indicationes
1007 2916 1215 2956 curativas
1242 2914 1448 2969 imprimis
1470 2913 1523 2954 ad
1542 2913 1742 2957 humores
1762 2915 1854 2969 jam
