1985 3308
630 176 828 218 OPERA
859 175 1077 218 OMNIA.
1533 190 1585 216 xv

92 334 95 335 ⁷
129 282 331 334 hamius0,
348 282 462 324 inter
484 297 588 337 quos
609 282 720 324 filius
738 283 1032 334 Guilielmus1‘,
1050 283 1166 323 haud
1183 282 1310 323 dubie
1327 288 1433 323 natu
1454 283 1584 323 maxi·
1646 298 1747 329 Vna.

127 365 234 401 mus,
256 351 446 405 ejusdem
462 365 559 392 cum
581 352 708 392 Patre
729 352 830 392 artis
852 351 1041 392 studium
1063 351 1281 405 amplexus
1299 355 1403 392 erat.
1442 351 1585 404 Hujus
1605 346 1769 408 squama·

126 419 172 459 in
199 433 324 460 usum
349 421 570 460 Processu-§³
595 421 781 473 Integsros
807 423 848 461 in
875 421 1038 461 Morbis
1056 419 1151 472 sere
1181 420 1363 460 omnibus
1393 420 1587 460 curandis
1605 401 1786 475 gllfssibliff

126 487 420 542 conscripsisse
445 489 629 540 Patrem,
650 489 779 530 refert
799 488 954 530 Libelli
983 489 1112 543 hujus
1137 488 1289 529 Editor
1309 488 1406 528 Dnus
1428 488 1587 529 Doctor
1604 498 1677 516 ⁶⁹⁸⁸·
1694 488 1751 535 113¹·

127 555 333 607 Monfort,
356 557 426 610 qui
447 571 604 598 nomen
626 572 752 598 suum
773 558 880 611 sigla
901 558 944 598 S.
966 558 1031 597 M.
1055 556 1312 598 abscondere
1333 556 1504 597 voluitq.
1543 557 1588 597 Is
1605 539 1664 603 {311
1668 540 1766 571 senp-

126 638 291 678 quoque
311 626 535 666 Processus
560 625 662 667 istos
685 640 708 666 a
730 626 895 667 Thoma
917 625 1178 679 Sydenham,
1201 639 1278 665 sua
1296 625 1429 679 ipsius
1455 639 1588 665 manu

126 698 330 744 exaratos,
364 694 584 748 accepisse,
619 699 661 735 et
696 708 750 736 ne
786 694 963 735 fortasse
998 694 1080 735 illis
1121 697 1326 735 contenta
1363 698 1589 747 praecepta

125 761 402 803 saluberrima
416 763 644 804 memoriae
659 777 808 817 parum
824 763 933 804 fidae
949 762 1204 813 exciderent,
1221 762 1334 816 typis
1350 761 1588 812 mandasse,

126 830 328 884 exemplis
356 831 508 884 viginti
541 831 707 872 circiter
741 831 969 885 impressiS,
996 830 1209 884 (Londini,
1243 831 1368 871 1692.
1394 831 1533 871 12m0.
1550 830 1585 882 Ρ)

125 902 306 939 testatus
327 903 404 940 est.

190 967 299 1021 [18.]
329 967 522 1021 Podagra
536 966 636 1008 inde
653 982 678 1008 a
692 967 871 1021 triginta
887 967 1009 1009 annis
1025 965 1244 1008 laborabat
1260 965 1586 1021 Sydenhamius,
1606 980 1750 1022 Podagra

125 1036 246 1090 cujus
263 1036 512 1077 atrociorem
532 1036 740 1076 insultum
756 1041 953 1090 expertus
970 1041 1047 1087 est,
1065 1050 1162 1077 cum
1183 1035 1368 1076 maxima
1383 1049 1480 1075 cum
1497 1035 1588 1076 ani-
1605 1024 1787 1061 laborabat;

124 1104 184 1144 mi
203 1104 443 1145 intentione
464 1104 684 1145 historiam
703 1104 949 1146 morborum
970 1104 1278 1154 chronicorum,
1301 1098 1449 1144 eorum
1468 1117 1587 1157 prae-

124 1173 246 1226 cipue
267 1173 339 1227 qui
358 1172 438 1226 ipsi
458 1172 634 1213 curandi
655 1172 928 1224 obvenerant,
946 1173 1216 1213 elaboraret&
1259 1173 1392 1226 Cujus
1414 1171 1587 1225 quidem

124 1241 262 1282 morbi
290 1240 476 1282 reditum
505 1241 632 1282 toties
661 1241 823 1282 efficere
848 1246 1027 1295 poterat,
1056 1241 1219 1295 quoties
1251 1240 1325 1281 diu
1355 1239 1587 1293 sepositum

123 1309 238 1350 hunc
277 1309 466 1350 laborem
506 1309 645 1351 denuo
691 1309 1032 1363 adgrediebatur.
1113 1310 1289 1350 Praeter
1329 1308 1587 1349 dirissimum
1604 1314 1747 1355 itemque

123 1378 239 1420 hune
267 1377 478 1430 morbum,
508 1378 627 1429 alius,
655 1378 786 1432 priori
818 1383 1038 1432 cognatus,
1075 1377 1412 1433 Sydenhamium
1440 1390 1586 1417 excru-
1602 1358 1786 1439 1⁰1]1¹1⁰11¹}l⁰r⁹‘

124 1447 276 1489 ciabat.
337 1446 538 1488 Calcarea
570 1447 685 1488 enim
720 1447 932 1498 materies,
970 1461 1098 1500 quam
1130 1445 1381 1500 podagricus
1413 1444 1587 1485 morbus

124 1530 246 1570 saepe
276 1530 434 1570 magna
460 1516 506 1556 in
534 1516 655 1570 copia
685 1520 932 1570 generatam
964 1515 1018 1557 ad
1048 1530 1154 1566 ossa,
1184 1514 1374 1565 arterias,
1402 1513 1588 1567 aliasque

123 1590 276 1639 partes,
308 1584 517 1638 deponere
543 1584 662 1635 solet,
689 1584 735 1624 in
766 1584 940 1625 renibus
970 1583 1018 1623 in
1048 1582 1260 1624 calculum
1290 1582 1486 1632 coiverat,
1515 1580 1588 1635 qui

124 1667 270 1694 senem
288 1652 469 1707 pessime
489 1652 689 1694 habebat.
753 1652 935 1693 Stimulo
959 1651 1164 1693 continuo
1190 1664 1315 1692 renes
1335 1648 1589 1690 inflammati
1605 1661 1636 1687 et
1651 1656 1751 1705 mictu

122 1722 298 1764 tandem
317 1722 450 1763 ulceri
469 1722 693 1764 formando
714 1722 979 1764 occasionem
999 1720 1274 1775 praebebant,
1297 1719 1411 1774 quod
1431 1718 1589 1760 sensim
1606 1708 1790 1740 sangumeo.

123 1791 364 1845 sensimque
379 1790 630 1845 profundius
651 1791 697 1831 in
717 1791 979 1832 vaseulosam
994 1803 1147 1830 renum
1161 1788 1446 1829 substantiam
1462 1801 1590 1842 pene-

123 1864 255 1911 trans,
277 1859 409 1901 exesis
429 1859 550 1910 vasis,
573 1859 793 1914 sanguinis
814 1858 1077 1901 stillicidium
1097 1857 1310 1912 produxit,
1334 1856 1448 1911 quod
1467 1856 1589 1906 vires,

122 1942 198 1982 per
228 1928 379 1969 aetatis
408 1929 619 1970 rationem
645 1929 736 1983 jam
764 1928 947 1983 graviter
978 1927 1182 1978 adflictas,
1204 1925 1339 1980 magis
1369 1925 1590 1979 magisque

124 1996 374 2037 debilitabat
395 1997 769 2051 consumebatque.
833 1997 930 2040 Quo
957 1995 1184 2038 accedebat
1204 1994 1434 2036 vehemens
1460 1993 1589 2047 poda-

125 2078 225 2118 grae
253 2064 451 2105 insultus.
514 2064 600 2106 Qui
629 2065 802 2106 morbus
835 2079 934 2106 eum
964 2064 1017 2106 ob
1049 2064 1157 2105 vires
1188 2063 1376 2104 multum
1406 2061 1588 2103 labefac-

124 2137 236 2174 tatas
263 2132 309 2173 in
341 2137 537 2174 externas
568 2138 722 2186 partes,
752 2133 875 2174 solito
906 2147 1036 2183 more,
1070 2131 1283 2173 desaevire
1313 2145 1402 2171 non
1432 2134 1588 2184 posset,

124 2201 347 2242 interiores
368 2201 504 2255 petiit,
526 2206 568 2242 et
597 2202 760 2243 enormi
786 2202 950 2243 vomitu
979 2199 1328 2253 creberrimisque
1350 2198 1430 2239 alvi
1451 2198 1587 2251 dejec-

124 2269 314 2312 tionibus
348 2270 567 2324 productis
608 2284 825 2311 summum
866 2269 1087 2310 Medicum
1133 2268 1200 2309 die
1235 2266 1432 2307 vicesimo
1473 2280 1587 2307 nono
1606 2277 1790 2326 A.D.1689‚

125 2338 282 2379 mensis
303 2337 564 2389 Decembris,
588 2353 702 2379 anuo
725 2339 850 2389 1689,
867 2337 993 2379 rebus
1015 2336 1170 2390 eripuit
1191 2334 1403 2375 humanis.
1438 2333 1588 2387 Sepul-
1605 2321 1694 2351 ⁰bi¹⁸·

125 2411 196 2448 tus
219 2407 333 2461 jacet
360 2407 407 2447 in
436 2407 626 2448 Ecclesia
655 2407 698 2448 S.
722 2407 749 2447 J
752 2406 872 2448 acobi
903 2405 1016 2460 apud
1047 2402 1491 2453 W'cstmonasterium,
1513 2401 1588 2443 ubi

126 2476 288 2517 murale
309 2480 427 2518 extat
447 2479 778 2517 monumentum
799 2490 898 2517 cum
920 2473 1134 2529 epitaphio
1155 2471 1350 2527 sequenti
1367 2488 1436 2512 :—

411 2564 564 2595 PROPE
591 2564 723 2595 HUNC
751 2563 917 2595 LOCUM
943 2562 1184 2593 SEPULTUS
1211 2560 1295 2591 EST

528 2628 781 2670 THOMAS
817 2625 1174 2675 SYDENHAM,

398 2707 615 2738 MEDICUS
656 2707 707 2737 IN
748 2706 887 2736 OMNE
925 2705 1075 2736 AEVUM
1112 2702 1317 2735 NOBILIS.

591 2771 746 2802 NATUS
772 2770 899 2801 ERAT
925 2770 1013 2800 A.D.
1040 2770 1131 2799 1624.

661 2836 796 2866 VIXIT
821 2835 979 2866 ANNOS
1005 2836 1055 2865 65.

171 2895 186 2911 ⁰
213 2891 331 2921 observ.
364 2891 446 2921 Med.
477 2901 504 2920 ν.
538 2892 565 2921 2.
607 2892 664 2922 14:
698 2892 825 2921 Dissert.
931 2894 943 2913 Ἰ
972 2890 1060 2918 Gent.
1078 2890 1165 2929 Mag.
1184 2887 1244 2918 vol.
1262 2886 1327 2917 iiiii.
1354 2896 1403 2925 pp.
1423 2886 1497 2923 529,
1515 2890 1587 2917 551».

129 2933 226 2972 Epist.
244 2934 323 2971 524.
934 2937 944 2951 ¹
971 2932 1019 2963 Cf.
1038 2942 1066 2972 p.
1086 2933 1159 2963 407.

172 2977 186 2996 Ρ
212 2977 331 3006 Observ.
351 2977 431 3007 Med.
449 2977 488 3006 iv.
506 2977 534 3005 6.
556 2976 601 3006 12.
