1985 3308
511 153 849 194 PROCESSUS
884 150 1151 192 INTEGRI.
1474 146 1556 185 577

162 260 344 313 Sanguis
366 274 388 301 e
409 260 580 302 brachio
606 261 732 315 paulo
752 259 967 301 liberalius
998 257 1217 306 educatur,
1240 260 1282 296 et
1307 258 1403 308 post
1432 253 1557 293 horas
1617 303 1627 314 Ἰ
1646 259 1700 290 ΒΕ

101 332 187 368 tres
217 328 282 368 vel
304 333 485 381 quatuor
513 329 759 383 anodynum
788 327 1061 376 exhibeatur3
1097 328 1266 380 postero
1294 322 1361 362 die
1392 320 1556 361 cathar-
1591 302 1749 374 Ῑξζῗξέζζ

100 394 234 434 ticum
264 395 500 448 lenitivum,
523 402 579 448 et,
610 395 860 450 interposito
893 395 960 435 die
995 408 1095 444 un0,
1128 392 1182 434 ad
1216 391 1388 432 tertiam
1422 389 1556 429 vicem
1577 403 1748 434 Commo.

100 462 361 516 propinetur.

159 532 219 570 At
255 531 290 570 si
325 531 486 571 malum
516 532 596 572 hoc
630 532 839 572 fructibus
870 530 1061 580 horariis,
1083 529 1149 570 vel
1180 527 1271 568 aliis
1304 525 1408 567 cibis
1439 523 1558 564 avide

100 597 292 651 ingestis,
315 599 522 652 originem
545 599 710 650 debeat,
733 605 827 640 tum
857 599 1118 640 ventriculus
1150 602 1249 638 ante
1278 594 1422 636 omnia
1449 593 1558 633 lacte

102 665 346 706 cerevisiato
367 666 527 706 affatim
554 667 708 708 hausto
740 667 945 708 eluendus
974 672 1037 707 est
1051 684 1062 716 3
1096 680 1178 719 quo
1208 663 1435 712 exantlato,
1458 674 1557 702 ano-

102 732 264 786 dynum
291 734 606 787 propinandum
634 739 721 776 est:
755 735 950 788 sequenti
981 738 1125 774 autem
1154 732 1221 773 die
1242 745 1350 772 vena
1377 727 1558 770 secanda

102 805 179 850 est,
202 805 244 841 et
264 801 311 840 in
332 801 479 841 ordine
501 803 757 856 praescripto
777 802 1106 856 procedendum.

160 868 266 910 Ubil
286 869 355 910 hic
382 870 556 911 morbus
586 871 729 911 minus
760 871 894 924 perite
924 874 1132 911 tractatus
1154 867 1390 909 diutissime
1410 865 1560 918 fatiga-

101 936 220 987 verit,
252 942 295 977 et
326 951 502 991 aegrum
532 953 640 992 pene
672 939 912 988 confecerit,
945 938 1157 978 liberalior
1188 936 1272 977 sive
1308 948 1441 989 aquae
1474 933 1560 987 epi-

102 1003 301 1055 demicae,
334 1005 419 1045 sive
459 1006 676 1055 mirabilis,
712 1006 796 1047 sive
837 1007 944 1047 alius
985 1007 1276 1060 cujuscunque
1310 1017 1393 1057 qua
1433 1015 1560 1042 sanus

102 1074 284 1115 maxime
309 1074 612 1126 delectabatur,
634 1089 736 1115 usus
769 1089 942 1129 aegrum
973 1074 1053 1115 hoc
1083 1078 1273 1127 tempore
1303 1071 1417 1112 ultra
1442 1083 1559 1123 spem

102 1155 272 1182 omnem
290 1143 411 1196 juvit.

655 1310 780 1350 CAP.
815 1310 1012 1349 XXIV.m

607 1400 670 1439 De
695 1400 867 1440 Cleole‘ra
889 1399 1049 1439 Morbo.

164 1490 334 1530 INTRAn
349 1489 537 1542 Augusti
553 1489 714 1530 limites
727 1503 770 1530 se
792 1489 1030 1539 cont-inens,
1045 1489 1112 1528 vix
1132 1489 1177 1528 in
1193 1488 1351 1542 priores
1370 1488 1561 1542 Septem·

102 1556 188 1598 bris
208 1556 496 1598 hebdomadas
525 1562 740 1610 evagatur.
802 1557 843 1597 A
864 1556 1036 1610 crapula
1063 1560 1106 1596 et
1137 1555 1323 1609 ingluvie
1354 1556 1561 1597 excitatus

101 1625 248 1666 similis
274 1625 464 1675 affectus,
485 1625 605 1665 nullo
630 1624 832 1678 temporis
862 1623 1105 1665 discrimine
1134 1623 1333 1677 insurgit,
1357 1624 1441 1678 qui,
1462 1624 1562 1664 lieet

101 1693 250 1734 eodem
281 1699 454 1733 curetur
483 1692 623 1743 modo,
648 1693 820 1733 alterius
849 1698 995 1733 tamen
1026 1697 1090 1732 est
1124 1691 1327 1732 subsellii.
1387 1691 1561 1733 Adsunt
1580 1699 1686 1749 Mqrbg
1703 1701 1756 1731 de-

99 1764 282 1805 vomitus
304 1777 511 1813 enormeS,
535 1777 582 1803 ac
612 1777 839 1817 pravorum
868 1763 1099 1802 humorum
1121 1776 1218 1802 cum
1249 1761 1435 1802 maxima
1455 1762 1561 1802 diffi-
1579 1748 1716 1783 ⁵⁰¹⁰an

99 1832 260 1872 cultate
282 1836 325 1872 et
353 1831 551 1884 angustia
578 1844 653 1884 per
674 1831 815 1871 alvum
843 1829 1023 1884 dejectio
1036 1847 1048 1879 3
1079 1830 1238 1870 ventris
1269 1844 1317 1870 ac
1337 1829 1561 1871 intestino-

97 1914 196 1940 rum
226 1899 345 1941 dolor
374 1899 616 1949 vehemens,
638 1898 801 1938 inflatio
833 1902 875 1938 et
897 1897 1099 1937 distentio
1115 1913 1127 1946 3
1157 1896 1408 1950 cardialgia3
1441 1897 1532 1938 sitis
1547 1915 1560 1948 3

100 1969 247 2023 pulsus
288 1968 398 2008 celer
438 1981 485 2007 ac
521 1967 733 2019 frequens,
770 1978 922 2018 parvus
959 1968 1001 2004 et
1041 1963 1299 2016 inaequalis3
1342 1969 1482 2005 aestus
1518 1970 1561 2005 et

100 2035 290 2077 anxietas
303 2052 315 2085 3
341 2048 500 2075 nausea
515 2033 836 2082 molestissima3
863 2031 1016 2081 sudor;
1043 2045 1216 2071 crurum
1233 2036 1275 2071 et
1291 2030 1561 2071 brachiorum

100 2108 394 2152 contractura3
438 2102 569 2143 animi
600 2101 834 2154 deliquium
850 2117 861 2150 3
902 2098 1088 2153 partium
1122 2103 1408 2138 extremarum
1442 2098 1560 2152 frigi-

100 2171 223 2222 ditas,
256 2176 297 2212 et
335 2170 498 2220 similia,
531 2184 638 2224 quae
674 2183 849 2222 aegrum
885 2168 930 2207 in
960 2165 1114 2219 viginti
1146 2171 1329 2219 quatuor
1358 2166 1559 2208 horarum

101 2240 237 2294 spatio
252 2239 521 2279 interimunt.

166 2307 246 2361 [2.]
276 2307 424 2347 Pullus
438 2306 622 2347 tenerior
639 2306 682 2345 in
699 2305 835 2346 tribus
852 2304 1017 2345 circiter
1031 2317 1164 2357 aquae
1179 2303 1382 2344 fontanae
1398 2303 1559 2357 congiis
1578 2309 1749 2341 Cvmmo.

101 2375 294 2425 elixetur,
316 2380 365 2415 ut
397 2375 535 2415 carnis
561 2388 753 2427 saporem
774 2373 842 2413 vix
872 2371 1192 2426 perceptibilem
1213 2371 1351 2424 liquor
1378 2371 1558 2422 referat3

101 2445 229 2499 hujus
251 2444 426 2493 decocti,
453 2443 545 2496 (vel,
565 2443 733 2483 defectu
755 2443 859 2496 ejus,
881 2440 1055 2494 liquoris
1077 2439 1302 2493 possetici,)
1323 2440 1559 2494 capaciores

101 2513 262 2566 aliquot
284 2512 457 2566 cyathos
479 2525 604 2564 aeger
624 2511 766 2564 tepide
788 2509 1032 2558 exhauriat3
1065 2513 1107 2548 et
1129 2507 1277 2548 eodem
1297 2512 1487 2561 tempore
1508 2522 1559 2549 ex

101 2580 247 2621 eodem
274 2579 436 2634 liquore
459 2584 655 2620 enemata
686 2578 917 2620 successive
947 2575 1191 2630 repetenda.
1254 2575 1493 2616 Haustibus
1514 2580 1557 2617 et

99 2647 351 2702 clysteribus
383 2661 635 2701 syruporum
670 2646 872 2696 lactucae,
901 2644 1119 2694 violarum,
1150 2643 1405 2697 portulacae,
1433 2657 1556 2695 nym-

98 2715 272 2770 phaeae,
296 2729 494 2756 eorumve
515 2715 706 2769 alicujus,
729 2714 854 2754 uncia
875 2711 1055 2753 subinde
1076 2711 1298 2752 admisceri
1317 2711 1484 2765 poterit.

164 2785 243 2839 [3.]
282 2784 512 2825 Exantlato
532 2783 612 2824 hoc
633 2783 838 2824 eluvionis
859 2795 1003 2835 penso,
1031 2779 1159 2833 (quod
1185 2784 1271 2820 tres
1292 2779 1357 2820 vel
1379 2783 1560 2832 quatuor

143 2882 152 2906 ¹
183 2886 241 2915 Ubi
253 2885 322 2926 Se]
343 2885 392 2915 Cf.
408 2887 482 2915 ibid.
501 2885 541 2915 iv.
559 2886 583 2916 7.
606 2887 652 2915 14.
906 2888 923 2904 ¹¹
949 2884 1035 2914 Intra
1050 2882 1119 2923 130]
1138 2882 1185 2913 Cf.
1203 2883 1275 2912 ibid.
1290 2882 1329 2911 iv.
1351 2883 1376 2911 l.
1396 2883 1419 2912 l.

143 2935 166 2951 m
192 2928 240 2958 Cf.
259 2930 333 2958 ibid.
350 2928 389 2958 iv.
409 2930 435 2959 2.
