1985 3308
416 151 497 190 128
825 149 1081 191 ΤΗΟΜΑΕ
1116 148 1455 189 SYDENHAM

212 267 396 296 vinicus
414 255 637 309 corripitur
666 255 924 309 ingentibus,
948 269 1169 309 oppressus
1196 255 1382 308 undique
1410 255 1449 294 vi
1477 255 1613 296 morbi
1626 273 1637 305 3
1670 261 1796 310 atque
1825 256 1872 296 in

214 310 396 382 ἓξξζζῖξι
413 323 657 377 hujusmodi
693 338 828 377 agone
867 330 915 364 ut
955 324 1186 376 plurimum
1227 324 1502 376 extinguitur,
1535 338 1584 364 eo
1622 338 1747 377 quem
1782 325 1872 378 jam

238 395 374 426 ’67-’69-
416 391 597 432 diximus
618 391 698 431 die.

211 460 398 501 Aliasymp.
481 459 588 512 [23]
629 459 739 498 Sunt
775 464 816 499 et
850 458 931 498 alia
963 458 1100 498 adhuc
1141 463 1424 511 symptomata
1464 472 1570 511 quae
1606 458 1650 498 in
1687 458 1874 511 quolibet

212 508 339 585 ζῖᾞζξιῖ
349 556 399 585 ge.
414 526 551 566 morbi
572 531 686 566 statu
708 530 946 575 occurrunt,
962 531 1051 565 tam
1073 526 1267 565 Discreto
1284 525 1552 565 Variolarimi
1574 526 1731 578 generi,
1747 540 1874 578 quam

213 588 356 660 nterliva-
416 593 661 634 Confluenti
681 593 838 645 pariter
858 593 1110 632 communia.

213 641 397 703 {333³
473 660 699 709 Phrcnitis‚
728 660 842 699 verbi
865 660 1012 712 gratia,
1036 674 1059 699 a
1080 659 1212 699 nimia
1243 660 1460 712 sanguinis
1489 660 1736 700 ebullitione
1768 674 1874 700 non-

212 721 390 791 {ffiensent-
416 742 635 780 nunquam
667 741 840 779 aegrum
865 726 1049 779 corripit,
1073 731 1113 766 et
1142 726 1289 766 caloris
1316 732 1405 766 tam
1435 741 1585 779 parum
1607 734 1669 767 est
1696 728 1874 780 patiens,

212 810 367 850 plu-emitis
415 800 463 835 ut
484 795 648 847 magnis
669 794 827 834 u'ribus
860 807 907 833 ac
935 793 1166 833 furibundo
1199 794 1295 833 nisu
1325 793 1500 846 injectas
1522 794 1877 846 prehendentium

215 863 269 889 sc„
417 867 458 902 et
474 862 582 902 lecto
602 861 956 901 incarcerantium
976 874 1128 900 manus
1150 860 1317 900 eludere
1339 867 1529 901 conetur.

214 936 346 967 affectus
474 928 717 981 Aliquando
739 927 886 968 eadem
917 941 1042 968 causa
1067 927 1264 967 effectum
1294 928 1419 981 longe
1441 928 1652 969 diversum
1684 944 1759 970 seu
1778 943 1876 971 con-

212 984 400 1016 ⁰⁰¹¹¹³t⁰⁵¹¹⁵’
417 996 595 1037 trarium
632 995 695 1048 (ut
725 995 920 1047 videtur,)
945 995 1152 1048 producit,
1175 995 1375 1036 affectum
1404 996 1560 1036 scilicet
1591 1003 1853 1038 comatosum
1865 1013 1877 1048 ;

417 1065 477 1104 ita
508 1069 557 1104 ut
593 1077 717 1116 aeger
751 1077 972 1116 nunquam
1004 1062 1136 1103 ferme
1177 1063 1357 1116 evigilet,
1395 1064 1478 1104 nisi
1518 1064 1721 1105 continuo
1752 1065 1880 1119 pulsu

417 1132 636 1172 excitatus.

216 1212 360 1242 maculae
482 1200 590 1253 [24]
628 1200 705 1240 Est
727 1199 854 1240 etiam
876 1199 950 1240 ubi
974 1199 1018 1239 in
1039 1199 1118 1240 1100
1139 1199 1299 1249 morbo,
1322 1200 1497 1253 perinde
1526 1206 1652 1254 atque
1682 1202 1728 1241 in
1748 1206 1878 1255 peste,

214 1265 399 1295 purpureae.
418 1268 557 1308 laxata
588 1267 935 1308 inflammationis
975 1268 1014 1307 11
1048 1268 1266 1320 sanguinis
1300 1282 1514 1321 compage,
1552 1269 1741 1310 maculae
1780 1283 1878 1322 pur-

417 1349 571 1389 pureae
593 1349 636 1376 se
668 1339 885 1375 ostentant
912 1335 1093 1388 pustulis
1114 1335 1406 1388 interspersae,
1429 1335 1577 1375 mortis
1608 1335 1695 1376 fere
1716 1350 1880 1390 semper

417 1404 709 1457 praenunciae.
772 1403 1054 1456 Frequentius
1086 1403 1165 1443 hoc
1202 1403 1342 1443 evenit
1377 1403 1451 1443 ubi
1489 1403 1595 1443 ae'ris
1631 1404 1880 1444 constitutio

418 1471 564 1512 morbo
585 1472 655 1511 isti
676 1471 905 1524 epidemice
923 1471 1131 1523 grassanti
1152 1485 1251 1523 prae
1273 1471 1448 1511 caeteris
1470 1470 1594 1511 favet.
1637 1471 1880 1524 Aliquando

418 1540 463 1579 in
484 1539 750 1592 pustularum
771 1539 1014 1579 summitate
1036 1539 1224 1579 maculae
1246 1540 1392 1592 nigrae
1414 1539 1602 1592 exiguae,
1626 1540 1880 1580 acicularum

418 1607 555 1659 capita
586 1606 653 1646 vix
684 1611 924 1660 aequantOS,
948 1606 991 1645 in
1017 1607 1156 1647 medio
1187 1621 1284 1647 vero
1310 1607 1589 1657 subsidentes,
1620 1621 1663 1647 se
1694 1607 1880 1660 prodimt

417 1674 539 1714 variis
559 1674 604 1713 in
627 1674 727 1714 locis
744 1691 754 1723 3
787 1688 892 1727 quae
914 1688 1010 1714 cum
1038 1674 1170 1714 nimio
1198 1674 1347 1715 fervori
1373 1680 1515 1715 ortum
1537 1675 1720 1715 debeant
1742 1689 1879 1725 suum,

417 1741 591 1782 tandem
621 1741 824 1782 beneficio
845 1742 1062 1794 regiminis
1090 1742 1224 1795 magis
1256 1742 1481 1795 temperati
1511 1742 1677 1783 fuscum
1699 1742 1880 1783 colorem

420 1809 656 1861 acquirunt,
670 1815 899 1862 posteaque
920 1809 1181 1862 pedetentim
1203 1809 1439 1849 subflavum
1460 1810 1593 1858 illum,
1613 1810 1684 1862 qui
1699 1810 1880 1850 Variolis

420 1877 616 1929 genuinis
638 1890 685 1916 ac
705 1891 830 1916 suum
860 1891 1021 1917 morem
1052 1877 1347 1918 obtinentibus
1378 1878 1631 1918 naturaliter
1652 1878 1855 1931 competit
1868 1895 1879 1927 ;

421 1944 532 1997 quod
563 1944 663 1984 satis
693 1945 852 1997 liquido
883 1945 1069 1985 cernitur
1095 1946 1139 1985 in
1171 1946 1241 1985 illa
1269 1960 1376 1999 quac
1404 1946 1514 1985 circa
1543 1945 1740 1985 morbum
1767 1946 1881 1986 hunc

420 2017 608 2052 versatur
628 2013 758 2065 praxi,
780 2013 826 2052 in
848 2028 929 2066 quo
951 2013 1093 2053 omnia
1115 2019 1399 2067 symptomata
1421 2027 1469 2054 eo
1487 2019 1587 2054 sunt
1608 2014 1778 2054 mitiora
1798 2028 1881 2067 quo

419 2080 553 2133 magis
574 2080 768 2133 pustulae
788 2081 1077 2121 maturitatem
1103 2081 1280 2134 adeptae
1303 2081 1355 2121 ad
1377 2081 1539 2121 dictmn
1563 2081 1745 2122 colorem
1767 2095 1880 2122 acce-

421 2147 540 2196 dunt,
565 2151 691 2200 atque
713 2162 735 2187 e
758 2152 918 2188 contra.

221 2223 341 2272 mictu-S
485 2216 592 2269 [25]
632 2216 961 2257 Adolescentum
983 2230 1107 2269 porro
1129 2222 1170 2257 et
1193 2218 1342 2257 aetatis
1364 2218 1465 2258 flore
1487 2218 1722 2270 vigentium
1749 2219 1880 2271 (prae-

219 2276 388 2342 slasugume-
420 2284 541 2336 cipue
575 2284 609 2323 si
644 2283 754 2333 vino,
781 2289 853 2323 aut
886 2284 967 2324 alio
1001 2285 1145 2337 quovis
1177 2285 1338 2338 liquore
1369 2286 1593 2338 spirituoso
1625 2299 1668 2325 se
1700 2285 1882 2325 nimium

420 2351 715 2404 impleverint,)
741 2365 874 2404 usque
896 2351 998 2392 adeo
1026 2352 1071 2391 in
1098 2352 1178 2392 1100
1199 2352 1346 2393 morbo
1376 2365 1686 2405 nonnunquam
1709 2353 1881 2406 sanguis

422 2420 665 2460 accenditur
684 2419 883 2473 furitque,
897 2426 945 2459 ut
966 2434 1041 2473 per
1062 2421 1235 2460 arterias
1257 2426 1299 2461 et
1312 2421 1492 2461 vesicam
1509 2422 1619 2461 viam
1641 2421 1720 2461 sibi
1741 2421 1879 2471 faciat,

422 2492 463 2527 et
485 2491 607 2540 “qua
643 2487 741 2528 data
772 2493 906 2540 porta,
942 2488 1073 2528 ruat²²
1113 2488 1252 2541 [Virg.
1275 2488 1377 2528 Aen.
1401 2489 1426 2528 i.
1453 2489 1526 2542 83]
1550 2506 1561 2538 ;
1595 2503 1677 2542 quo
1711 2489 1880 2542 quidem

422 2555 554 2595 mictu
595 2556 827 2607 sanguineo
862 2555 930 2595 vix
965 2555 1079 2596 aliud
1120 2560 1358 2609 symptoma
1397 2557 1550 2609 pejoris
1586 2562 1712 2597 notae
1755 2563 1881 2610 atque

424 2622 575 2661 ominis
595 2622 783 2663 invenire
804 2622 901 2662 licet
922 2636 996 2675 per
1017 2636 1186 2663 omnem
1207 2622 1334 2676 hujus
1354 2622 1490 2663 morbi
1511 2623 1785 2676 tragoediam.

219 2700 384 2738 sauguinis
489 2689 595 2742 [26]
632 2689 701 2730 Ab
723 2690 870 2730 eadem
890 2691 1062 2743 insuper
1086 2704 1211 2730 causa
1237 2704 1545 2743 nonnunquam
1571 2691 1682 2745 (licet
1713 2691 1877 2743 rarius,)

221 2747 393 2822 ᾙζῒζᾞῶᾖ
425 2756 595 2808 sanguis
623 2771 645 2797 e
671 2756 943 2809 pulmonibus
969 2758 1145 2810 ejicitur.
1210 2758 1402 2812 Utraque
1432 2773 1528 2800 vero
1561 2759 1882 2813 haemorrhagia

222 2826 272 2855 hic
289 2837 360 2856 nas·
425 2823 527 2863 haec
548 2824 625 2863 sub
650 2825 788 2865 morbi
808 2825 931 2865 initio
957 2825 1206 2879 plerumque
1237 2827 1459 2879 contingit,
1481 2828 1661 2880 pustulis
1688 2827 1880 2868 nondum

224 2875 345 2898 cantur.
427 2891 768 2943 erumpentibus,
800 2892 865 2932 vel
906 2893 940 2932 si
980 2893 1024 2932 111
1066 2892 1318 2945 quibusdam
1357 2893 1457 2934 locis
1490 2908 1533 2934 se
1569 2894 1807 2944 ostendant,
1835 2894 1880 2933 111
