1985 3308
390 158 476 198 420
805 158 1062 199 THOMAE
1096 157 1439 199 SYDENHAM

198 271 252 301 DE
270 271 358 302 Pon-
387 263 676 318 phlebotomia
705 265 867 319 jugiter
896 270 1058 316 utatur,
1089 264 1286 318 Podagra
1322 278 1451 318 quam
1482 262 1683 304 citissime
1719 263 1849 305 etiam

226 324 331 345 ΝΜ·
386 334 431 374 in
448 334 604 387 juvene
626 334 917 383 inveterascet,
940 340 981 373 et
1003 333 1117 373 intra
1138 346 1293 386 paucos
1315 346 1450 382 annos
1471 331 1600 372 latius
1621 331 1850 385 imperium

391 403 480 455 (seu
507 402 646 455 potius
668 401 954 454 tyrannidem)
979 400 1243 454 propagabit,
1267 414 1395 454 quam
1421 399 1523 440 alias
1543 399 1590 440 in
1610 400 1757 440 multis
1779 413 1848 441 ex-

387 470 560 510 tendere
582 470 794 510 valuisset.

187 537 370 585 LJt-abeme-
453 538 562 592 [22]
602 538 780 587 Deinde,
803 537 1018 578 eatharsin
1041 536 1150 590 quod
1181 536 1349 588 attinet,
1380 537 1465 578 sive
1493 536 1578 578 ἄνω
1609 537 1694 578 sive
1721 536 1848 588 κάτω,

183 585 371 654 ἱῗέἶιῗέῑξᾶ·
389 607 813 648 animadvertendum
835 612 911 656 est,
935 606 1061 659 quod,
1085 620 1183 646 cum
1204 607 1398 647 Naturae
1425 607 1493 647 lex
1521 607 1575 647 sit
1596 606 1850 647 inviolabilis

183 667 345 748 ῗξῇιθὲξζ
387 683 514 729 atque
554 676 633 729 ipsi
674 675 850 729 hujusce
890 674 1029 715 morbi
1069 675 1277 714 essentiae
1322 675 1556 715 intertexta
1595 675 1848 729 innexaque,

182 751 321 782 entatur.
386 744 524 785 morbi
549 743 740 784 fomitem
763 756 928 796 semper
953 743 998 782 in
1020 743 1220 783 articulos
1248 743 1366 796 rejici
1392 742 1545 783 debere
1559 760 1570 793 3
1602 743 1710 783 nihil
1731 757 1849 796 pror-

386 827 456 853 sus
489 811 604 852 aliud
633 810 913 864 praestabunt
941 810 1129 851 remedia
1160 811 1244 851 sive
1276 811 1468 861 emetica,
1499 811 1584 851 sive
1616 811 1851 852 cathartica

384 880 551 934 proprie
577 879 701 929 dicta,
723 879 806 919 nisi
833 884 882 919 ut
909 879 1087 919 materia
1112 893 1307 933 peccans,
1331 893 1458 933 quam
1487 879 1659 920 Natura
1685 879 1732 919 in
1759 893 1850 920 cor-

383 947 496 1002 poris
528 947 819 987 extremitates
853 952 1131 1000 protruserat,
1160 947 1207 987 in
1242 947 1463 1000 sanguinis
1493 961 1678 988 massam
1709 947 1851 988 denuo

384 1020 627 1056 revocetur:
664 1014 779 1055 unde
811 1014 975 1065 accidit,
998 1020 1060 1065 ut,
1085 1029 1192 1068 quae
1227 1015 1274 1055 in
1304 1015 1505 1056 articulos
1537 1015 1747 1056 eliminari
1778 1015 1849 1056 de-

385 1084 548 1134 buerat,
576 1084 621 1123 in
650 1083 820 1137 aliquod
848 1097 870 1124 e
894 1083 1125 1124 visceribus
1152 1083 1262 1124 forte
1287 1083 1435 1134 irruat,
1464 1088 1592 1137 atque
1621 1084 1683 1125 ita
1710 1097 1848 1138 aeger,

385 1153 457 1206 qui
486 1153 532 1194 in
562 1152 681 1193 nullo
712 1151 828 1205 prius
860 1151 1102 1192 discrimine
1130 1151 1391 1203 versabatur,
1425 1152 1516 1206 jam
1546 1152 1598 1193 de
1625 1152 1713 1193 vita
1741 1152 1850 1206 peri-

385 1221 568 1262 clitetur.
632 1220 760 1262 Quod
799 1219 850 1260 iis
890 1219 1018 1260 fatale
1055 1233 1144 1260 esse
1185 1220 1302 1260 haud
1341 1234 1438 1262 raro
1478 1220 1740 1272 observatur,
1778 1220 1851 1275 qui

383 1289 705 1329 medicamentis
734 1287 1029 1341 purgantibus,
1051 1288 1117 1328 vel
1147 1288 1200 1328 ad
1231 1288 1471 1342 Podagram
1501 1288 1849 1342 praecavendam,

384 1358 450 1398 vel
470 1357 599 1410 (quod
621 1356 758 1397 adhuc
779 1357 900 1410 pejus
922 1357 1015 1408 est,)
1037 1355 1090 1396 ad
1109 1356 1358 1396 leniendum
1375 1371 1690 1410 paroxysmum,
1708 1370 1849 1397 assue-

386 1431 558 1466 verant:
611 1425 772 1466 etenim
804 1438 902 1465 cum
933 1424 1104 1465 Natura
1135 1439 1159 1464 a
1193 1424 1396 1465 methodo
1432 1424 1512 1464 sibi
1551 1424 1748 1465 familiari
1779 1438 1849 1465 ex-

386 1494 562 1534 turbata
587 1493 728 1543 fuerit,
753 1507 848 1546 qua,
875 1498 1024 1546 utpote
1054 1493 1320 1533 securissima
1346 1493 1603 1546 optimaque,
1626 1493 1851 1534 materiam

184 1572 237 1620 ab
252 1571 367 1621 hqmo-
385 1564 649 1605 morbifieam
678 1564 725 1604 in
756 1563 954 1603 articulos
986 1562 1168 1616 ablegat,
1199 1563 1302 1603 dum
1333 1563 1533 1604 humores
1564 1563 1679 1603 intro
1705 1577 1850 1604 versus

182 1615 370 1687 ῗέἶῗιζιξξξο
385 1633 591 1673 intestina
625 1631 919 1681 sollicitentur,
951 1631 1044 1672 loco
1079 1630 1235 1671 doloris
1276 1631 1321 1670 in
1356 1631 1586 1685 juncturiS,
1621 1645 1749 1684 quem
1783 1631 1850 1672 vel

184 1701 299 1749 tespina
310 1701 371 1730 sol·
387 1701 555 1741 nullum
582 1699 743 1740 habent
768 1699 833 1740 vel
858 1704 971 1739 certe
999 1699 1289 1752 perexiguum,
1311 1698 1538 1739 ventriculi
1565 1698 1848 1752 aegritudine,

183 1743 348 1826 ἑιζζῐέξξῆ-
390 1769 471 1809 alvi
504 1767 771 1817 torminibus,
802 1767 1065 1821 lipothymia,
1098 1772 1139 1808 et
1173 1767 1301 1820 longo
1337 1767 1631 1808 anomalorum
1662 1772 1850 1821 sympto-

183 1828 342 1901 {laninngru-
389 1842 553 1877 matum
577 1836 758 1888 agmine,
782 1835 924 1875 miseri
945 1835 1065 1888 quasi
1086 1842 1334 1876 enecantur.

185 1923 350 1953 camargis
455 1904 562 1958 [23]
602 1904 693 1956 Ego
715 1909 828 1943 certe
848 1903 1189 1956 persuasissimus
1211 1918 1318 1953 sum,
1337 1917 1362 1943 a
1377 1904 1472 1957 jugi
1493 1908 1535 1944 et
1553 1917 1676 1957 saepe
1696 1897 1851 1944 iterata

183 1966 368 2041 ἓξξέἓὶξᾶῐ·
389 1972 649 2027 experientia
689 1971 876 2022 edoctus,
917 1971 1133 2012 catharsin
1163 1976 1343 2012 'omnem
1384 1977 1474 2012 tam
1517 1986 1593 2026 per
1631 1971 1849 2022 lenientia,

184 2042 370 2091 ad'peccan-
389 2055 515 2094 quam
550 2054 624 2094 per
656 2039 831 2081 fortiora
861 2039 1186 2090 medicamenta,
1220 2040 1361 2093 qualia
1394 2054 1471 2094 pro
1506 2054 1624 2081 more
1661 2039 1851 2081 articulis

185 2100 367 2124 ¹⁶¹¹¹¹¹¹“‘⁰‘
388 2109 672 2163 expurgandis
704 2108 986 2159 destinantur,
1015 2108 1249 2162 plurimum
1284 2122 1462 2158 nocere,
1508 2108 1592 2149 sive
1622 2108 1668 2148 in
1700 2122 1850 2162 parox-

183 2137 264 2167 n'nm
283 2138 342 2167 mi-

184 2180 355 2229 mendam,
388 2192 508 2232 ysmo
544 2178 597 2218 ad
631 2177 908 2217 minuendam
944 2177 1167 2217 materiam
1198 2182 1459 2230 peccantem,
1489 2176 1574 2217 sive
1603 2177 1650 2217 in
1680 2177 1765 2217 fine
1796 2176 1851 2217 ad

185 2224 371 2305 ἓξῖζῖιῑᾙᾙρ
390 2245 653 2300 dissipandas
680 2245 818 2286 morbi
841 2244 1051 2298 reliquias,
1075 2245 1159 2285 sive
1184 2245 1230 2284 in
1254 2245 1441 2299 perfecta
1467 2244 1786 2285 intermissione
1807 2249 1850 2285 et

184 2309 370 2381 {jufflfflligc
389 2323 505 2356 recta
529 2314 772 2355 valetudine
802 2319 852 2354 ut
883 2319 1064 2354 venturo
1090 2327 1343 2367 paroxysmo
1371 2318 1629 2362 occurratur,
1651 2311 1851 2366 purgat-io

185 2394 360 2442 adj-mmai
389 2385 434 2425 in
461 2399 587 2425 usum
614 2388 870 2425 revoceture.
931 2382 1106 2423 Etenim
1127 2388 1217 2422 tam
1244 2382 1329 2422 mei
1360 2382 1492 2435 ipsius
1514 2396 1642 2435 quam
1670 2381 1851 2422 aliorum

183 2436 577 2518 sstrlii-li-erfflbl‘ffl'ifflflo
622 2451 1005 2506 compertissimum
1051 2450 1201 2501 habeo,
1243 2451 1459 2491 catharsin
1507 2450 1651 2504 quovis
1697 2449 1850 2490 horum

187 2522 359 2569 1¹}¹¹¹¹20¹¹¹·
391 2528 630 2576 temporum
672 2519 1024 2569 administratam,
1056 2519 1117 2559 ita
1156 2533 1307 2572 parum
1347 2519 1454 2559 votis
1489 2517 1768 2572 respondisse,
1799 2523 1850 2558 ut

185 2574 348 2638 :dxcix-pro-
390 2592 564 2641 malum,
583 2589 695 2644 quod
711 2588 915 2629 debuerat
937 2601 1213 2628 averruncare
1235 2592 1362 2640 atque
1385 2592 1584 2637 avertere,
1603 2590 1848 2627 accerseret.

391 2660 585 2700 Primum
619 2658 776 2711 itaque,
804 2655 1002 2711 purgatio
1033 2655 1246 2696 saeviente
1279 2655 1417 2695 adhuc
1447 2668 1699 2709 paroxysmo
1729 2654 1849 2694 adhi-

391 2727 493 2777 bita,
515 2727 722 2776 Naturae,
745 2725 790 2765 in
817 2724 994 2765 materia
1014 2723 1235 2764 morbifiea
1259 2722 1494 2777 separanda
1514 2727 1557 2763 et
1577 2723 1622 2762 in
1648 2722 1849 2763 articulos

394 2794 644 2847 deponenda
659 2797 900 2847 occupatae,
917 2791 1140 2845 negotium
1159 2791 1381 2842 facessens,
1399 2804 1600 2845 magnam
1621 2789 1850 2844 spirituum

872 2945 883 2959 ²
912 2945 959 2975 Cf.
979 2946 1081 2975 Schcd.
1101 2945 1208 2975 Monit.
1226 2946 1289 2975 III.
1308 2946 1322 2982 ξ
1340 2945 1367 2975 6.
