1985 3308
165 678 330 710 Describi-

166 728 218 752 tur
234 722 335 751 morbi

167 765 287 805 species
297 775 351 794 no-

165 807 300 838 tissima.

179 2043 343 2075 Describi—

179 2094 232 2117 tur
245 2087 364 2126 species

179 2130 241 2160 alia
257 2129 357 2159 rarius

178 2182 357 2203 occurrens.

189 2796 362 2825 Ci‘Rixrio.

191 2855 321 2884 Curatio

190 2897 353 2927 materiam

361 165 447 205 262
764 162 1021 204 THOMAE
1055 158 1396 203 SYDENHAM

960 287 1088 328 CAP.
1118 285 1221 327 VLJ'

851 377 993 418 Febris
1021 378 1346 429 Erysipelatosa.

423 470 626 512 NULLAM
657 483 746 511 non
777 469 960 522 corporis
990 473 1168 521 partem,
1195 468 1324 521 idque
1352 467 1471 509 nullo
1501 482 1590 509 non
1620 471 1827 523 tempore,

366 538 539 579 incessit
571 538 640 578 hie
671 537 857 587 morbus,
890 541 933 576 at
963 549 1063 589 prae
1093 535 1264 588 reliquis
1295 535 1458 586 faciem,
1490 541 1672 577 exeunte
1706 551 1827 590 prae-

369 608 514 648 sertim
537 612 696 647 aestate
711 623 724 654 ς
757 619 839 659 quo
879 610 1070 657 tempore
1111 617 1234 656 saepe
1266 603 1368 644 dum
1405 604 1483 645 sub
1518 604 1586 645 dio
1623 611 1827 656 versatur,

370 675 595 728 corripitur
625 687 761 726 aeger.
823 672 967 713 Facies
999 671 1204 724 siquidem
1226 685 1276 711 ex
1296 672 1522 726 improviso
1542 673 1589 713 in
1615 678 1829 714 tumorem

371 743 591 792 attollitur,
616 742 686 795 qui
718 741 857 781 subito
885 753 1056 780 exorsus
1078 753 1174 779 eum
1202 740 1343 780 dolore
1371 740 1609 794 ruboreque
1638 741 1828 792 summis,

371 811 501 852 denso
547 810 822 849 minimarum
868 808 1138 862 pustularum
1187 808 1334 849 ordine
1375 808 1665 862 distinguitur,
1707 823 1829 862 quae,

370 884 496 919 aucta
525 877 660 929 magis
691 876 1039 926 inflammatione,
1065 876 1111 915 in
1141 876 1344 917 vesiculas
1376 876 1557 917 subinde
1586 877 1829 918 facessunt:

369 946 469 986 hinc
490 959 563 998 per
583 945 767 985 frontem
794 944 1016 997 ipsumque
1038 949 1165 997 caput
1185 944 1312 984 latius
1335 945 1476 998 serpit,
1499 945 1629 985 oculis
1656 945 1832 985 interim

370 1013 548 1055 tumoris
569 1012 868 1065 magnitudine
889 1013 1013 1065 plane
1035 1012 1212 1063 obrutis,
1239 1013 1422 1064 (rusticis
1442 1013 1650 1066 syderatz‘o
1678 1012 1827 1065 audit,)

370 1095 508 1135 neque
539 1081 725 1120 multum
754 1080 942 1133 profecto
973 1080 1151 1130 abludit,
1184 1081 1266 1120 nisi
1295 1081 1406 1134 quod
1435 1081 1591 1121 adsunt
1621 1081 1830 1134 pustulae,

372 1149 424 1190 ab
450 1149 501 1189 iis
528 1148 822 1203 symptomatis
850 1162 957 1202 quae
983 1148 1146 1189 inflicta
1172 1148 1224 1189 ab
1251 1163 1380 1202 apum
1403 1162 1708 1202 vesparumque
1735 1161 1833 1188 acu-

372 1218 449 1258 leis
481 1217 741 1258 comitantur
775 1216 966 1257 vulnera.
1027 1217 1123 1257 Hoc
1157 1231 1200 1257 se
1232 1216 1362 1258 habet
1397 1217 1524 1257 modo
1556 1215 1835 1271 Erysipelatis

372 1286 595 1326 notissima
617 1285 773 1338 species
796 1299 843 1325 ac
863 1285 1062 1340 vulgaris.

440 1353 518 1407 [2.]
556 1354 616 1393 At
646 1367 756 1402 vero,
790 1366 1086 1406 quameunque
1126 1352 1344 1406 corporis*
1357 1358 1522 1406 partem
1562 1352 1643 1393 hoc
1682 1352 1835 1393 vitium

375 1422 599 1471 obsederit,
633 1426 682 1461 ut
716 1422 845 1462 etiam
887 1436 1138 1474 quoeunque
1176 1422 1278 1461 anni
1319 1426 1521 1474 tempore,
1553 1421 1668 1474 rigor
1708 1426 1836 1474 atque

375 1491 536 1540 horror,
578 1490 660 1530 nisi
698 1489 1016 1542 praecesserint,
1054 1490 1181 1543 (quod
1220 1504 1531 1542 nonnunquam
1572 1489 1719 1543 pridie,
1761 1493 1836 1529 aut

375 1558 533 1598 nudius
561 1558 725 1608 tertius,
759 1558 864 1598 solet
900 1557 1177 1610 contingere,)
1213 1557 1312 1597 huie
1349 1571 1392 1598 se
1428 1555 1755 1596 inflammationi
1787 1561 1836 1596 ut

376 1626 608 1679 plurimum
649 1625 906 1679 adjungunt,
938 1626 1029 1666 sitis
1064 1626 1250 1678 insuper,
1284 1625 1548 1678 inquietudo,
1587 1638 1634 1664 ac
1674 1624 1839 1677 reliqua

377 1694 560 1734 febrium
580 1693 748 1734 indicia.
810 1694 1072 1734 Procedente
1093 1694 1253 1743 morbo,
1276 1694 1340 1733 uti
1365 1694 1549 1746 primum
1570 1693 1699 1733 febris
1721 1692 1838 1732 dolo-

378 1776 482 1812 rem,
507 1767 731 1810 tumorem,
763 1767 888 1815 atque
921 1763 1001 1802 alia
1035 1762 1198 1815 peperit
1231 1767 1528 1815 symptomata,
1566 1775 1672 1814 quae
1700 1760 1837 1800 indies

379 1830 716 1883 ingravescentia
751 1845 1062 1883 nonnunquam
1092 1830 1138 1870 in
1167 1844 1411 1883 gangraena
1441 1830 1742 1878 terminantur,
1777 1828 1839 1868 ita

379 1898 484 1939 haec
510 1899 690 1939 invicem
717 1898 831 1938 haud
860 1899 1114 1939 mediocrem
1140 1898 1194 1938 ad
1223 1899 1352 1938 febris
1387 1903 1666 1950 augmentum
1697 1896 1839 1937 confe-

380 1972 482 2007 runt
504 1981 687 2020 operam,
711 1967 844 2007 donec
865 1966 1061 2007 remediis
1082 1966 1245 2006 idoneis
1266 1971 1446 2019 utraque
1467 1966 1805 2019 restinguantur.

447 2036 525 2090 [3.]
563 2037 640 2076 Est
669 2042 710 2077 et
742 2036 824 2076 alia
843 2036 1019 2089 hujusce
1049 2035 1187 2076 morbi
1216 2035 1385 2088 specieS,
1408 2035 1506 2075 lieet
1536 2035 1672 2075 rarius
1697 2047 1840 2075 occur-

382 2120 502 2146 rens:
554 2106 657 2146 haee
699 2105 887 2158 quolibet
929 2104 1031 2145 anni
1070 2109 1260 2158 tempore
1301 2104 1476 2154 invadit,
1513 2103 1642 2157 idque
1676 2103 1756 2143 hae
1790 2106 1840 2143 ut

382 2174 614 2228 plurimum
644 2172 870 2229 προφάσει,
904 2173 1015 2227 quod
1047 2173 1206 2213 scilicet
1238 2187 1362 2225 aeger
1392 2173 1587 2213 vinorum
1619 2170 1841 2212 subtilium

383 2243 518 2295 magis
546 2242 763 2295 magisque
792 2241 1111 2282 attenuantium
1138 2241 1347 2294 potationi
1374 2241 1501 2294 paulo
1531 2240 1746 2280 liberalius
1777 2239 1842 2278 in-

384 2310 573 2360 dulserit,
608 2316 681 2350 aut
722 2310 895 2363 liquoris
937 2310 1084 2350 similis
1125 2309 1352 2362 spirituosi.
1414 2308 1692 2357 Fcbriculam,
1736 2320 1843 2359 quae

385 2392 539 2431 agmen
572 2378 702 2428 ducit,
736 2392 833 2418 mox
871 2378 1024 2431 excipit
1064 2377 1332 2430 pustularum
1369 2390 1444 2430 per
1479 2376 1724 2416 universum
1756 2375 1844 2415 fere

386 2460 535 2499 corpus
567 2446 746 2499 eruptio,
776 2460 882 2498 quae
912 2445 1144 2485 urticarum
1176 2450 1408 2498 punctiu'as
1439 2444 1642 2494 referunt,
1670 2449 1712 2484 et
1737 2457 1844 2483 non-

385 2528 607 2567 nunquam
628 2514 675 2554 in
699 2514 902 2554 vesiculas
934 2513 1190 2553 attolluntur
1205 2530 1216 2562 3
1248 2527 1346 2552 mox
1370 2512 1615 2552 recedentes
1646 2511 1844 2552 tubercu-

387 2582 524 2622 lorum
551 2595 668 2622 more
697 2581 774 2622 sub
801 2587 897 2622 cute
923 2595 966 2621 se
995 2581 1185 2621 condunt
1213 2594 1309 2620 eum
1334 2581 1503 2633 pruritu
1529 2579 1846 2621 mordacissimo

389 2654 430 2689 et
451 2649 516 2689 vix
546 2649 780 2699 tolerando,
803 2653 858 2699 at,
883 2649 1048 2702 quoties
1076 2648 1331 2689 levissimam
1362 2648 1618 2701 scalpturam
1646 2647 1845 2696 subeunt,

388 2731 557 2757 nusum
579 2723 797 2770 apparent.

456 2785 533 2837 [4]
575 2785 658 2825 llic
695 2800 772 2837 ego
810 2784 1031 2825 materiam
1072 2788 1317 2838 peccantem
1354 2783 1553 2836 sanguini
1592 2782 1848 2836 permixtam

391 2852 470 2892 rite
502 2853 800 2902 evacuandam,
839 2853 1112 2906 ejusdemque
1141 2852 1361 2906 sanguinis
1389 2851 1683 2892 ebullitionem
1715 2864 1848 2891 renie-

604 2937 612 2960 ‚-
638 2938 733 2967 Deest
753 2938 808 2968 hoc
826 2948 893 2977 cap.
911 2938 943 2968 in
960 2938 1027 2968 edd.
1047 2939 1109 2974 ⁸66,
1127 2939 1188 2967 ’68.
1237 2938 1286 2967 Cf.
1304 2939 1436 2967 Prot-css.
1451 2938 1512 2966 ῙηΙ.
1531 2946 1556 2966 c.
1578 2936 1625 2965 ll.
