1985 3308
183 227 238 259 DE
257 227 346 257 Pon-

216 278 320 300 AGnA.

173 421 213 451 In
222 420 292 450 cibo
303 430 358 461 po-

170 468 268 503 tuque
278 474 359 503 quae

375 108 462 149 614
790 108 1048 149 THOMAE
1082 107 1423 149 SYDENHAM

442 215 522 270 [9.]
536 221 551 240 θ
574 215 695 257 Haec
716 220 860 257 autem
879 216 1068 256 remedia
1088 215 1295 268 digestiva
1314 217 1561 256 constanter
1577 217 1704 267 atque
1720 212 1837 253 omni

377 283 568 325 adhibita
602 284 824 337 diligentia
854 283 1020 324 assidue
1052 283 1310 336 usurpanda,
1340 286 1383 323 et
1411 282 1459 322 in
1488 294 1838 336 paroxysmorum

375 351 608 392 intervallis
628 352 852 405 praecipue
874 351 920 390 in
940 365 1067 391 usum
1087 350 1324 391 revocanda
1345 354 1459 390 sunt.

437 418 547 474 [10.]
586 419 861 460 Mediocritas
902 432 951 459 ea
990 418 1036 458 in
1071 418 1165 459 cibo
1207 418 1468 459 observanda
1503 422 1579 467 est,
1615 421 1665 457 ut
1699 429 1838 470 neque

172 507 341 536 mediocri·
376 488 471 542 plus
499 487 691 528 alimenti
716 487 937 539 ingeratur
963 500 1090 540 quam
1114 485 1375 526 ventriculus
1400 497 1660 537 concoquere
1687 483 1837 533 valeat,

169 554 218 578 tas
228 559 357 579 servan-

171 591 221 621 da.

173 696 223 726 De
240 696 343 736 quali-

173 743 238 769 tate
252 739 338 769 cibo·

172 791 243 811 rum
260 794 266 816 ;

173 1110 202 1134 et
217 1104 320 1144 liquo-

170 1156 251 1178 rum.

173 1373 213 1403 In
228 1373 331 1404 Poda-

169 1426 226 1456 gra
241 1416 328 1446 iuve-

173 1464 271 1488 terata
286 1469 341 1498 po-

173 1505 225 1531 tus
240 1502 356 1531 diaete-

172 1543 255 1573 ticus
269 1554 359 1584 prae-

173 1586 312 1616 scriben-

173 1629 242 1660 dus.

173 1777 213 1807 In
230 1786 292 1816 quo
306 1786 358 1806 ca-

175 1830 213 1848 su
228 1821 339 1850 vinum

176 1862 329 1902 Hispani·

173 1914 247 1934 cuin
262 1914 355 1944 aegro

171 1947 342 1987 indulgen-

175 1990 263 2019 dum.

174 2257 342 2288 Exercita-

172 2301 268 2330 tionis
277 2311 357 2330 com-

173 2343 275 2374 moda.

377 570 515 609 neque
546 569 568 596 e
600 560 760 604 contra,
783 554 918 594 nimia
945 553 1205 595 abstinentia
1233 557 1375 607 partes
1403 566 1453 593 ea
1472 551 1744 606 proportione
1765 550 1840 591 ali-

376 623 512 664 menti
543 622 850 662 defraudentur
876 635 982 674 quae
1011 620 1243 662 earundem
1269 620 1399 660 robur
1426 624 1470 660 et
1499 619 1687 672 vigorem
1715 617 1839 658 susti-

376 705 478 732 nere
498 690 610 744 potis
627 695 704 730 est.
739 689 893 732 Quoad
914 689 1163 743 qualitatem
1184 694 1328 729 autem
1344 688 1549 738 ciborum,
1567 687 1683 740 aegri
1697 687 1840 741 palato

376 757 687 800 consulendum
717 762 793 807 est,
817 762 859 797 et
889 757 1017 797 unica
1046 756 1238 797 ciborum
1269 755 1406 809 specie
1437 754 1616 808 singulis
1646 754 1839 807 pastibus

375 831 594 868 vescatur:
647 826 699 866 de
741 825 929 875 caeteris,
967 824 1140 877 dempta
1174 837 1313 873 carne,
1349 837 1425 877 pro
1464 822 1593 863 libitu
1631 821 1838 871 comedat,

375 895 502 936 modo
522 908 602 935 nec
623 893 746 943 acria,
764 906 843 933 nec
865 892 950 933 sale
971 891 1143 932 condita
1163 890 1262 940 sint,
1279 903 1359 930 nec
1380 888 1591 930 aromatis.
1625 888 1840 930 Prandere

375 966 547 1002 tantum
569 960 762 1013 expedit3
792 958 885 999 loco
913 962 1058 998 autem
1087 970 1255 1006 coenae,
1277 956 1499 1009 indulgeat
1530 955 1609 996 sibi
1637 955 1841 996 haustum

376 1030 599 1072 cerevisiae
621 1029 798 1081 alicujus
819 1026 1040 1076 tenuioris,
1059 1040 1142 1079 quo
1163 1025 1314 1065 calculi
1334 1024 1548 1066 concretio
1568 1023 1838 1078 impediatur.

442 1098 551 1153 [11.]
567 1097 580 1120 f
609 1097 815 1150 Liquores
837 1094 988 1148 optimi
1009 1098 1123 1143 sunt,
1146 1093 1219 1146 qui
1239 1106 1378 1146 neque
1399 1092 1453 1133 ad
1472 1091 1560 1132 vini
1582 1092 1840 1145 generosita-

375 1171 465 1208 tem
486 1165 734 1214 ascendunt,
755 1177 836 1204 nec
857 1162 911 1203 ad
938 1176 1072 1216 aquae
1094 1160 1357 1202 debilitatem
1383 1160 1452 1213 (ne
1479 1160 1636 1213 frigore
1657 1173 1733 1200 suo
1755 1159 1840 1200 lae-

376 1235 481 1275 dant
520 1231 834 1284 ventriculum)
881 1231 1203 1284 deprimuntur:
1249 1228 1496 1283 hujusmodi
1536 1232 1600 1269 est
1641 1227 1841 1268 cerevisia

375 1302 518 1344 tenuis
554 1299 852 1349 Londinensis,
890 1303 964 1339 aut
995 1297 1134 1338 multa
1169 1311 1279 1350 aqua
1311 1311 1409 1337 cum
1440 1310 1576 1350 pauco
1610 1296 1710 1336 vino
1745 1309 1840 1349 per-

377 1371 511 1411 mixta
522 1387 534 1420 3
567 1383 677 1423 aqua
693 1372 837 1408 autem
857 1381 965 1420 pura
985 1370 1027 1406 et
1049 1365 1180 1405 cruda
1198 1365 1434 1418 periculosa
1455 1369 1533 1405 est.
1567 1364 1678 1404 Cum
1696 1367 1840 1404 autem

377 1439 575 1480 universa
596 1438 684 1478 fere
712 1436 900 1489 corporis
921 1434 1161 1475 substantia
1181 1433 1226 1473 in
1247 1433 1487 1486 Podagram
1508 1432 1839 1486 degeneraverit,

379 1522 403 1548 a
431 1507 593 1560 liquore
624 1517 877 1558 quocunque
906 1503 1176 1550 fermentato,
1209 1501 1481 1554 quantumvis
1511 1501 1599 1541 leni
1630 1505 1672 1541 et
1702 1499 1837 1550 tenui,

378 1575 602 1624 abstineat,
620 1577 662 1613 et
682 1576 832 1612 utatur
852 1571 1040 1611 Decocto
1062 1568 1299 1609 Diaetetico
1321 1582 1372 1608 ex
1393 1575 1542 1618 sarsa⁸‚
1564 1568 1610 1608 in
1630 1567 1838 1608 remedio-

375 1657 473 1683 rum
494 1640 685 1682 formulis
702 1639 924 1692 descripto,
943 1637 1017 1678 ubi
1038 1637 1224 1690 primum
1246 1651 1270 1677 a
1290 1649 1544 1690 paroxysmo
1564 1634 1838 1684 convaluerit,

376 1724 451 1763 per
470 1709 682 1761 reliquum
702 1706 812 1746 witae
834 1719 1017 1746 clusum.

442 1776 550 1830 [12]
591 1775 669 1815 Sin
693 1778 837 1814 autem
862 1786 987 1825 aeger
1012 1786 1037 1812 a
1062 1771 1191 1823 longo
1219 1775 1261 1811 et
1282 1770 1415 1810 nimio
1440 1770 1655 1823 liquorum
1681 1768 1838 1810 inebri-

378 1845 543 1885 antium
564 1857 657 1893 usu,
680 1842 745 1882 vel
766 1841 818 1882 ab
841 1845 980 1881 aetate
999 1839 1273 1893 provectiore,
1293 1838 1360 1878 vel
1382 1838 1565 1891 denique
1586 1851 1686 1892 prae
1706 1837 1840 1878 nimia

378 1912 608 1961 debilitate,
631 1910 744 1951 cibos
766 1909 924 1961 absque
944 1907 1042 1948 vino
1071 1911 1256 1959 nequeat
1284 1919 1559 1959 concoquere,
1581 1905 1627 1945 in
1647 1905 1838 1959 pastibus

375 1980 579 2020 haustum
601 1977 689 2018 vini
715 1975 939 2029 Hispanici
966 1974 1047 2015 sibi
1073 1974 1309 2027 indulgeat,
1339 1987 1539 2027 apozema
1566 1973 1838 2014 diaeteticum

378 2047 593 2088 abdicans.

437 2115 548 2170 [13.]
564 2113 583 2137 ¹²
614 2116 769 2167 Aeger,
784 2112 967 2152 maxime
990 2111 1153 2165 hyemis
1174 2114 1378 2163 tempore,
1400 2116 1566 2150 mature
1586 2109 1746 2151 lectum
1766 2123 1837 2163 pe-

376 2188 453 2233 tat,
477 2181 662 2222 diluculo
693 2184 896 2233 exurgat,
929 2179 1098 2219 animus
1130 2178 1184 2218 sit
1215 2178 1484 2230 tranquillus,
1507 2191 1587 2218 nec
1616 2177 1744 2217 nimis
1773 2176 1838 2217 in-

375 2256 522 2292 tentus
551 2249 701 2291 studiis
727 2253 769 2289 et
789 2247 916 2288 rebus
945 2247 1074 2288 seriis.
1141 2244 1250 2301 [14]
1294 2245 1481 2286 Caeteris
1511 2260 1609 2286 vero
1640 2245 1838 2286 omnibus

377 2316 619 2358 exercitatio
675 2314 858 2368 corporis
913 2313 1160 2367 quotidiana
1213 2312 1336 2353 facile
1385 2312 1571 2365 palmam
1622 2312 1836 2366 praeripit,

377 2399 483 2438 quae
514 2383 733 2424 moderata
760 2382 827 2431 sit,
850 2386 891 2421 et
924 2394 1207 2434 perseverans,
1238 2380 1358 2420 nullo
1391 2385 1535 2420 autem
1566 2379 1693 2420 modo
1720 2379 1837 2433 justo

375 2451 664 2494 vehementior
677 2468 688 2501 3
721 2449 860 2503 quoad
882 2448 1070 2489 exercitii
1091 2462 1239 2501 genus,
1262 2448 1425 2501 quoties
1447 2461 1526 2488 nec
1549 2447 1748 2501 grandior
1769 2461 1835 2488 ae-

375 2527 440 2562 tas
472 2534 552 2560 nec
585 2518 771 2559 calculus
798 2516 1080 2566 intercedant,
1112 2515 1284 2569 reliquis
1317 2515 1594 2569 praeferenda
1625 2519 1689 2556 est
1721 2514 1836 2568 cqui-

375 2589 482 2629 tatio
503 2591 702 2628 constans
725 2598 772 2625 ac
794 2583 962 2624 assidua
981 2584 1027 2624 in
1049 2586 1144 2624 a'ere
1166 2583 1336 2633 salubri,
1359 2588 1433 2623 aut
1453 2582 1589 2623 vectio
1610 2582 1656 2622 in
1676 2595 1816 2623 curru.

433 2655 614 2696 Veneris
648 2651 869 2694 lenociniis
903 2665 959 2692 ne
993 2651 1238 2704 indulgeat:
1289 2650 1477 2691 remedia
1511 2654 1686 2691 externa
1718 2650 1839 2690 nulla

378 2722 628 2764 adhibenda.

419 2832 433 2848 e
458 2827 507 2856 Cf.
526 2829 625 2857 Tract.
645 2826 669 2855 I.
688 2827 702 2863 ξ
722 2825 758 2855 41
778 2834 826 2863 sq.
1177 2820 1191 2839 ⁸
1217 2823 1266 2853 Cf.
1285 2823 1410 2854 sormm.
1428 2824 1480 2858 95,
1498 2824 1567 2854 122.

419 2868 427 2887 ¹
451 2870 500 2898 Cf.
517 2871 588 2898 ibid.
607 2872 621 2905 ς’
639 2868 678 2897 46
693 2877 740 2906 sq.
1177 2863 1193 2885 ¹¹
1222 2866 1270 2896 Cf.
1294 2867 1394 2897 Tract.
1412 2867 1436 2895 Ι.
1455 2868 1470 2903 §
1489 2867 1529 2895 52
1546 2876 1590 2904 sq.

1907 2620 1928 2717 wn-vk
