<?xml version="1.0" encoding="UTF-8"?>
<!DOCTYPE html PUBLIC "-//W3C//DTD XHTML 1.0 Transitional//EN"
    "http://www.w3.org/TR/xhtml1/DTD/xhtml1-transitional.dtd">
<html xmlns="http://www.w3.org/1999/xhtml" xml:lang="en" lang="en">
 <head>
  <title>
</title>
<meta http-equiv="Content-Type" content="text/html;charset=utf-8" />
  <meta name='ocr-system' content='tesseract 3.04.00' />
  <meta name='ocr-capabilities' content='ocr_page ocr_carea ocr_par ocr_line ocrx_word'/>
</head>
<body>
  <div class='ocr_page' id='page_1' title='image "./thomaesydenhammd00sydeuoft_0490.png"; bbox 0 0 1985 3308; ppageno 0'>
   <div class='ocr_carea' id='block_1_1' title="bbox 209 349 393 356">
    <p class='ocr_par' dir='ltr' id='par_1_1' title="bbox 209 349 393 356">
     <span class='ocr_line' id='line_1_1' title="bbox 209 349 393 356; baseline 0 0"><span class='ocrx_word' id='word_1_1' title='bbox 209 349 393 356; x_wconf 95' lang='lat' dir='ltr'> </span> 
     </span>
    </p>
   </div>
   <div class='ocr_carea' id='block_1_2' title="bbox 408 136 1551 181">
    <p class='ocr_par' dir='ltr' id='par_1_2' title="bbox 408 136 1551 181">
     <span class='ocr_line' id='line_1_2' title="bbox 408 136 1551 181; baseline -0.003 0"><span class='ocrx_word' id='word_1_2' title='bbox 408 142 495 181; x_wconf 82' lang='lat'>454</span> <span class='ocrx_word' id='word_1_3' title='bbox 732 139 870 181; x_wconf 85' lang='lat' dir='ltr'><strong>THO.</strong></span> <span class='ocrx_word' id='word_1_4' title='bbox 905 137 1246 180; x_wconf 88' lang='lat' dir='ltr'>SYDENHAM</span> <span class='ocrx_word' id='word_1_5' title='bbox 1277 136 1480 178; x_wconf 82' lang='lat' dir='ltr'><strong>TRACT.</strong></span> <span class='ocrx_word' id='word_1_6' title='bbox 1515 137 1551 177; x_wconf 93' lang='grc' dir='ltr'>Ι.</span> 
     </span>
    </p>
   </div>
   <div class='ocr_carea' id='block_1_3' title="bbox 218 243 1955 1533">
    <p class='ocr_par' dir='ltr' id='par_1_3' title="bbox 218 243 1871 300">
     <span class='ocr_line' id='line_1_3' title="bbox 218 243 1871 300; baseline -0.003 -11"><span class='ocrx_word' id='word_1_7' title='bbox 218 260 272 290; x_wconf 62' lang='lat' dir='ltr'>Dr:</span> <span class='ocrx_word' id='word_1_8' title='bbox 291 258 381 289; x_wconf 81' lang='lat' dir='ltr'>Pon-</span> <span class='ocrx_word' id='word_1_9' title='bbox 409 246 573 300; x_wconf 80' lang='lat' dir='ltr'>pulveri</span> <span class='ocrx_word' id='word_1_10' title='bbox 601 245 840 287; x_wconf 83' lang='lat' dir='ltr'>exhibendo</span> <span class='ocrx_word' id='word_1_11' title='bbox 867 244 1057 286; x_wconf 84' lang='lat' dir='ltr'>debitam</span> <span class='ocrx_word' id='word_1_12' title='bbox 1085 244 1370 293; x_wconf 76' lang='lat' dir='ltr'>observantes,</span> <span class='ocrx_word' id='word_1_13' title='bbox 1397 256 1571 296; x_wconf 90' lang='lat' dir='ltr'>scopum</span> <span class='ocrx_word' id='word_1_14' title='bbox 1597 246 1715 283; x_wconf 88' lang='lat' dir='ltr'>recta</span> <span class='ocrx_word' id='word_1_15' title='bbox 1741 243 1871 284; x_wconf 87' lang='lat' dir='ltr'>attin-</span> 
     </span>
    </p>

    <p class='ocr_par' dir='ltr' id='par_1_4' title="bbox 251 310 1946 369">
     <span class='ocr_line' id='line_1_4' title="bbox 251 310 1946 369; baseline -0.003 -13"><span class='ocrx_word' id='word_1_16' title='bbox 251 311 356 332; x_wconf 62' lang='lat' dir='ltr'>mm.</span> <span class='ocrx_word' id='word_1_17' title='bbox 411 316 564 369; x_wconf 84' lang='lat' dir='ltr'>gimus,</span> <span class='ocrx_word' id='word_1_18' title='bbox 586 315 654 355; x_wconf 70' lang='lat' dir='ltr'>vix</span> <span class='ocrx_word' id='word_1_19' title='bbox 682 314 734 355; x_wconf 93' lang='lat' dir='ltr'>ab</span> <span class='ocrx_word' id='word_1_20' title='bbox 759 314 832 355; x_wconf 79' lang='lat' dir='ltr'>illo</span> <span class='ocrx_word' id='word_1_21' title='bbox 854 313 1099 354; x_wconf 84' lang='lat' dir='ltr'>aberrantes</span> <span class='ocrx_word' id='word_1_22' title='bbox 1127 325 1319 364; x_wconf 87' lang='lat' dir='ltr'>unquam</span> <span class='ocrx_word' id='word_1_23' title='bbox 1345 310 1429 350; x_wconf 90' lang='lat' dir='ltr'>nisi</span> <span class='ocrx_word' id='word_1_24' title='bbox 1450 324 1626 363; x_wconf 86' lang='lat' dir='ltr'>aegrum</span> <span class='ocrx_word' id='word_1_25' title='bbox 1649 311 1760 351; x_wconf 89' lang='lat' dir='ltr'>lecto</span> <span class='ocrx_word' id='word_1_26' title='bbox 1781 311 1871 352; x_wconf 91' lang='lat' dir='ltr'>sine</span> <span class='ocrx_word' id='word_1_27' title='bbox 1944 328 1946 330; x_wconf 95' lang='lat'>·</span> 
     </span>
    </p>

    <p class='ocr_par' dir='ltr' id='par_1_5' title="bbox 410 379 1948 435">
     <span class='ocr_line' id='line_1_5' title="bbox 410 379 1948 435; baseline -0.004 -11"><span class='ocrx_word' id='word_1_28' title='bbox 410 383 499 424; x_wconf 85' lang='lat' dir='ltr'>ulla</span> <span class='ocrx_word' id='word_1_29' title='bbox 518 382 770 423; x_wconf 83' lang='lat' dir='ltr'>necessitate</span> <span class='ocrx_word' id='word_1_30' title='bbox 792 381 1027 422; x_wconf 80' lang='lat' dir='ltr'>addicimus</span> <span class='ocrx_word' id='word_1_31' title='bbox 1049 379 1152 420; x_wconf 89' lang='lat' dir='ltr'>dum</span> <span class='ocrx_word' id='word_1_32' title='bbox 1173 379 1219 419; x_wconf 92' lang='lat' dir='ltr'>in</span> <span class='ocrx_word' id='word_1_33' title='bbox 1240 379 1330 432; x_wconf 83' lang='lat' dir='ltr'>ejus</span> <span class='ocrx_word' id='word_1_34' title='bbox 1350 393 1434 418; x_wconf 90' lang='lat' dir='ltr'>usu</span> <span class='ocrx_word' id='word_1_35' title='bbox 1454 384 1540 419; x_wconf 86' lang='lat' dir='ltr'>est:</span> <span class='ocrx_word' id='word_1_36' title='bbox 1581 383 1706 419; x_wconf 87' lang='lat' dir='ltr'>tanta</span> <span class='ocrx_word' id='word_1_37' title='bbox 1724 383 1871 419; x_wconf 89' lang='lat' dir='ltr'>tamen</span> <span class='ocrx_word' id='word_1_38' title='bbox 1943 431 1948 435; x_wconf 12' lang='grc' dir='ltr'>ὓ</span> 
     </span>
    </p>

    <p class='ocr_par' dir='ltr' id='par_1_6' title="bbox 412 446 1871 505">
     <span class='ocr_line' id='line_1_6' title="bbox 412 446 1871 505; baseline -0.001 -13"><span class='ocrx_word' id='word_1_39' title='bbox 412 456 476 493; x_wconf 90' lang='lat' dir='ltr'>est</span> <span class='ocrx_word' id='word_1_40' title='bbox 500 451 629 505; x_wconf 82' lang='lat' dir='ltr'>hujus</span> <span class='ocrx_word' id='word_1_41' title='bbox 655 450 833 491; x_wconf 83' lang='lat' dir='ltr'>remedii</span> <span class='ocrx_word' id='word_1_42' title='bbox 859 450 933 500; x_wconf 72' lang='lat' dir='ltr'>vis,</span> <span class='ocrx_word' id='word_1_43' title='bbox 961 453 1023 499; x_wconf 84' lang='lat' dir='ltr'>ut,</span> <span class='ocrx_word' id='word_1_44' title='bbox 1046 462 1134 488; x_wconf 91' lang='lat' dir='ltr'>non</span> <span class='ocrx_word' id='word_1_45' title='bbox 1156 446 1353 488; x_wconf 83' lang='lat' dir='ltr'>obstante</span> <span class='ocrx_word' id='word_1_46' title='bbox 1381 462 1430 489; x_wconf 95' lang='lat' dir='ltr'>eo</span> <span class='ocrx_word' id='word_1_47' title='bbox 1458 447 1730 499; x_wconf 87' lang='lat' dir='ltr'>incommodi,</span> <span class='ocrx_word' id='word_1_48' title='bbox 1758 449 1871 502; x_wconf 85' lang='lat' dir='ltr'>quod</span> 
     </span>
    </p>

    <p class='ocr_par' dir='ltr' id='par_1_7' title="bbox 411 515 1939 569">
     <span class='ocr_line' id='line_1_7' title="bbox 411 515 1939 569; baseline -0.002 -9"><span class='ocrx_word' id='word_1_49' title='bbox 411 519 569 560; x_wconf 86' lang='lat' dir='ltr'>scilicet</span> <span class='ocrx_word' id='word_1_50' title='bbox 593 518 722 559; x_wconf 88' lang='lat' dir='ltr'>febris</span> <span class='ocrx_word' id='word_1_51' title='bbox 751 530 775 558; x_wconf 85' lang='lat' dir='ltr'>a</span> <span class='ocrx_word' id='word_1_52' title='bbox 797 516 898 557; x_wconf 89' lang='lat' dir='ltr'>lecti</span> <span class='ocrx_word' id='word_1_53' title='bbox 925 517 1061 556; x_wconf 84' lang='lat' dir='ltr'>calore</span> <span class='ocrx_word' id='word_1_54' title='bbox 1084 515 1180 568; x_wconf 84' lang='lat' dir='ltr'>plus</span> <span class='ocrx_word' id='word_1_55' title='bbox 1208 529 1336 568; x_wconf 88' lang='lat' dir='ltr'>quam</span> <span class='ocrx_word' id='word_1_56' title='bbox 1360 520 1451 556; x_wconf 88' lang='lat' dir='ltr'>erat</span> <span class='ocrx_word' id='word_1_57' title='bbox 1476 530 1581 569; x_wconf 89' lang='lat' dir='ltr'>opus</span> <span class='ocrx_word' id='word_1_58' title='bbox 1607 516 1870 568; x_wconf 86' lang='lat' dir='ltr'>intendatur,</span> <span class='ocrx_word' id='word_1_59' title='bbox 1937 543 1939 545; x_wconf 97' lang='lat'>-</span> 
     </span>
    </p>

    <p class='ocr_par' dir='ltr' id='par_1_8' title="bbox 412 572 1950 640">
     <span class='ocr_line' id='line_1_8' title="bbox 412 572 1950 640; baseline -0.002 -12"><span class='ocrx_word' id='word_1_60' title='bbox 412 601 587 640; x_wconf 80' lang='lat' dir='ltr'>aegrum</span> <span class='ocrx_word' id='word_1_61' title='bbox 626 584 903 626; x_wconf 76' lang='lat' dir='ltr'>nihilominus</span> <span class='ocrx_word' id='word_1_62' title='bbox 949 583 1004 623; x_wconf 88' lang='lat' dir='ltr'>ad</span> <span class='ocrx_word' id='word_1_63' title='bbox 1044 583 1273 624; x_wconf 83' lang='lat' dir='ltr'>sanitatem</span> <span class='ocrx_word' id='word_1_64' title='bbox 1312 588 1362 624; x_wconf 90' lang='lat' dir='ltr'>ut</span> <span class='ocrx_word' id='word_1_65' title='bbox 1401 584 1636 637; x_wconf 76' lang='lat' dir='ltr'>plurimum</span> <span class='ocrx_word' id='word_1_66' title='bbox 1679 583 1869 625; x_wconf 87' lang='lat' dir='ltr'>reducat.</span> <span class='ocrx_word' id='word_1_67' title='bbox 1944 572 1950 575; x_wconf 17' lang='lat' dir='ltr'>i</span> 
     </span>
    </p>

    <p class='ocr_par' dir='ltr' id='par_1_9' title="bbox 410 651 1943 706">
     <span class='ocr_line' id='line_1_9' title="bbox 410 651 1943 706; baseline -0.003 -9"><span class='ocrx_word' id='word_1_68' title='bbox 410 657 584 698; x_wconf 83' lang='lat' dir='ltr'>Interea</span> <span class='ocrx_word' id='word_1_69' title='bbox 624 655 757 695; x_wconf 88' lang='lat' dir='ltr'>donec</span> <span class='ocrx_word' id='word_1_70' title='bbox 801 653 906 693; x_wconf 88' lang='lat' dir='ltr'>haec</span> <span class='ocrx_word' id='word_1_71' title='bbox 946 651 1166 705; x_wconf 83' lang='lat' dir='ltr'>Podagrae</span> <span class='ocrx_word' id='word_1_72' title='bbox 1206 652 1369 693; x_wconf 85' lang='lat' dir='ltr'>curatio</span> <span class='ocrx_word' id='word_1_73' title='bbox 1414 653 1609 694; x_wconf 82' lang='lat' dir='ltr'>radicalis</span> <span class='ocrx_word' id='word_1_74' title='bbox 1654 658 1872 706; x_wconf 86' lang='lat' dir='ltr'>comperta</span> <span class='ocrx_word' id='word_1_75' title='bbox 1942 675 1943 678; x_wconf 62' lang='lat'><em>=</em></span> 
     </span>
    </p>

    <p class='ocr_par' dir='ltr' id='par_1_10' title="bbox 409 720 1871 776">
     <span class='ocr_line' id='line_1_10' title="bbox 409 720 1871 776; baseline -0.002 -11"><span class='ocrx_word' id='word_1_76' title='bbox 409 725 550 772; x_wconf 86' lang='lat' dir='ltr'>fuerit,</span> <span class='ocrx_word' id='word_1_77' title='bbox 587 722 717 776; x_wconf 89' lang='lat' dir='ltr'>(quod</span> <span class='ocrx_word' id='word_1_78' title='bbox 747 720 940 761; x_wconf 89' lang='lat' dir='ltr'>Medicos</span> <span class='ocrx_word' id='word_1_79' title='bbox 975 733 1137 771; x_wconf 86' lang='lat' dir='ltr'>omnes,</span> <span class='ocrx_word' id='word_1_80' title='bbox 1168 734 1237 760; x_wconf 89' lang='lat' dir='ltr'>me</span> <span class='ocrx_word' id='word_1_81' title='bbox 1273 734 1374 773; x_wconf 86' lang='lat' dir='ltr'>prae</span> <span class='ocrx_word' id='word_1_82' title='bbox 1405 721 1595 772; x_wconf 87' lang='lat' dir='ltr'>caeteris,</span> <span class='ocrx_word' id='word_1_83' title='bbox 1627 726 1773 774; x_wconf 87' lang='lat' dir='ltr'>optare</span> <span class='ocrx_word' id='word_1_84' title='bbox 1807 720 1871 762; x_wconf 85' lang='lat' dir='ltr'>fas</span> 
     </span>
    </p>

    <p class='ocr_par' dir='ltr' id='par_1_11' title="bbox 409 787 1870 844">
     <span class='ocr_line' id='line_1_11' title="bbox 409 787 1870 844; baseline -0.002 -11"><span class='ocrx_word' id='word_1_85' title='bbox 409 793 502 844; x_wconf 87' lang='lat' dir='ltr'>est‚)</span> <span class='ocrx_word' id='word_1_86' title='bbox 521 792 633 832; x_wconf 87' lang='lat' dir='ltr'>hanc</span> <span class='ocrx_word' id='word_1_87' title='bbox 647 803 789 830; x_wconf 85' lang='lat' dir='ltr'>meam</span> <span class='ocrx_word' id='word_1_88' title='bbox 806 789 1146 843; x_wconf 83' lang='lat' dir='ltr'>qualemcunque</span> <span class='ocrx_word' id='word_1_89' title='bbox 1168 787 1351 841; x_wconf 87' lang='lat' dir='ltr'>opellam</span> <span class='ocrx_word' id='word_1_90' title='bbox 1370 788 1473 828; x_wconf 90' lang='lat' dir='ltr'>boni</span> <span class='ocrx_word' id='word_1_91' title='bbox 1489 789 1721 830; x_wconf 79' lang='lat' dir='ltr'>consulite:</span> <span class='ocrx_word' id='word_1_92' title='bbox 1754 789 1870 842; x_wconf 87' lang='lat' dir='ltr'>quod</span> 
     </span>
    </p>

    <p class='ocr_par' dir='ltr' id='par_1_12' title="bbox 409 856 1870 911">
     <span class='ocr_line' id='line_1_12' title="bbox 409 856 1870 911; baseline -0.002 -10"><span class='ocrx_word' id='word_1_93' title='bbox 409 861 444 901; x_wconf 89' lang='lat' dir='ltr'>si</span> <span class='ocrx_word' id='word_1_94' title='bbox 464 860 607 900; x_wconf 89' lang='lat' dir='ltr'>minus</span> <span class='ocrx_word' id='word_1_95' title='bbox 628 858 808 908; x_wconf 80' lang='lat' dir='ltr'>eveniat,</span> <span class='ocrx_word' id='word_1_96' title='bbox 829 857 1055 898; x_wconf 88' lang='lat' dir='ltr'>hominum</span> <span class='ocrx_word' id='word_1_97' title='bbox 1078 869 1217 897; x_wconf 92' lang='lat' dir='ltr'>mores</span> <span class='ocrx_word' id='word_1_98' title='bbox 1237 856 1299 896; x_wconf 85' lang='lat' dir='ltr'>ita</span> <span class='ocrx_word' id='word_1_99' title='bbox 1317 856 1448 910; x_wconf 88' lang='lat' dir='ltr'>probe</span> <span class='ocrx_word' id='word_1_100' title='bbox 1472 862 1713 911; x_wconf 82' lang='lat' dir='ltr'>perspectos</span> <span class='ocrx_word' id='word_1_101' title='bbox 1732 856 1870 898; x_wconf 86' lang='lat' dir='ltr'>habeo</span> 
     </span>
    </p>

    <p class='ocr_par' dir='ltr' id='par_1_13' title="bbox 409 924 1870 974">
     <span class='ocr_line' id='line_1_13' title="bbox 409 924 1870 974; baseline -0.001 -6"><span class='ocrx_word' id='word_1_102' title='bbox 409 934 458 968; x_wconf 88' lang='lat' dir='ltr'>ut</span> <span class='ocrx_word' id='word_1_103' title='bbox 487 942 576 968; x_wconf 92' lang='lat' dir='ltr'>non</span> <span class='ocrx_word' id='word_1_104' title='bbox 607 927 795 968; x_wconf 89' lang='lat' dir='ltr'>multum</span> <span class='ocrx_word' id='word_1_105' title='bbox 824 925 960 974; x_wconf 85' lang='lat' dir='ltr'>fallar,</span> <span class='ocrx_word' id='word_1_106' title='bbox 993 929 1037 965; x_wconf 88' lang='lat' dir='ltr'>et</span> <span class='ocrx_word' id='word_1_107' title='bbox 1065 924 1190 966; x_wconf 88' lang='lat' dir='ltr'>officii</span> <span class='ocrx_word' id='word_1_108' title='bbox 1216 924 1301 965; x_wconf 91' lang='lat' dir='ltr'>mei</span> <span class='ocrx_word' id='word_1_109' title='bbox 1326 925 1539 966; x_wconf 87' lang='lat' dir='ltr'>rationem</span> <span class='ocrx_word' id='word_1_110' title='bbox 1570 926 1632 966; x_wconf 88' lang='lat' dir='ltr'>ita</span> <span class='ocrx_word' id='word_1_111' title='bbox 1658 925 1790 966; x_wconf 89' lang='lat' dir='ltr'>calleo</span> <span class='ocrx_word' id='word_1_112' title='bbox 1819 930 1870 966; x_wconf 86' lang='lat' dir='ltr'>ut</span> 
     </span>
    </p>

    <p class='ocr_par' dir='ltr' id='par_1_14' title="bbox 409 993 1869 1049">
     <span class='ocr_line' id='line_1_14' title="bbox 409 993 1869 1049; baseline -0.003 -11"><span class='ocrx_word' id='word_1_113' title='bbox 409 997 551 1038; x_wconf 87' lang='lat' dir='ltr'>animo</span> <span class='ocrx_word' id='word_1_114' title='bbox 590 996 843 1049; x_wconf 86' lang='lat' dir='ltr'>neutiquam</span> <span class='ocrx_word' id='word_1_115' title='bbox 883 994 1045 1036; x_wconf 86' lang='lat' dir='ltr'>cadam.</span> <span class='ocrx_word' id='word_1_116' title='bbox 1106 994 1164 1034; x_wconf 85' lang='lat' dir='ltr'>Et</span> <span class='ocrx_word' id='word_1_117' title='bbox 1197 993 1233 1034; x_wconf 89' lang='lat' dir='ltr'>si</span> <span class='ocrx_word' id='word_1_118' title='bbox 1268 993 1499 1034; x_wconf 85' lang='lat' dir='ltr'>saevissimi</span> <span class='ocrx_word' id='word_1_119' title='bbox 1531 994 1603 1034; x_wconf 90' lang='lat' dir='ltr'>isti</span> <span class='ocrx_word' id='word_1_120' title='bbox 1642 993 1869 1044; x_wconf 85' lang='lat' dir='ltr'>cruciatus,</span> 
     </span>
    </p>

    <p class='ocr_par' dir='ltr' id='par_1_15' title="bbox 407 1062 1870 1120">
     <span class='ocr_line' id='line_1_15' title="bbox 407 1062 1870 1120; baseline -0.002 -13"><span class='ocrx_word' id='word_1_121' title='bbox 407 1065 662 1120; x_wconf 84' lang='lat' dir='ltr'>impotentia</span> <span class='ocrx_word' id='word_1_122' title='bbox 697 1065 751 1105; x_wconf 89' lang='lat' dir='ltr'>ad</span> <span class='ocrx_word' id='word_1_123' title='bbox 784 1068 964 1115; x_wconf 91' lang='lat' dir='ltr'>motum,</span> <span class='ocrx_word' id='word_1_124' title='bbox 993 1068 1243 1116; x_wconf 80' lang='lat' dir='ltr'>caeteraque</span> <span class='ocrx_word' id='word_1_125' title='bbox 1274 1062 1459 1117; x_wconf 88' lang='lat' dir='ltr'>corporis</span> <span class='ocrx_word' id='word_1_126' title='bbox 1493 1063 1618 1115; x_wconf 86' lang='lat' dir='ltr'>mala,</span> <span class='ocrx_word' id='word_1_127' title='bbox 1649 1077 1756 1117; x_wconf 88' lang='lat' dir='ltr'>quae</span> <span class='ocrx_word' id='word_1_128' title='bbox 1791 1077 1870 1117; x_wconf 86' lang='lat' dir='ltr'>ego</span> 
     </span>
    </p>

    <p class='ocr_par' dir='ltr' id='par_1_16' title="bbox 407 1123 1955 1190">
     <span class='ocr_line' id='line_1_16' title="bbox 407 1123 1955 1190; baseline -0.003 -13"><span class='ocrx_word' id='word_1_129' title='bbox 407 1150 483 1190; x_wconf 87' lang='lat' dir='ltr'>per</span> <span class='ocrx_word' id='word_1_130' title='bbox 503 1135 732 1177; x_wconf 79' lang='lat' dir='ltr'>maximam</span> <span class='ocrx_word' id='word_1_131' title='bbox 752 1134 863 1174; x_wconf 76' lang='lat' dir='ltr'>vitae</span> <span class='ocrx_word' id='word_1_132' title='bbox 883 1131 1076 1187; x_wconf 81' lang='lat' dir='ltr'>partemh</span> <span class='ocrx_word' id='word_1_133' title='bbox 1099 1147 1193 1172; x_wconf 92' lang='lat' dir='ltr'>sum</span> <span class='ocrx_word' id='word_1_134' title='bbox 1213 1146 1450 1185; x_wconf 89' lang='lat' dir='ltr'>perpessus,</span> <span class='ocrx_word' id='word_1_135' title='bbox 1471 1132 1574 1186; x_wconf 89' lang='lat' dir='ltr'>(una</span> <span class='ocrx_word' id='word_1_136' title='bbox 1593 1146 1692 1173; x_wconf 91' lang='lat' dir='ltr'>cum</span> <span class='ocrx_word' id='word_1_137' title='bbox 1713 1132 1870 1173; x_wconf 89' lang='lat' dir='ltr'>damno</span> <span class='ocrx_word' id='word_1_138' title='bbox 1953 1123 1955 1126; x_wconf 34' lang='lat'>⁵</span> 
     </span>
    </p>

    <p class='ocr_par' dir='ltr' id='par_1_17' title="bbox 407 1196 1923 1256">
     <span class='ocr_line' id='line_1_17' title="bbox 407 1196 1923 1256; baseline -0.003 -11"><span class='ocrx_word' id='word_1_139' title='bbox 407 1204 470 1245; x_wconf 87' lang='lat' dir='ltr'>rei</span> <span class='ocrx_word' id='word_1_140' title='bbox 484 1203 703 1244; x_wconf 78' lang='lat' dir='ltr'>familiaris</span> <span class='ocrx_word' id='word_1_141' title='bbox 725 1202 840 1256; x_wconf 89' lang='lat' dir='ltr'>quod</span> <span class='ocrx_word' id='word_1_142' title='bbox 855 1201 1053 1252; x_wconf 89' lang='lat' dir='ltr'>sustinui,</span> <span class='ocrx_word' id='word_1_143' title='bbox 1069 1215 1093 1242; x_wconf 87' lang='lat' dir='ltr'>a</span> <span class='ocrx_word' id='word_1_144' title='bbox 1109 1200 1329 1242; x_wconf 89' lang='lat' dir='ltr'>Medicina</span> <span class='ocrx_word' id='word_1_145' title='bbox 1344 1200 1539 1242; x_wconf 87' lang='lat' dir='ltr'>facienda</span> <span class='ocrx_word' id='word_1_146' title='bbox 1553 1200 1681 1242; x_wconf 87' lang='lat' dir='ltr'>toties</span> <span class='ocrx_word' id='word_1_147' title='bbox 1697 1200 1871 1241; x_wconf 87' lang='lat' dir='ltr'>adversa</span> <span class='ocrx_word' id='word_1_148' title='bbox 1920 1196 1923 1198; x_wconf 64' lang='grc'><strong>’</strong></span> 
     </span>
    </p>

    <p class='ocr_par' dir='ltr' id='par_1_18' title="bbox 407 1268 1926 1325">
     <span class='ocr_line' id='line_1_18' title="bbox 407 1268 1926 1325; baseline -0.001 -13"><span class='ocrx_word' id='word_1_149' title='bbox 407 1273 650 1314; x_wconf 83' lang='lat' dir='ltr'>valetudine</span> <span class='ocrx_word' id='word_1_150' title='bbox 691 1271 918 1324; x_wconf 77' lang='lat' dir='ltr'>avocatus‚)</span> <span class='ocrx_word' id='word_1_151' title='bbox 958 1271 1050 1311; x_wconf 84' lang='lat' dir='ltr'>aliis</span> <span class='ocrx_word' id='word_1_152' title='bbox 1092 1270 1278 1324; x_wconf 89' lang='lat' dir='ltr'>quietem</span> <span class='ocrx_word' id='word_1_153' title='bbox 1319 1274 1361 1311; x_wconf 90' lang='lat' dir='ltr'>et</span> <span class='ocrx_word' id='word_1_154' title='bbox 1401 1268 1668 1323; x_wconf 68' lang='grc' dir='ltr'>ἀναλγησίαν</span> <span class='ocrx_word' id='word_1_155' title='bbox 1705 1270 1870 1325; x_wconf 80' lang='lat' dir='ltr'>possint</span> <span class='ocrx_word' id='word_1_156' title='bbox 1923 1291 1926 1301; x_wconf 64' lang='grc' dir='ltr'>ι</span> 
     </span>
    </p>

    <p class='ocr_par' dir='ltr' id='par_1_19' title="bbox 409 1326 1949 1396">
     <span class='ocr_line' id='line_1_19' title="bbox 409 1326 1949 1396; baseline -0.003 -12"><span class='ocrx_word' id='word_1_157' title='bbox 409 1356 665 1396; x_wconf 88' lang='lat' dir='ltr'>comparare,</span> <span class='ocrx_word' id='word_1_158' title='bbox 698 1342 778 1382; x_wconf 87' lang='lat' dir='ltr'>erit</span> <span class='ocrx_word' id='word_1_159' title='bbox 812 1341 928 1382; x_wconf 87' lang='lat' dir='ltr'>unde</span> <span class='ocrx_word' id='word_1_160' title='bbox 957 1354 1026 1381; x_wconf 90' lang='lat' dir='ltr'>me</span> <span class='ocrx_word' id='word_1_161' title='bbox 1056 1339 1245 1380; x_wconf 90' lang='lat' dir='ltr'>fructum</span> <span class='ocrx_word' id='word_1_162' title='bbox 1276 1339 1461 1393; x_wconf 84' lang='lat' dir='ltr'>aliquem</span> <span class='ocrx_word' id='word_1_163' title='bbox 1492 1339 1759 1381; x_wconf 81' lang='lat' dir='ltr'>miseriarum</span> <span class='ocrx_word' id='word_1_164' title='bbox 1789 1339 1870 1380; x_wconf 83' lang='lat' dir='ltr'>hu·</span> <span class='ocrx_word' id='word_1_165' title='bbox 1936 1326 1949 1346; x_wconf 60' lang='lat'>&#39;&#39;&#39;</span> 
     </span>
    </p>

    <p class='ocr_par' dir='ltr' id='par_1_20' title="bbox 405 1398 1938 1533">
     <span class='ocr_line' id='line_1_20' title="bbox 405 1398 1938 1465; baseline -0.003 -14"><span class='ocrx_word' id='word_1_166' title='bbox 405 1412 476 1465; x_wconf 85' lang='lat' dir='ltr'>jus</span> <span class='ocrx_word' id='word_1_167' title='bbox 498 1410 677 1464; x_wconf 84' lang='lat' dir='ltr'>generis,</span> <span class='ocrx_word' id='word_1_168' title='bbox 701 1424 804 1463; x_wconf 87' lang='lat' dir='ltr'>quas</span> <span class='ocrx_word' id='word_1_169' title='bbox 825 1410 872 1449; x_wconf 91' lang='lat' dir='ltr'>in</span> <span class='ocrx_word' id='word_1_170' title='bbox 899 1409 978 1449; x_wconf 85' lang='lat' dir='ltr'>hac</span> <span class='ocrx_word' id='word_1_171' title='bbox 998 1408 1086 1449; x_wconf 73' lang='lat' dir='ltr'>vita</span> <span class='ocrx_word' id='word_1_172' title='bbox 1112 1408 1301 1459; x_wconf 81' lang='lat' dir='ltr'>toleravi,</span> <span class='ocrx_word' id='word_1_173' title='bbox 1327 1408 1374 1449; x_wconf 91' lang='lat' dir='ltr'>in</span> <span class='ocrx_word' id='word_1_174' title='bbox 1403 1408 1530 1448; x_wconf 84' lang='lat' dir='ltr'>aliam</span> <span class='ocrx_word' id='word_1_175' title='bbox 1557 1408 1748 1461; x_wconf 84' lang='lat' dir='ltr'>migrans</span> <span class='ocrx_word' id='word_1_176' title='bbox 1775 1420 1870 1461; x_wconf 87' lang='lat' dir='ltr'>per·</span> <span class='ocrx_word' id='word_1_177' title='bbox 1935 1398 1938 1402; x_wconf 56' lang='grc'>’</span> 
     </span>
     <span class='ocr_line' id='line_1_21' title="bbox 410 1477 852 1533; baseline -0.005 -13"><span class='ocrx_word' id='word_1_178' title='bbox 410 1479 568 1533; x_wconf 89' lang='lat' dir='ltr'>cepisse</span> <span class='ocrx_word' id='word_1_179' title='bbox 589 1477 852 1520; x_wconf 81' lang='lat' dir='ltr'>existimabo.</span> 
     </span>
    </p>
   </div>
   <div class='ocr_carea' id='block_1_4' title="bbox 800 1568 1478 1610">
    <p class='ocr_par' dir='ltr' id='par_1_21' title="bbox 800 1568 1478 1610">
     <span class='ocr_line' id='line_1_22' title="bbox 800 1568 1478 1610; baseline -0.001 -10"><span class='ocrx_word' id='word_1_180' title='bbox 800 1568 814 1588; x_wconf 73' lang='lat'>*¹</span> <span class='ocrx_word' id='word_1_181' title='bbox 840 1569 888 1600; x_wconf 90' lang='lat' dir='ltr'>Cf.</span> <span class='ocrx_word' id='word_1_182' title='bbox 908 1579 976 1610; x_wconf 87' lang='lat' dir='ltr'>sup.</span> <span class='ocrx_word' id='word_1_183' title='bbox 995 1571 1009 1608; x_wconf 64' lang='grc' dir='ltr'><strong>ξ</strong></span> <span class='ocrx_word' id='word_1_184' title='bbox 1030 1569 1043 1599; x_wconf 93' lang='grc'>1</span> <span class='ocrx_word' id='word_1_185' title='bbox 1061 1583 1067 1605; x_wconf 86' lang='lat'>;</span> <span class='ocrx_word' id='word_1_186' title='bbox 1093 1570 1193 1609; x_wconf 79' lang='lat' dir='ltr'>Epist.</span> <span class='ocrx_word' id='word_1_187' title='bbox 1212 1570 1355 1609; x_wconf 74' lang='lat' dir='ltr'>Respons.</span> <span class='ocrx_word' id='word_1_188' title='bbox 1373 1570 1398 1599; x_wconf 89' lang='grc' dir='ltr'>Ι.</span> <span class='ocrx_word' id='word_1_189' title='bbox 1417 1571 1431 1607; x_wconf 62' lang='grc' dir='ltr'><strong>ξ</strong></span> <span class='ocrx_word' id='word_1_190' title='bbox 1453 1570 1478 1599; x_wconf 91' lang='lat' dir='ltr'>l.</span> 
     </span>
    </p>
   </div>
   <div class='ocr_carea' id='block_1_5' title="bbox 1912 0 1985 3308">
    <p class='ocr_par' dir='ltr' id='par_1_22' title="bbox 1912 0 1985 3308">
     <span class='ocr_line' id='line_1_23' title="bbox 1912 0 1985 3308; baseline 0 0"><span class='ocrx_word' id='word_1_191' title='bbox 1912 0 1985 3308; x_wconf 95' lang='lat' dir='ltr'> </span> 
     </span>
    </p>
   </div>
  </div>
 </body>
</html>
