1985 3308
415 104 739 146 SCHEDULA
769 103 1119 146 MONITORIA
1150 105 1238 146 III.
1473 108 1554 147 525

103 207 297 262 diligenti
331 223 430 251 cum
465 224 565 251 cura
603 210 839 252 tenendum
879 211 972 264 est,)
1017 224 1086 251 me
1125 210 1296 260 refiei03
1348 210 1493 252 statim
1534 226 1559 252 a
1578 220 1758 252 Danw

101 277 279 329 prandio
308 292 382 330 per
412 278 599 331 singulos
631 279 718 319 dies
742 278 831 318 vini
859 278 1062 319 Canarini
1091 278 1187 332 plus
1217 277 1377 331 aliquid
1408 283 1559 331 quarta
1591 263 1743 337 {3⁰35

101 348 222 396 parte
242 345 374 385 librae
399 346 488 399 (seu
504 347 678 398 pintae,)
712 346 908 399 vulgaris,
931 346 985 386 ad
1011 345 1340 399 promovendam
1367 345 1559 386 ciborum
1584 351 1622 354 μ

101 410 147 451 111
178 412 410 453 ventriculo
443 414 773 464 concoctionem,
807 418 849 454 et
883 413 937 454 ad
969 413 1237 454 arthritidem
1272 426 1297 453 a
1331 412 1559 453 visceribus

101 479 246 531 procul
277 480 515 531 arcendam,
538 481 706 522 haurire
735 482 859 522 soleo.
924 481 1109 522 Pransus
1134 481 1290 521 iterum
1315 479 1448 520 rheda
1467 494 1559 520 vec-

100 549 180 596 tor,
203 550 257 597 et,
281 547 443 600 quoties
464 562 538 601 per
560 550 855 602 occupationes
875 563 990 589 meas
1011 563 1099 589 non
1119 547 1334 598 distineor,
1351 561 1424 587 rus
1445 552 1557 601 peto,

102 613 210 653 a'e'ris
251 614 491 655 salubrioris
537 615 772 669 inspirandi
816 617 964 670 gratia,
1012 616 1067 657 ad
1114 615 1310 656 milliaria
1360 614 1444 655 duo
1492 615 1559 655 vel

99 680 193 720 tria.
255 681 487 722 Cerevisiae
507 683 711 723 tenuioris
731 684 908 724 haustus
930 684 1034 724 mihi
1053 698 1129 738 pro
1151 697 1282 724 coena
1302 687 1389 732 est3
1422 682 1495 723 sed
1516 688 1557 723 et

99 747 215 789 hunc
241 753 387 802 repeto
412 750 540 790 etiam
564 751 609 791 in
638 752 807 801 lectulo,
830 766 898 791 me
924 752 1014 805 jam
1045 752 1098 792 ad
1129 766 1327 792 somnum
1352 750 1557 804 composi-

98 819 245 866 turus,
277 816 404 871 idque
435 831 484 858 eo
511 818 609 869 fine,
632 823 681 858 ut
709 818 790 859 hoc
816 819 978 872 julapio
1010 833 1154 860 succos
1182 833 1297 859 acres
1319 818 1558 871 calidosque

98 882 143 922 in
161 884 353 925 Renibus
374 885 649 938 stabulantes,
668 901 690 927 0
707 887 859 940 quibus
876 887 924 926 fit
946 887 1143 937 calculus,
1166 886 1410 940 refrigerem
1432 886 1559 926 simul

99 963 147 991 ac
168 951 340 992 diluam.
400 953 493 1006 Ego
514 967 610 994 vero
631 958 674 995 et
695 954 763 995 1110
795 959 837 995 et
860 953 975 994 inter
994 953 1293 1007 prandendum
1314 953 1558 994 cerevisiam

97 1022 272 1060 tenuem
307 1021 556 1074 lupulatam‚
590 1021 810 1062 cerevisiae
842 1035 931 1062 non
969 1021 1200 1074 lupulatae,
1243 1019 1557 1073 quantumlibet

97 1087 219 1128 tenui
249 1101 297 1128 ac
327 1088 435 1139 miti,
463 1089 783 1142 praeferendam
819 1103 994 1130 censeo:
1036 1088 1136 1129 licet
1171 1087 1286 1128 enim
1313 1101 1402 1127 non
1431 1087 1555 1140 lupu-

96 1154 195 1205 lata,
218 1156 394 1197 mollitie
416 1170 463 1197 ac
483 1157 723 1198 lubricitate
745 1171 828 1211 qua
856 1157 999 1210 pollet,
1023 1156 1077 1197 ad
1107 1154 1433 1196 subducendum
1461 1153 1556 1194 Cal-

97 1222 243 1262 culum
278 1223 369 1276 jam
407 1224 453 1264 in
490 1225 679 1266 Renibus
712 1229 967 1275 concretum,
1001 1223 1136 1277 magis
1168 1223 1318 1272 faeiat,
1365 1226 1556 1262 attamen

96 1289 300 1343 lupulata‚
327 1291 380 1332 ob
408 1292 543 1333 levem
572 1292 689 1334 illam
720 1293 1023 1347 stypticitatem
1053 1305 1180 1345 quam
1210 1289 1462 1343 impertiunt
1492 1289 1556 1329 lu-

95 1358 198 1411 puli,
229 1359 372 1400 minus
401 1360 502 1401 facit
538 1361 592 1401 ad
623 1360 760 1401 sabuli
790 1361 857 1401 vel
885 1359 1086 1400 materiae
1118 1358 1350 1399 calculosae
1382 1370 1555 1410 genera-

95 1426 270 1478 tionem,
293 1441 420 1481 quam
449 1429 551 1469 facit
575 1443 664 1470 non
692 1429 898 1483 lupulata,
921 1429 1041 1482 cujus
1072 1433 1115 1468 et
1145 1427 1340 1468 viscidior
1367 1431 1430 1467 est
1457 1427 1556 1468 sub-

96 1497 265 1548 stantia,
289 1503 332 1538 et
351 1498 630 1539 lutulentiori.
673 1498 786 1538 Mihi
807 1511 931 1538 curae
953 1502 1029 1548 est,
1051 1495 1298 1550 praesertim
1320 1494 1485 1549 hyeme,
1508 1500 1556 1536 ut

95 1564 254 1605 lectum
275 1567 507 1619 temporius
528 1571 671 1620 petam
686 1583 698 1616 3
732 1580 814 1620 quo
834 1565 941 1606 nihil
966 1564 1100 1618 magis
1122 1563 1287 1605 confert
1308 1563 1361 1603 ad
1382 1577 1555 1604 concoc-

94 1631 232 1673 tiones
252 1637 367 1674 recte
386 1634 676 1687 perficiendas,
695 1639 737 1675 et
758 1634 811 1675 ad
832 1633 1167 1674 conservandum
1186 1632 1344 1686 pariter
1363 1636 1556 1672 tenorem

94 1700 217 1741 illum
247 1706 374 1755 atque
401 1702 606 1753 ordinem,
634 1703 706 1756 qui
737 1704 931 1743 Naturae
957 1702 1053 1755 jure
1085 1701 1288 1742 debetur:
1337 1699 1474 1751 sicuti,
1507 1714 1557 1740 ex

96 1767 283 1818 adverso,
305 1773 541 1810 nocturnae
561 1770 878 1811 lucubrationes
899 1783 1050 1810 senum
1071 1783 1169 1809 cum
1189 1768 1339 1809 morbo
1360 1767 1558 1809 chronico

97 1839 380 1893 qualicunque
412 1839 748 1880 conflictantium
780 1844 875 1880 tum
911 1839 1203 1880 concoctiones
1239 1852 1385 1879 omnes
1417 1837 1556 1877 immi-

96 1911 239 1947 nuunt
274 1921 322 1947 ac
358 1907 601 1961 depravant,
634 1912 728 1948 tum
757 1906 989 1947 eorundem
1019 1905 1225 1959 principio
1256 1903 1372 1944 vitali
1403 1904 1557 1944 vulnus

95 1973 212 2015 haud
231 1973 352 2014 facile
372 1974 619 2014 medicabile
640 1975 853 2028 infligunt.
914 1973 1029 2014 Illud
1058 1973 1188 2014 etiam
1217 1972 1362 2012 sedulo
1383 1971 1556 2012 observo

97 2044 151 2084 ad
171 2042 508 2098 praecavendum
530 2057 554 2082 a
577 2043 751 2083 Calculo
772 2043 957 2082 Mietum
981 2040 1288 2093 Sanguineum,
1306 2043 1368 2088 ut,
1392 2038 1556 2090 quoties

95 2126 171 2165 per
201 2113 361 2166 plateas
395 2111 448 2151 ad
482 2110 651 2163 longius
679 2110 849 2163 aliquod
879 2109 1150 2149 intervallum
1183 2121 1311 2148 curru
1340 2106 1556 2147 vehendus

97 2182 189 2232 sim,
215 2180 410 2235 (gestatio
441 2180 567 2230 enim,
590 2179 655 2220 vel
687 2180 739 2220 ad
770 2178 997 2219 maximam
1029 2176 1261 2231 quamlibet
1293 2175 1554 2224 distantiam,

95 2264 171 2304 per
190 2250 275 2291 vias
295 2248 505 2303 lapidibus
526 2262 614 2288 non
645 2252 798 2288 stratas
824 2247 999 2287 minime
1021 2245 1148 2286 officit
1172 2243 1307 2296 mihi,)
1332 2257 1420 2284 non
1440 2243 1557 2296 prius

95 2319 271 2360 rhedam
311 2317 526 2370 ingredior
571 2331 698 2370 quam
737 2316 940 2356 haustum
980 2312 1202 2355 cerevisiae
1248 2312 1390 2352 tenuis
1431 2311 1558 2364 paulo

96 2386 377 2427 liberaliorem
408 2384 650 2437 ingesscr03
684 2398 810 2438 quem
841 2383 999 2437 pariter
1039 2381 1147 2422 itero
1183 2385 1282 2421 ante
1317 2393 1557 2432 regressum

97 2455 274 2496 domum
303 2468 459 2504 verSUS,
483 2454 518 2494 si
543 2454 652 2494 forte
683 2453 837 2493 alicubi
869 2452 1028 2492 diutius
1059 2450 1213 2490 fuerim
1244 2453 1555 2490 commoratus:

99 2537 182 2577 quo
202 2528 326 2577 pacto
348 2536 512 2576 semper
532 2521 637 2562 mihi
665 2536 689 2561 a
710 2521 853 2561 Mictu
876 2519 1120 2573 Sanguineo
1146 2517 1245 2558 satis
1274 2521 1337 2557 cst
1358 2530 1556 2569 praecau-

96 2597 204 2632 tum.
253 2591 332 2645 [8.]
347 2590 367 2618 k
388 2592 448 2632 At
466 2589 603 2644 quoad
619 2590 850 2643 podagram
870 2589 951 2629 hoc
967 2602 1103 2627 unum
1121 2585 1327 2640 adjiciam.
1371 2584 1558 2638 Nuperis
1578 2601 1667 2633 Quid
1686 2601 1717 2631 in

97 2659 212 2700 hisce
233 2659 367 2709 annis,
391 2673 441 2699 ex
463 2671 600 2699 errore
622 2657 761 2711 aliquo
785 2657 895 2698 circa
916 2670 986 2696 sex
1007 2669 1073 2696 res
1095 2652 1420 2695 non-naturales
1443 2666 1556 2694 com·
1575 2645 1761 2677 retrocessi-

143 2796 149 2816 ὖ
172 2792 364 2833 Iutulentior]
391 2794 455 2825 Quo
471 2795 519 2823 die
536 2794 669 2822 cachat-si
684 2789 791 2829 dqsnn-
853 2791 1010 2830 superbe'ho
1027 2788 1096 2819 add.
1116 2787 1164 2818 ed.
1183 2788 1242 2818 ’86.

96 2848 163 2877 gor,
176 2848 211 2867 es:
224 2839 303 2876 pulli
315 2838 458 2866 carnibus
471 2837 632 2874 prandium
648 2837 771 2864 mihies!
785 2847 793 2866 .·
899 2832 911 2851 k
937 2833 1035 2862 Deest
1050 2834 1064 2870 §
1083 2833 1100 2862 8
1119 2831 1149 2861 111
1167 2831 1214 2861 ed.
1234 2830 1296 2859 ¹86.

98 2881 196 2909 vinum
222 2884 318 2910 tamen
345 2880 527 2909 Canarinum
555 2889 610 2917 pro
635 2889 711 2907 more
735 2888 796 2906 mco
