1985 3308
400 159 486 199 492
817 158 1074 201 ΤΗΟΜΑΕ
1107 159 1450 201 SYDENHAM

196 277 382 308 DnNovAE
401 269 474 306 tur
503 279 584 306 usu
617 265 801 320 pulveris
831 266 996 307 corticis
1027 266 1255 307 Peruviani
1268 283 1279 316 ;
1320 278 1475 318 nempe
1504 264 1631 305 uncia
1656 278 1745 305 una
1775 277 1864 305 cor·

227 320 358 351 Fnssms

198 363 375 394 Ixcaassu

199 424 372 455 Cmuno.

401 333 496 374 ticis
536 347 635 374 cum
675 334 820 387 syrupi
860 334 1076 387 papaveris
1116 333 1323 374 rhoeados
1359 332 1598 386 quantitate
1630 333 1866 373 sufficiente

400 401 446 442 in
479 401 617 443 forma
651 401 869 442 electuarii
908 401 974 442 161
1006 401 1238 454 pilularum
1278 399 1462 449 redacta,
1495 413 1627 452 eaque
1663 399 1866 440 methodo

398 538 545 590 Brady
574 538 618 593 [ξ
642 537 745 591 21.],
769 536 1081 590 superbibendo
1101 494 1305 577 liaustum
1328 536 1450 577 lactis
1472 536 1676 577 deflorati.
1739 536 1867 578 Quod

398 605 575 645 remedii
610 619 745 658 genus
777 604 1067 658 experimento
1099 604 1358 658 deprehendi
1389 605 1544 645 certius
1578 605 1624 645 in
1654 605 1735 646 hoc
1765 619 1866 646 casu

399 687 573 726 scopum
590 672 814 725 attingere,
833 686 960 726 quam
982 671 1096 712 aliud
1118 672 1293 726 quodvis
1314 672 1444 713 etiam
1465 686 1487 712 6
1508 671 1864 722 celebratissimis,

398 741 524 781 modo
548 755 638 781 non
664 740 926 781 frustrentur
953 740 1044 795 ejus
1071 741 1180 782 vires
1205 741 1335 796 (quod
1360 741 1453 782 fieri
1477 741 1661 794 assolet,)
1694 754 1744 782 ex
1770 740 1866 795 jugi

397 808 513 861 aegri
533 808 578 847 in
599 808 709 849 lecto
731 808 947 849 decubitu.

458 875 569 929 [11.]
608 875 771 917 Diebus
797 891 821 916 a
841 876 1096 930 purgatione
1119 876 1263 918 liberis
1288 876 1511 930 sequentia
1530 875 1595 917 vel
1618 875 1684 916 his
1710 875 1867 916 similia

396 957 711 997 nonnunquam
731 944 974 998 praescribo
990 961 1059 985 :—

398 1032 531 1073 [Form.
554 1032 678 1073 105.]0
705 1031 745 1083 R
774 1034 970 1068 Conservae
989 1034 1148 1078 Lujulae,

773 1091 1006 1136 [Conservae]
1027 1091 1231 1136 Cynosbati,
1248 1102 1316 1126 ana
1332 1092 1476 1126 unciam
1494 1102 1614 1132 unam,

772 1148 968 1182 Conservae
986 1148 1149 1182 Berberis
1167 1149 1410 1190 semiunciam,

772 1205 948 1239 Cremoris
966 1205 1105 1239 Tartari
1122 1204 1326 1239 drachmam
1344 1216 1465 1246 unam,

771 1273 853 1297 eum
870 1262 1063 1296 sufficiente
1081 1263 1281 1307 quantitate
1299 1262 1426 1308 Syrupi
1445 1261 1487 1295 de
1505 1261 1734 1301 Limonibus;

585 1320 665 1354 Fiat
693 1320 931 1361 electuarium,
958 1320 1000 1354 de
1029 1332 1097 1365 quo
1123 1321 1240 1365 capiat
1264 1319 1308 1353 ad
1337 1319 1622 1364 magnitudinem
1648 1320 1749 1354 nucis
1773 1330 1866 1354 mos-

582 1377 704 1411 chatae
722 1384 773 1411 ter
790 1378 827 1411 in
845 1377 911 1420 die,
925 1377 1180 1422 superbibendo
1198 1378 1373 1422 sequentis
1384 1377 1513 1422 julapii
1531 1376 1726 1411 cochlearia
1737 1388 1799 1411 sex
1809 1390 1868 1410 :—
1886 1409 1888 1411 ,
1933 1367 1949 1406 ’ἶ

397 1456 531 1498 [Form.
555 1456 676 1497 106.]p
702 1455 742 1507 R
772 1458 892 1502 Aquae
910 1456 1130 1498 Portulacae,

772 1516 927 1558 [Aquae]
949 1514 1135 1555 Lactucae,

772 1572 928 1616 [Aquae]
949 1571 1164 1616 paralyseos,
1182 1582 1251 1605 ana.
1268 1572 1389 1605 uncias
1407 1577 1486 1613 tres,

772 1629 898 1674 Syrupi
917 1629 961 1662 de
979 1629 1187 1662 Limonibus
1205 1629 1479 1674 scsquiunciam,

770 1686 898 1732 Syrupi
914 1687 1094 1721 violarum
1113 1687 1255 1721 unciam
1275 1698 1403 1725 unam3

583 1745 716 1784 Misce;
742 1744 803 1778 fiat
814 1744 1003 1790 julapium.

452 1827 546 1877 Vel,

396 1893 529 1934 [For-m.
550 1896 642 1937 107.]
659 1904 676 1927 q
702 1893 743 1937 R
771 1896 894 1939 Aquae
913 1894 1222 1928 fontanaelibram
1242 1905 1362 1935 unam,

723 1940 727 1947 ¹
771 1953 893 1997 Aquae
910 1952 1095 1994 Rosarum,

771 2010 874 2044 Succi
894 2010 1096 2052 Limonum,

769 2067 933 2102 Saechan·
951 2068 1130 2109 albissimi,
1149 2079 1218 2102 ana
1234 2068 1356 2102 uncias
1373 2072 1544 2112 quatuor3

581 2126 703 2171 Coque
727 2125 823 2160 lento
846 2126 928 2171 igne
947 2125 1031 2159 dum
1050 2125 1352 2171 despumaverint:
1379 2125 1497 2170 capiat
1521 2124 1644 2158 uncias
1668 2129 1738 2158 tres
1762 2123 1866 2157 adli-

578 2184 707 2217 bitum.

391 2260 557 2300 Verum
586 2259 633 2300 in
663 2259 730 2300 his
761 2259 962 2301 omnibus
994 2259 1192 2314 spiritum
1223 2259 1393 2311 1-1111011,
1426 2258 1506 2300 etsi
1542 2272 1708 2299 summe
1742 2257 1862 2299 refri-
1915 2305 1918 2309 ,

393 2333 628 2382 gerantem,
653 2342 818 2382 semper
847 2328 1000 2379 (161110,
1026 2333 1177 2382 utpote
1209 2328 1293 2382 qui,
1324 2342 1423 2368 cum
1455 2327 1623 2381 egregie
1654 2326 1862 2381 stypticus

392 2396 459 2446 sit,
484 2396 628 2436 minus
656 2396 855 2437 convenit
885 2395 1046 2437 morbis
1075 2396 1275 2437 omnibus
1305 2409 1487 2449 quorum
1518 2394 1680 2435 curatio
1706 2408 1862 2448 purga-

390 2464 499 2505 tioni
519 2463 722 2504 innititur
735 2481 746 2514 3
777 2470 827 2505 ut
844 2464 890 2504 in
909 2464 991 2505 hoc
1010 2464 1105 2505 loco
1125 2464 1378 2505 mineralem
1398 2463 1526 2517 hujus
1543 2462 1715 2517 spiritus
1734 2466 1861 2503 natu-

390 2547 484 2573 ram
503 2532 621 2573 haud
640 2547 889 2574 memorem.

456 2601 564 2655 [12]
606 2602 921 2656 Saepenumero
956 2601 1027 2642 hic
1068 2599 1235 2652 accidit,
1281 2599 1479 2653 (maxime
1511 2597 1645 2640 Febre
1681 2598 1772 2652 jam
1807 2596 1862 2638 ad

390 2668 521 2708 finem
540 2670 773 2723 vergente)
798 2675 847 2710 ut
869 2683 1006 2723 aeger,
1030 2669 1133 2710 dum
1159 2669 1239 2710 hac
1263 2668 1466 2710 methodo
1490 2672 1712 2715 tractetur,
1733 2670 1860 2708 nocte

392 2736 573 2778 subinde
595 2737 748 2778 sudore
766 2743 916 2791 sponte
937 2741 1242 2791 prorumpente
1259 2736 1421 2777 diffluat
1435 2752 1446 2785 3
1478 2749 1503 2775 a
1524 2748 1607 2788 quo
1628 2732 1860 2775 admodum

389 2803 644 2856 mitigantur
665 2805 863 2845 universa
889 2804 1028 2845 morbi
1057 2809 1356 2859 symptomata.
1420 2803 1517 2845 Quo
1538 2817 1626 2844 non
1646 2801 1857 2852 obstante,

390 2883 487 2909 cum
511 2871 757 2924 hujusmodi
786 2872 1022 2926 diaphoresi
1047 2872 1267 2913 fidendum
1294 2887 1383 2914 non
1411 2871 1478 2922 sit,
1502 2869 1743 2925 supradicta
1767 2883 1855 2910 me-

420 2964 435 2977 0
461 2960 509 2989 Cf.
527 2960 617 2990 form.
639 2963 708 2993 137.
810 2967 827 2990 P
853 2963 903 2993 Cf.
924 2963 1048 2993 ἴοι-0101.
1068 2964 1118 2999 22,
1139 2964 1207 2994 158.
1315 2968 1330 2991 ’1
1355 2973 1417 2993 001.
1437 2963 1485 2993 ed.
1503 2962 1564 2993 ’86.
1583 2960 1632 2992 Cf.
1648 2960 1739 2992 form.
1760 2961 1832 2992 159.
