1985 3308
412 170 908 214 OBSERVATIONES
941 170 1230 210 MEDICAE.
1495 174 1547 212 13

95 285 210 322 certa
242 293 289 321 ac
325 279 526 320 distincta
558 276 834 331 peculiarium
876 280 1209 330 symptomatum
1245 277 1548 329 perceptione?

93 348 246 401 Neque
267 347 382 388 enim
401 346 490 386 ulla
511 350 574 385 est
595 344 915 385 circumstantia
935 349 1024 384 tam
1045 344 1146 384 levis
1168 348 1241 384 aut
1263 344 1427 397 exigua,
1443 359 1549 398 quae

94 429 190 456 suos
211 429 312 455 usus
334 413 387 454 ad
408 418 638 465 utrumque
665 426 752 452 non
772 411 941 452 habeat.
1002 412 1119 451 Nam
1140 417 1189 452 ut
1212 411 1360 452 demus
1389 413 1549 466 aliquid

91 482 306 522 varietatis
328 496 352 521 a
377 483 716 533 temperamento
743 479 1059 519 individuorum
1085 483 1127 519 et
1148 479 1361 520 tractandi
1385 481 1549 521 ratione

90 550 310 604 proficisci,
333 548 607 589 nihilominus
639 547 743 587 adeo
771 546 1001 598 aequabilis
1028 560 1076 587 ac
1107 546 1186 586 sibi
1213 547 1371 600 ubique
1402 548 1550 588 similis

91 621 155 657 est
176 617 369 657 Naturae
397 615 499 656 ordo
529 616 575 655 in
605 614 887 668 producendis
918 613 1090 663 morbis,
1112 618 1162 654 ut
1182 614 1228 653 in
1260 614 1433 654 diversis
1459 629 1548 656 cor-

90 684 262 738 poribus
283 683 431 725 eadem
452 683 702 737 plerumque
718 681 983 734 reperiantur
997 681 1186 734 ejusdcm
1203 681 1340 722 morbi
1362 687 1548 735 sympto—

90 756 207 792 mata
219 768 230 801 3
277 765 324 791 ae
356 751 429 791 illa
468 750 560 803 ipsa
600 763 706 802 quae
746 749 792 788 in
835 749 1006 790 Socrate
1043 753 1291 802 aegrotante
1327 749 1547 790 observata

90 818 261 868 fuerint,
288 818 417 859 etiam
451 817 706 871 generaliter
739 816 792 856 ad
821 816 1039 857 hominem
1072 830 1367 870 quemcunque
1401 818 1549 858 eodem

89 886 238 927 morbo
268 885 534 927 laborantem
565 884 786 925 transferri
817 884 1005 937 possint,
1038 898 1125 924 non
1157 898 1276 925 secus
1308 899 1355 925 ae
1381 886 1548 926 univer-

90 954 196 994 sales
227 953 469 1007 plantarum
501 958 628 992 notae
660 951 712 992 ad
743 952 886 992 omnia
916 952 1120 1005 cujusque
1149 952 1302 1004 speciei
1331 953 1550 994 individua

90 1021 171 1061 rite
196 1034 240 1061 se
271 1020 533 1061 diffundunt.
597 1019 683 1061 Qui
718 1019 848 1071 (verbi
874 1019 1039 1071 gratia,)
1068 1019 1218 1059 violam
1252 1025 1445 1062 accurate
1478 1021 1548 1062 de-

90 1087 301 1141 scripserit
349 1087 487 1140 quoad
527 1087 722 1136 colorem,
772 1100 976 1139 saporem,
1025 1086 1209 1137 odorem,
1258 1102 1305 1128 ac
1352 1090 1547 1141 figuram,

89 1161 337 1209 caeteraque
368 1155 411 1195 id
443 1168 591 1208 genus,
621 1153 818 1194 omnibus
850 1153 1007 1207 ubique
1037 1158 1248 1196 terrarum
1278 1156 1410 1207 violis,
1441 1172 1548 1211 quae

89 1223 167 1264 sub
192 1237 242 1263 ea
272 1222 409 1277 specie
433 1222 723 1270 continentur,
754 1220 973 1261 historiam
1001 1221 1118 1261 illam
1142 1222 1188 1262 in
1219 1223 1430 1278 plerisque
1459 1225 1547 1266 fere

87 1290 285 1332 omnibus
307 1290 531 1331 convenire
551 1290 672 1329 facile
695 1288 1015 1329 animadvertet.

152 1358 260 1412 [13.]
298 1358 355 1399 Et
378 1357 550 1411 quidem
572 1356 766 1397 existimo
795 1370 872 1396 nos
894 1356 946 1397 ob
969 1370 1063 1397 eam
1084 1357 1353 1411 potissimum
1376 1374 1545 1401 causam

88 1425 337 1467 accuratiori
359 1424 604 1465 morborum
628 1424 821 1464 Historia
842 1424 895 1464 ad
918 1424 1032 1464 hunc
1054 1439 1187 1477 usque
1215 1426 1326 1466 diem
1356 1427 1543 1479 destitui,

88 1494 186 1547 quia
207 1494 366 1534 seilicet
396 1493 586 1546 plerique
618 1506 687 1533 eos
707 1506 783 1545 pro
805 1492 991 1532 confusis
1012 1493 1327 1547 inconditisque
1352 1495 1546 1537 Naturae

85 1561 196 1602 male
236 1575 280 1602 se
311 1561 473 1602 tuentis
507 1565 548 1601 et
585 1560 636 1600 de
673 1564 788 1600 statu
829 1574 904 1600 suo
946 1560 1132 1613 dejectae
1174 1561 1333 1602 effectis
1374 1567 1545 1604 tantum

85 1631 286 1682 habuere,
309 1644 356 1671 ae
385 1630 561 1684 proinde
582 1630 758 1670 laterem
786 1628 924 1669 lavare
938 1634 952 1651 ⁰
979 1629 1218 1671 crederetur
1238 1631 1272 1670 is
1295 1632 1366 1684 qui
1383 1633 1545 1686 justam

87 1699 319 1741 eorundem
341 1697 655 1739 enarrationem
677 1696 910 1736 moliretur.

151 1767 259 1822 [14.]
300 1766 382 1807 Sed
403 1770 452 1806 ut
481 1765 534 1806 ad
560 1779 650 1805 rem
672 1769 935 1805 revertamur
956 1781 963 1804 :
1001 1779 1087 1805 non
1111 1765 1252 1806 minus
1281 1772 1394 1809 certo
1415 1770 1544 1810 etiam

87 1849 112 1876 a
142 1834 438 1875 minutissimis
470 1832 608 1874 morbi
644 1832 974 1873 circumstantiis
1013 1833 1294 1875 indicationes
1336 1838 1544 1878 curativas

85 1902 217 1956 possit
237 1901 433 1943 Medjcus
465 1901 698 1950 desumere,
722 1914 849 1953 quam
881 1900 933 1940 ab
964 1900 1114 1941 iisdem
1146 1904 1326 1956 sumpsit
1348 1904 1544 1958 diagnos-

85 1971 182 2010 tiea.
244 1970 388 2022 Atque
414 1969 518 2009 adeo
539 1983 627 2009 non
649 1968 779 2008 semel
804 1968 910 2007 mihi
930 1968 975 2008 in
997 1974 1187 2010 mentem
1208 1971 1338 2012 subiit
1361 1973 1485 2025 quod,
1510 1974 1544 2013 si

85 2036 223 2078 morbi
253 2036 479 2090 cujuslibet
509 2036 745 2076 Historiam
777 2035 1004 2088 diligenter
1034 2043 1298 2090 perspectam
1329 2040 1544 2090 haberem,

84 2118 161 2158 par
181 2104 293 2145 malo
312 2103 549 2144 remedium
576 2116 799 2155 nunquam
819 2117 907 2143 non
930 2103 1079 2143 scirem
1103 2105 1264 2155 afferre,
1287 2108 1412 2148 variis
1434 2110 1543 2162 ejus-

86 2178 184 2219 dem
223 2177 527 2231 phaenomenis
567 2176 679 2216 viam
721 2188 804 2228 qua
834 2174 940 2214 mihi
970 2175 1256 2217 incedendum
1286 2179 1395 2220 foret
1428 2180 1544 2221 haud

86 2245 258 2287 dubiam
290 2243 754 2299 praemonstrantibus3
806 2255 915 2296 quae
957 2242 1127 2294 quidem
1168 2244 1475 2298 phaenomena,
1511 2249 1544 2288 si

84 2313 197 2354 inter
227 2327 270 2354 se
299 2312 444 2354 sedulo
472 2312 757 2360 conferantur,
780 2323 911 2349 manu
940 2311 1058 2363 quasi
1080 2311 1283 2353 ducerent
1312 2314 1364 2354 ad
1385 2315 1544 2357 indica-

84 2381 222 2423 tiones
242 2382 335 2422 illas
356 2381 539 2421 maxime
559 2379 714 2428 obvias,
730 2392 836 2431 quae
853 2392 903 2417 ex
920 2378 1071 2419 intimo
1089 2380 1282 2422 Naturae
1299 2396 1437 2434 sensu,
1456 2399 1542 2425 non

83 2464 180 2492 vero
200 2450 448 2504 phantasiae
470 2449 683 2490 erroribus
705 2447 1025 2497 depromuntur.

149 2518 258 2572 [15.]
295 2519 439 2571 Atque
464 2517 530 2557 his
553 2530 653 2556 sane
676 2514 889 2568 gradibus,
917 2516 980 2567 (ut
1002 2516 1061 2556 ita
1083 2515 1250 2569 dicam,)
1276 2519 1340 2559 his
1362 2520 1543 2561 admini-

86 2586 191 2627 culis
222 2586 275 2627 ad
306 2586 470 2627 coelum
504 2582 733 2633 ascenditd,
767 2582 820 2622 ad
852 2582 1095 2624 Medicinae
1126 2599 1279 2639 nempe
1310 2587 1541 2641 fastigium,

85 2653 354 2695 Medicorum
386 2654 455 2694 ille
497 2651 719 2701 Romulus,
751 2664 973 2703 nunquam
1005 2652 1106 2692 satis
1137 2653 1334 2695 laudatus
1380 2656 1542 2710 Hippo-

86 2726 220 2763 crates
237 2738 248 2772 3
281 2722 353 2775 qui
378 2721 489 2761 hanc
510 2720 607 2761 Arti
629 2718 824 2759 Medicae
845 2717 1017 2771 insuper
1039 2721 1266 2762 struendae
1297 2723 1471 2765 solidam
1496 2740 1544 2766 ae

130 2853 142 2867 ⁰
166 2851 287 2880 laterem
305 2848 423 2889 lavare]
442 2850 461 2864 ‘¹
477 2849 615 2887 Pul-gem
633 2849 706 2877 me?
733 2845 777 2874 la-
844 2844 969 2875 Erasmi
1002 2848 1100 2887 Adag.
1127 2848 1145 2878 i.
1176 2850 1198 2878 i.
1226 2851 1273 2880 48.
1308 2850 1355 2880 Cf.
1375 2851 1535 2887 Gaissord,

88 2894 186 2922 terem
225 2891 361 2928 lave1n‚''
388 2892 408 2921 i.
434 2902 458 2921 e.
491 2902 608 2929 operam
644 2891 778 2928 perdam.
842 2888 975 2917 Par-aem.
997 2891 1150 2920 Graec-in
1166 2890 1314 2924 πλίνθους
1330 2891 1470 2924 πλύνειν,

89 2933 212 2964 Terent.
232 2936 349 2965 Phorm.
368 2934 386 2964 i.
405 2936 433 2964 4.
453 2935 491 2969 9.,
504 2934 556 2963 ubi
576 2944 603 2962 v.
620 2932 777 2971 lnterpp.;
883 2932 898 2952 <1
914 2933 1069 2962 ‹ule-oolam
1080 2933 1148 2974 Suc]
1160 2935 1207 2964 Cf.
1218 2936 1316 2974 Epist.
1329 2937 1416 2975 Resp.
1430 2939 1452 2967 I.
1467 2938 1540 2975 §5L

1599 290 1725 319 Pnnzr.

1570 331 1630 361 En.
1643 332 1750 361 Τιειιτ.
