1985 3308
674 509 851 551 ORBEe
871 507 1014 558 diviso,
1035 520 1242 560 vacuaque
1260 507 1332 548 vioe
1352 507 1445 548 dum

673 578 779 618 Urbe
799 577 968 618 decessit
977 574 1210 629 furibunda
1230 576 1368 617 Pestis
1379 593 1392 624 ,-

667 647 817 699 Straye
835 658 915 686 non
935 648 1076 686 nostra
1095 644 1265 694 satiata,
1286 656 1423 685 verum

1128 711 1275 752 Strata
1295 711 1416 752 ruina
1431 729 1443 752 .-

664 780 791 821 Foeta
812 780 909 833 quin
928 779 1050 820 Lethi
1070 780 1258 820 variante
1278 780 1396 820 larva

663 849 807 889 Febris
826 849 996 899 eoearsit,
1007 847 1107 900 face
1126 861 1233 889 mmo
1253 848 1384 888 citata

669 917 813 958 Torret
833 916 1059 967 emandans,
1081 916 1300 969 itidemque
1320 916 1431 956 lenta

1130 985 1254 1025 Tecta
1262 983 1429 1037 favilla.

670 1053 881 1106 Wryinum
903 1056 1036 1094 castos
1057 1056 1274 1093 temerasse
1292 1053 1429 1093 vultus

662 1121 929 1174 Hancjuvat,
938 1122 1059 1174 patri
1077 1122 1277 1162 scelerata
1298 1120 1393 1161 tabo

663 1189 822 1230 Polluit
841 1189 956 1230 vivas
967 1206 981 1237 ‚·
1013 1193 1120 1230 tenet
1139 1203 1221 1230 una
1231 1188 1396 1241 formas

1123 1258 1245 1299 Mille
1265 1258 1447 1299 nocendi.

662 1326 840 1367 Horruit
859 1326 1010 1366 Diram
1030 1326 1243 1367 Medicina
1264 1326 1428 1367 Phoebo

666 1396 843 1443 Quaesta
857 1412 870 1435 .·
903 1396 971 1448 qui
993 1395 1167 1446 tandem,
1190 1408 1289 1448 cape
1308 1399 1528 1446 mutuatas,

667 1464 869 1516 Torqueat
888 1465 1005 1505 velooe
1025 1477 1114 1504 mea
1136 1463 1418 1516 Sydenlzamus

1128 1532 1236 1582 Tela,
1258 1532 1447 1584 sayittas.

660 1599 803 1640 Febris
823 1600 931 1640 irato
953 1599 1191 1653 tremefacta
1213 1601 1343 1641 laetas

661 1669 826 1709 Deserit
847 1673 993 1721 terras,
1004 1669 1121 1722 suffit
1141 1683 1230 1710 eece
1251 1670 1440 1710 deoetram

666 1738 749 1778 Osa
769 1739 932 1779 vitalem
947 1742 963 1779 !
994 1740 1218 1792 Styqiaqae
1227 1737 1399 1792 frendet

1119 1807 1265 1848 Mersa
1277 1806 1445 1860 palude.

657 1874 777 1925 Fata,
798 1874 872 1914 sed
889 1875 1001 1915 nulla
1011 1873 1215 1928 fayienda
1234 1879 1356 1926 sorte,

657 1944 846 1984 Invident
867 1944 942 1984 etsi
968 1944 1056 1984 Tibi
1079 1945 1407 1997 Sydenlzamwm

656 2014 904 2054 Postbamas
914 2013 1054 2067 floret,
1075 2014 1258 2055 rediviva
1279 2015 1398 2055 laetis

1117 2083 1188 2124 En
1208 2084 1314 2124 levat
1334 2096 1421 2124 ora.

655 2148 810 2200 Mente,
831 2163 911 2190 non
930 2149 1058 2191 Lethe
1076 2151 1290 2192 violandas
1309 2151 1414 2204 ipsa,

663 2218 773 2258 sz‘t
793 2219 837 2259 in
853 2222 992 2272 yram,
1007 2220 1085 2272 pia
1105 2221 1170 2261 vel
1186 2221 1260 2261 sab
1281 2221 1436 2261 umbris

662 2286 772 2326 Cara
791 2287 925 2326 vivum
946 2301 1052 2328 nano
1076 2289 1163 2329 Tua
1177 2288 1361 2341 praebet,
1384 2289 1427 2328 in
1452 2288 1506 2328 Te

1116 2357 1210 2410 Ipse
1229 2357 1393 2397 revixit.

424 2422 569 2463 Amico
590 2422 863 2474 inteyerrimo‚
889 2423 1055 2465 BIedico
1076 2425 1370 2477 expertissimo,
1396 2423 1439 2464 S.
1465 2423 1545 2474 Μ.,
1568 2423 1617 2464 ob
1638 2424 1829 2465 iteratam

367 2491 485 2543 hujus
505 2491 679 2531 eoeimiae
700 2492 886 2532 Praoeeos
907 2493 1136 2545 editionem,
1154 2493 1484 2547 yratalabmzdas
1504 2494 1604 2534 baec
1624 2498 1737 2535 vovet

426 2557 595 2615 [1693.]
1028 2561 1408 2603 Cnmsropnonus
1431 2561 1624 2612 CRELLE,
1645 2561 1768 2603 M.D.

636 2670 648 2684 ἓ
674 2666 772 2697 Deest
790 2667 850 2698 hoc
867 2678 993 2699 carmen
1010 2669 1042 2700 in
1059 2670 1105 2701 ed.
1124 2671 1187 2708 ⁴95,
1208 2675 1243 2701 ut
1260 2674 1291 2701 et
1307 2669 1338 2700 in
1356 2669 1424 2700 edd.
1441 2674 1554 2700 recent.
