1985 3308
521 121 860 187 PRocssssus
894 142 1160 186 INTEGRI.
1486 144 1567 184 601

676 319 801 359 CAP.
835 318 1015 359 XLIX.e

576 426 640 466 De
660 427 875 466 Punctum
900 425 1104 465 Tendim's.

176 517 352 558 Humoa
374 529 533 570 aqueus
558 516 623 557 vel
649 515 768 557 ichor
794 515 965 569 quidam
997 529 1046 556 ex
1072 514 1231 556 orificio
1261 527 1392 555 venae
1417 513 1574 555 incisae

113 585 274 639 jugiter
295 584 495 625 destillat.

122 675 256 716 [For-m.
274 677 394 719 245.]¹
430 673 469 716 R
490 674 634 709 Radit-is
652 674 822 708 Liliorum
838 674 1004 708 Alborum
1022 674 1058 707 in
1076 673 1166 707 lacte
1182 673 1325 707 vaccino
1349 673 1396 707 ad
1411 674 1577 708 teneritu-
1596 677 1766 707 CURATlo.

538 731 656 764 dinem
673 737 791 765 coctae
808 737 843 765 et
859 737 1025 765 contusae
1042 731 1165 764 uncias
1181 738 1341 776 quatuor,

493 788 640 822 Farinae
659 787 808 822 Seminis
826 788 919 829 Lini,

492 846 676 893 [Furinae]
696 847 909 887 Avenaceae,
925 857 993 879 aua
1011 846 1236 887 unciassst1·es;

306 905 427 948 eoque
450 903 494 938 atl
511 904 769 949 cataplasmatis
781 904 1042 938 consistentiam
1056 905 1092 937 in
1111 903 1232 937 eodem
1250 903 1339 938 laete
1358 914 1426 948 quo
1445 903 1578 938 radices

308 968 426 996 coctae
444 961 558 996 suere:
585 962 776 1007 applicetur
793 961 883 1006 parti
900 960 1046 995 affectae
1063 972 1165 994 mane
1181 966 1216 994 et
1233 972 1318 994 sero.

731 1108 856 1148 CAP.
890 1107 938 1147 L.
949 1115 968 1142 g

699 1198 762 1237 De
782 1198 1007 1238 Ambustis.

179 1288 427 1329 Fovmwn
451 1301 547 1342 pars
579 1287 729 1328 affecta
760 1286 902 1328 linteis
934 1286 1087 1340 spiritu
1112 1286 1200 1326 vini
1229 1285 1418 1336 imbutis,
1446 1299 1580 1339 usque
1600 1294 1771 1326 Commo.

121 1356 224 1397 dum
245 1361 465 1397 evanescat
487 1355 606 1397 dolor
618 1373 630 1406 ς
660 1369 708 1396 ac
730 1355 927 1408 deinceps
944 1354 995 1395 de
1015 1368 1125 1395 novo
1146 1353 1366 1394 imbuatur
1385 1353 1580 1404 linteum,

122 1424 236 1479 quod
254 1429 322 1466 ter
342 1425 408 1466 vel
428 1429 578 1479 quater
598 1424 643 1464 in
664 1424 731 1464 die
751 1423 863 1477 parti
884 1423 1058 1464 affectae
1080 1422 1325 1476 applicetur.

723 1563 854 1605 CAP.
888 1563 988 1604 LI.h

608 1672 677 1713 De
697 1664 847 1712 Mania
874 1672 1095 1713 Communi.

179 1763 222 1803 A
250 1775 384 1803 NIMIS
415 1763 600 1804 exaltata
627 1768 669 1803 et
690 1762 828 1803 vivida
852 1761 1072 1815 sanguinis
1094 1761 1201 1802 crasi
1229 1761 1375 1802 oritur.
1437 1762 1514 1802 Est
1540 1767 1582 1802 et

122 1831 206 1872 alia
239 1831 415 1872 Maniae
453 1832 610 1884 species
645 1830 784 1872 febres
818 1831 1154 1871 intermittentes
1192 1829 1480 1870 diuturniores
1512 1844 1581 1870 ex-

122 1899 295 1953 cipiens,
317 1899 364 1940 in
384 1899 611 1939 stultitiam
635 1899 811 1939 tandem
833 1898 1108 1951 degenerans,
1129 1897 1337 1951 producta
1364 1897 1537 1952 quidem
1558 1912 1584 1938 a

122 1966 343 2008 debilitate
373 1972 416 2008 et
451 1966 682 2020 vapiditate
715 1966 948 2019 sanguinis,
983 1980 1007 2006 a
1040 1965 1207 2005 diutina
1238 1965 1580 2005 fermentatione.

122 2035 474 2076 Praescribantur
493 2035 636 2088 itaque
658 2034 850 2074 cardiaca
871 2033 1150 2087 generosiora,
1165 2032 1373 2083 videlicet,
1397 2032 1584 2073 theriaca
1603 2041 1776 2073 Commo.

121 2103 427 2154 Andromachi,
459 2103 735 2144 electuarium
771 2102 823 2142 de
859 2115 949 2151 ovo,
985 2101 1121 2155 pulvis
1153 2100 1416 2150 Comitissae,
1446 2099 1583 2153 pulvis

124 2173 320 2215 Gualteri
342 2172 572 2226 Rawleigh,
594 2172 640 2212 in
662 2185 771 2225 aqua
791 2170 1036 2225 epidemica,
1059 2169 1292 2220 theriacali,
1314 2169 1381 2210 vel
1403 2169 1484 2209 alia
1496 2186 1507 2219 3
1540 2173 1584 2209 et

123 2242 266 2283 diaeta
285 2241 537 2281 instituatur
558 2240 806 2294 analeptica.

180 2310 237 2350 In
252 2308 495 2363 junioribus
515 2308 715 2349 mittatur
736 2306 910 2361 sanguis
928 2321 951 2348 e
971 2306 1145 2348 brachio
1166 2305 1220 2347 ad
1239 2305 1387 2346 uncias
1408 2309 1503 2346 octo
1519 2305 1585 2346 vel

122 2392 275 2420 novem
291 2378 356 2418 bis
377 2378 443 2418 vel
461 2382 540 2428 ter,
558 2377 706 2418 diebus
727 2376 866 2417 tribus
887 2376 1001 2416 inter
1022 2375 1209 2428 singulas
1224 2373 1584 2415 venae-sectiones

122 2445 398 2500 interpositis.
459 2445 569 2486 Tum
591 2444 721 2486 semel
741 2444 990 2485 extrahatur
1012 2443 1184 2496 sanguis
1205 2456 1227 2482 e
1243 2442 1360 2482 venis
1376 2441 1584 2495 jugulari-

122 2513 217 2555 bus.
280 2514 434 2554 Postea
453 2517 545 2554 tota
565 2513 728 2554 curatio
748 2512 963 2553 innitatur
989 2511 1184 2564 sequenti
1206 2510 1451 2560 cathartico,
1474 2509 1587 2563 quod

123 2586 265 2623 sumat
297 2581 426 2622 tertia
451 2581 517 2622 vel
546 2584 697 2634 quarta
724 2594 890 2634 quaque
919 2579 999 2630 die,
1026 2579 1160 2620 donec
1191 2577 1474 2626 convalue1·it;
1505 2577 1585 2618 hoc

123 2648 298 2690 interim
329 2648 604 2699 observando,
640 2648 767 2703 quod,
803 2662 901 2688 cum
938 2647 1067 2688 octies
1102 2647 1168 2687 vel
1203 2646 1340 2686 decies
1380 2649 1586 2699 purgatus

122 2717 252 2758 fuerit
288 2731 426 2770 aeger,
460 2716 665 2758 exhibitio
700 2715 923 2758 cathartici
957 2715 1010 2756 ad
1046 2715 1328 2769 septimanam
1360 2727 1492 2754 unam
1521 2712 1589 2753 vel

123 2785 302 2826 alteram
323 2785 548 2826 omittatur
563 2801 631 2824 :-

167 2879 184 2896 ²
212 2875 262 2906 Cf.
282 2877 403 2906 Observ.
422 2877 504 2906 Med.
523 2875 564 2905 vi.
583 2877 611 2906 3.
633 2876 680 2906 14.
704 2875 750 2905 15.
927 2879 944 2901 K
970 2874 1018 2905 Cf.
1040 2875 1160 2904 Observ.
1178 2874 1261 2903 Med.
1279 2872 1320 2902 vi.
1338 2873 1366 2902 4.
1387 2873 1416 2901 8.

168 2916 179 2935 f
204 2917 255 2949 Cf.
273 2918 365 2948 form.
383 2920 433 2949 38.
929 2914 945 2937 ¹¹
977 2917 1025 2947 Cf.
1047 2919 1165 2947 Observ.
1186 2916 1266 2946 Med.
1286 2915 1304 2945 ἱ.
1325 2916 1352 2945 5.
1373 2916 1412 2945 53
1431 2924 1475 2953 sq.

823 2973 849 3009 41
874 2984 901 3010 11
