1985 3308
219 117 296 153 630

263 214 480 246 Fermentatio
494 214 528 244 in
547 213 713 254 sanguine.
732 212 778 254 [v.
799 211 989 252 Commorim]

264 258 289 288 F
292 257 440 288 estinatio
454 257 488 287 in
503 257 623 287 morbis
638 256 789 287 curandis
805 265 902 296 quam
916 265 990 296 pes-

221 301 313 338 sima,
331 301 405 336 214,
422 301 494 332 237.

265 343 377 374 Flatus
389 342 568 373 abdominis
579 347 731 378 tumores,
743 341 862 381 quasia
875 340 990 370 collec-

220 386 306 417 tione
329 396 485 426 aquarum
508 385 688 426 productos,
705 384 833 424 quando
855 383 992 413 excitare

221 430 341 466 valent,
357 430 430 466 467,
447 429 528 463 468;
562 428 596 458 in
616 427 777 467 hysterica
800 426 900 457 affect.
923 426 992 465 jam

220 472 314 508 acidi,
327 472 396 512 jam
412 471 560 506 nidorosi,
578 471 672 506 unde,
691 470 764 504 368,
778 470 851 499 369.

266 514 377 545 Fletus
389 525 428 545 ex
440 513 599 554 hysterica
615 512 715 542 affect.
733 512 801 542 sine
816 511 884 541 ulla
900 520 993 551 saepe

222 568 329 594 causa,
361 558 422 587 368
436 570 442 591 ;
480 566 544 586 non
574 555 668 585 modo
693 555 728 584 in
757 554 915 590 foeminis,
938 553 995 583 sed

225 601 322 631 etiam
337 600 369 630 in
385 600 473 634 viris,
491 600 564 631 375.

267 643 412 673 Fnuoru:
431 642 518 680 (DE)
537 641 647 677 Anno,
664 640 739 675 592,
755 640 829 670 593.
840 638 880 670 cf.
899 639 972 669 290.

268 686 375 716 Focus
398 685 432 715 in
454 683 584 714 variolis
609 683 702 714 discr.
727 682 844 722 hyeme
867 686 995 712 tantum

224 727 447 764 exstruendus,
467 728 537 758 139.

269 771 417 801 Foeditas
447 769 634 799 cicatricum
670 768 705 798 in
736 767 866 798 variolis
902 765 995 797 confi.

225 813 384 854 quomodo
400 817 617 853 praecavetur,
636 812 706 841 143.

269 857 294 886 F
297 856 442 886 oeminae
477 855 589 895 quales
625 854 770 894 hydrope
807 852 997 893 praeprimis

225 899 414 935 afficiantur,
429 899 491 928 455
506 911 513 933 3
535 907 656 938 paucae
669 897 707 927 ab
718 896 880 936 hysterica
895 895 998 925 affect.

225 942 343 972 liberae
359 947 445 978 sunt,
461 941 534 977 364,
551 940 609 972 371
627 953 633 975 ;
656 939 797 980 podagra
810 949 881 968 raro
897 938 997 968 affici-

226 990 336 1021 untur,
351 984 413 1016 417
429 997 436 1019 ;
456 984 491 1014 in
509 983 638 1013 variolis
652 983 761 1012 miuus
778 981 1000 1022 periclitantur

227 1037 323 1067 quam
343 1027 568 1062 adolescentes,
586 1027 648 1057 333
666 1038 673 1060 ;
695 1025 728 1055 in
748 1024 877 1055 variolis
893 1034 999 1054 anom.

227 1075 464 1101 menstruorum
494 1069 595 1105 fluxu,
624 1074 767 1108 tempore
803 1078 868 1098 non
906 1067 1000 1097 solito

227 1113 367 1149 affectae,
385 1113 470 1143 unde
486 1111 717 1153 periclitentur,
736 1112 808 1141 192.

271 1156 297 1186 F
301 1162 387 1186 oetor
401 1156 433 1186 in
449 1156 578 1186 variolis
594 1164 700 1185 auom.
713 1154 814 1193 nigris
828 1153 999 1194 pessimus,

273 1240 464 1272 Fontanella
493 1241 527 1271 in
559 1239 793 1270 rheumatismo
827 1239 1002 1269 inveterato

229 1285 314 1315 cruri
331 1284 532 1324 applicanda,
550 1284 621 1314 260.

273 1327 446 1358 Formulae
460 1327 766 1357 medicamentorum
783 1325 816 1355 in
829 1324 920 1365 praxi
933 1334 1001 1354 ma—

229 1370 279 1410 gis
301 1370 484 1406 familiares,
501 1370 691 1404 536-539;
716 1368 929 1398 formularum
951 1367 1000 1397 in-

229 1419 358 1453 gentem
386 1413 512 1453 sylvam
535 1422 633 1452 quare
655 1422 719 1442 non
741 1411 845 1441 tradat
866 1411 1001 1448 Auctor,

231 1458 283 1493 21,
300 1458 373 1492 238,
389 1457 462 1486 425.

274 1499 398 1529 Foveae
413 1500 447 1528 in
462 1497 593 1528 variolis
617 1497 723 1533 discr.,
743 1498 814 1527 122.

275 1542 302 1571 F
304 1542 408 1571 raxini
423 1551 532 1571 semen
548 1541 667 1571 virtute
685 1538 916 1579 lithontriptica
930 1537 1002 1568 lau-

232 1585 335 1619 datur,
353 1586 427 1614 522.

276 1627 408 1667 Frigida
423 1631 596 1667 tempestas
611 1626 643 1656 in
661 1624 791 1656 variolis
803 1624 898 1654 discr.
908 1633 1004 1664 aegro

233 1680 327 1710 saepe
343 1670 501 1705 salutaris,
522 1670 591 1700 139.

277 1713 394 1753 Frigus
425 1713 652 1742 cadaverosum
682 1710 824 1751 partium
853 1714 1002 1740 externa-

233 1766 306 1786 rum
331 1756 364 1785 in
387 1755 548 1795 hysterica
573 1754 687 1790 affect„
717 1754 791 1789 368,
821 1753 895 1787 372,
920 1753 1002 1787 375;

232 1799 266 1829 in
283 1799 473 1839 dysenteria,
489 1799 549 1828 168
563 1810 570 1833 ;
595 1797 634 1827 ab
650 1796 800 1826 exercitio
812 1795 1004 1825 calescentes

234 1841 345 1871 sedulo
366 1841 478 1876 vitent,
497 1842 556 1871 241
571 1852 577 1875 ;
602 1840 706 1878 frigus
721 1838 904 1874 humidum,
921 1837 1007 1867 calo-

233 1894 301 1915 rem
324 1883 489 1924 placidum
514 1893 597 1913 anno
620 1883 671 1914 ’75
697 1882 804 1911 subito
832 1881 1005 1921 excipienS‚

235 1928 307 1962 206,
325 1928 406 1962 226;
430 1927 533 1966 frigus
557 1925 761 1956 subitaneum
784 1929 856 1964 post
879 1923 1004 1953 excale-

233 1970 406 2000 factionem
422 1969 691 1999 rheumatismum
704 1967 838 2003 inducit,
853 1968 933 2002 255;
950 1966 1005 1996 sri-

233 2013 319 2053 goris
334 2013 365 2042 in
383 2012 511 2042 variolis
532 2021 684 2042 excessus
706 2010 918 2051 periculosus,
936 2011 1007 2046 134,

238 2057 309 2091 138,
330 2056 399 2087 147.

280 2099 419 2128 Fructus
448 2097 568 2128 horarii
598 2096 745 2127 cholerae
775 2105 888 2126 ansam
914 2105 1007 2135 prae·

235 2142 324 2177 bent,
342 2142 411 2171 166.

283 2184 462 2220 Pena-Re,
491 2182 578 2222 (De)
607 2191 684 2212 swr:
713 2181 917 2212 Pomucxxs
940 2181 1008 2211 CA-

239 2236 342 2264 P1T1s,
360 2228 433 2263 602,
451 2227 523 2256 603.

282 2270 308 2300 F
311 2270 430 2300 uscitas
452 2269 485 2299 in
509 2268 638 2299 variolis
662 2267 757 2298 confi.
773 2277 810 2298 eo
827 2267 932 2307 major
946 2276 1010 2307 quo

238 2313 370 2343 morbus
386 2312 531 2347 atrocior,
550 2313 621 2342 124.

281 2353 534 2391 Γαλακτοποσία,
551 2365 608 2385 seu
626 2354 730 2385 diaeta
751 2353 864 2391 lactea,
880 2353 912 2383 in
929 2352 1008 2394 pod-

238 2408 323 2438 agra,
342 2400 415 2434 433,
433 2399 506 2428 434.

284 2441 427 2471 Galliam
448 2441 501 2470 lue
520 2450 657 2470 venerea
679 2439 828 2470 mulctati
844 2448 902 2469 cur
917 2448 1012 2478 saepe

239 2488 346 2524 petere
362 2484 507 2519 debeant,
525 2484 597 2514 325.

285 2527 478 2566 Gangraena
498 2536 538 2556 ex
560 2524 758 2566 erysipelate,
776 2525 857 2559 262;
882 2523 1010 2554 intesti-

240 2579 356 2600 norum
372 2570 405 2599 in
422 2569 613 2610 dysenteria,
633 2569 706 2598 168.

286 2613 439 2643 Genistae
479 2612 527 2642 sal
563 2611 750 2641 lixiviosum
786 2610 820 2640 in
857 2609 1011 2650 hydrope,

243 2655 316 2686 470.

285 2698 381 2727 Genu
399 2697 432 2727 in
454 2697 597 2738 podagra
618 2695 749 2736 irregul.
767 2695 927 2735 quomodo
942 2695 1011 2725 affi-

242 2739 353 2775 ciatur,
370 2741 446 2770 413.

287 2782 469 2813 Glandulae
492 2782 687 2817 mesentefii,
709 2781 744 2811 in
767 2781 956 2817 infantibus,
974 2791 1014 2811 ex

242 2825 449 2865 purgantium
475 2825 681 2866 frequentiori
706 2834 769 2854 usu
794 2834 889 2864 saepe
917 2824 1012 2854 indu-

242 2873 381 2903 rescunt,
399 2868 470 2898 381.

287 2909 389 2940 Glaus
425 2911 456 2940 in
493 2909 687 2949 gonorrhoea
720 2909 814 2940 virui.
847 2909 1014 2950 praeputio

819 110 989 147 INDEX
1019 107 1221 146 RERUM.

1048 209 1174 240 tumido
1203 209 1231 239 si
1259 212 1457 249 contegatur,
1487 206 1685 239 emollientia
1711 208 1816 250 appli-

1049 257 1170 288 centur,
1189 252 1260 284 317.

1093 294 1228 325 Globuli
1256 293 1291 324 in
1317 293 1379 323 ileo
1405 302 1480 323 vero
1509 292 1584 333 plus
1613 293 1691 324 mali
1720 304 1818 334 quam

1048 337 1123 368 boni
1137 337 1288 373 inserunt,
1304 337 1356 367 63.

1095 381 1344 411 Gonommom
1363 378 1450 417 (De)
1471 378 1695 415 Vmorem-A,
1712 380 1820 410 588—

1050 423 1109 454 591
1124 435 1131 458 ;
1156 428 1286 453 centum
1302 428 1386 452 retro
1401 421 1494 451 annis
1508 431 1541 451 se
1557 421 1754 459 ostendebat,
1769 422 1818 452 di-

1050 475 1174 495 versam
1190 465 1229 495 ab
1245 465 1314 505 ipsa
1336 464 1390 495 lue
1413 464 1611 499 confirmata,
1629 465 1710 499 309;
1735 465 1821 504 quod

1049 508 1183 538 materia
1199 507 1428 538 seminiformis
1444 516 1525 547 quae
1542 506 1594 537 hic
1609 506 1690 543 fluit,
1707 517 1820 537 carno-

1051 561 1104 580 sae
1127 551 1233 591 virgae
1262 550 1440 580 substantia
1469 549 1631 585 debeatur,
1647 550 1720 586 309,
1736 551 1798 581 310
1814 562 1821 586 ς

1051 593 1167 623 modus
1182 593 1357 623 invasionis
1378 592 1576 629 describitur,
1594 593 1677 627 31ος
1700 593 1822 623 curatio

1051 636 1236 666 catharticis
1263 636 1438 677 perficitur,
1468 636 1550 670 3l3;
1588 635 1693 665 diaeta
1722 645 1820 675 quae-

1050 689 1126 709 nam
1149 678 1354 715 observanda,
1379 679 1452 713 313,
1476 679 1550 714 315,
1572 678 1654 712 59ος
1679 678 1823 718 rejicitur

1052 721 1214 761 lignorum
1250 722 1468 752 exiccantium
1501 730 1590 757 usuS,
1621 720 1704 756 317;
1743 721 1822 751 item

1052 764 1274 804 improbantur
1298 774 1399 804 aquae
1422 763 1602 799 minerales‚
1627 764 1708 799 316;
1741 773 1822 804 quo·

1052 807 1148 838 modo
1171 807 1328 848 phimosis
1351 811 1399 837 est
1420 806 1571 843 curanda,
1592 806 1676 842 317;
1707 816 1822 846 gonor-

1053 850 1167 880 rhoeae
1198 851 1287 890 justo
1323 850 1419 880 citius
1455 859 1644 889 suppressae
1682 854 1826 880 tumores

1054 893 1150 923 scroti
1186 893 1445 934 supervenientes
1474 892 1633 932 quomodo
1661 897 1824 928 curantur,

1055 937 1137 971 318;
1165 936 1363 975 gonorrhoea
1384 945 1459 966 cum
1483 935 1536 965 lue
1554 935 1668 974 juncta
1690 945 1824 975 quomo-

1055 979 1095 1009 do
1119 978 1268 1015 tollenda,
1294 980 1375 1014 324;
1412 978 1609 1018 gonorrhoea
1630 977 1726 1008 virul.
1748 977 1826 1018 quid

1055 1021 1106 1058 sit,
1131 1026 1163 1051 et
1185 1021 1344 1062 quomodo
1369 1021 1541 1057 exoriatur,
1566 1021 1648 1056 309;
1679 1026 1824 1061 sympto-

1055 1069 1142 1094 mata
1155 1064 1254 1100 varia,
1266 1065 1338 1101 310,
1353 1065 1426 1100 311,
1441 1065 1513 1099 588,
1525 1064 1586 1094 589
1601 1076 1607 1099 ;
1630 1064 1828 1104 gonorrhoea

1056 1107 1245 1143 diuturnior,
1283 1107 1336 1137 vel
1365 1106 1617 1147 astringentibus
1643 1117 1825 1147 suppressa,

1057 1151 1216 1190 quomodo
1238 1150 1325 1180 luem
1344 1160 1454 1180 veram
1476 1149 1641 1190 producat,
1666 1150 1748 1184 311;
1773 1149 1827 1180 lue

1057 1193 1244 1223 salivatione
1277 1193 1412 1229 sublata,
1442 1192 1602 1232 quomodo
1631 1193 1828 1232 gonorrhoea

1056 1236 1230 1272 tractanda,
1240 1237 1396 1273 323,3·24;
1411 1236 1585 1266 cathartica
1595 1235 1703 1276 qualia
1713 1235 1827 1272 danda,

1057 1284 1089 1309 et
1099 1279 1255 1319 quamdiu
1264 1279 1491 1314 continuanda,
1500 1279 1713 1314 313‚314,589
1722 1291 1729 1314 ς
1747 1288 1829 1318 quo·

1057 1322 1152 1352 modo
1176 1322 1270 1352 facile
1291 1327 1436 1352 mutatur
1458 1322 1492 1351 in
1520 1321 1620 1358 luem,
1643 1322 1715 1358 311,
1741 1322 1827 1358 3145

1059 1365 1218 1404 quomodo
1249 1369 1319 1394 tum
1349 1364 1612 1400 succurrendum,
1643 1365 1717 1400 315,
1745 1364 1827 1399 589;

1061 1408 1352 1438 venae-sectionem
1370 1408 1405 1437 in
1421 1407 1605 1447 sanguineis
1621 1407 1748 1447 quando
1761 1407 1828 1437 exi-

1058 1456 1122 1490 gat,
1140 1452 1221 1485 316;
1246 1450 1302 1490 qui
1318 1456 1498 1491 purgantur
1512 1450 1649 1490 aegrius,
1666 1449 1830 1481 difficilius

1059 1499 1222 1529 curantur,
1240 1494 1312 1523 316.

1103 1534 1338 1571 ΗΑεΜοΡτοὲ,
1357 1535 1446 1574 (De)
1463 1536 1536 1571 268,
1555 1535 1626 1573 269,
1643 1536 1716 1571 599,
1730 1535 1803 1566 600.

1103 1579 1304 1619 Ηεεῐηορῑοέ
1331 1579 1477 1618 ejusdem
1506 1578 1624 1608 indolis
1649 1588 1724 1608 cum
1753 1578 1829 1609 hae-

1059 1622 1241 1661 morrhagia
1254 1622 1391 1657 narium,
1403 1622 1465 1652 268
1479 1634 1486 1656 ς
1509 1630 1572 1660 quo
1582 1630 1679 1651 seusu
1690 1621 1831 1652 febribus

1060 1665 1310 1697 annumeranda.
1335 1665 1408 1700 267,
1433 1665 1514 1699 269;
1545 1674 1624 1703 quos
1647 1668 1679 1694 et
1700 1664 1832 1704 quando

1061 1708 1232 1748 praecipue
1253 1708 1393 1743 invadat,
1413 1708 1475 1737 268
1489 1720 1495 1741 ;
1520 1707 1654 1743 curatio,
1670 1708 1743 1743 268,
1758 1708 1831 1744 269,

1062 1751 1136 1787 599,
1152 1751 1234 1785 600;
1259 1751 1448 1790 haemoptoel
1464 1750 1498 1779 in
1511 1749 1650 1786 varioh's,
1670 1751 1740 1787 128,
1762 1750 1834 1788 147,

1061 1794 1136 1829 519,
1152 1794 1227 1824 567.

1107 1835 1363 1876 Haemorrhagia
1386 1835 1547 1875 quaelibet
1569 1835 1752 1872 immodica,
1770 1835 1834 1866 nisi

1062 1879 1210 1919 purgatio
1241 1879 1438 1914 exhibeatur,
1466 1888 1628 1908 recurrere
1655 1877 1743 1915 solet,
1772 1879 1833 1914 6ος

1062 1922 1257 1963 hystericam
1273 1922 1374 1951 affect.
1391 1931 1485 1961 saepe
1500 1921 1625 1957 invitat,
1644 1921 1716 1953 377.

1109 1965 1406 1995 Hamioanuaela
1417 1964 1835 2001 NAnxuu‚267,268,598;

1064 2008 1195 2044 curatio,
1212 2009 1285 2043 267,
1303 2008 1387 2043 268;
1418 2012 1572 2047 tanquam
1595 2007 1733 2037 febrium
1757 2016 1834 2036 con-

1065 2051 1121 2081 tin.
1147 2056 1338 2092 symptoma,
1367 2051 1433 2085 59;
1471 2060 1535 2090 quo
1569 2060 1665 2080 sensu
1694 2049 1837 2080 febribus

1065 2094 1317 2130 annumeranda,
1329 2094 1390 2125 267
1405 2105 1412 2128 ;
1435 2094 1469 2123 in
1483 2093 1612 2123 variolis
1623 2092 1837 2133 phrenitidem
1888 2127 1889 2130 Ἰ

1065 2137 1188 2174 levans,
1213 2138 1295 2172 144;
1323 2137 1356 2166 in
1380 2136 1520 2166 febribus
1541 2146 1606 2166 non
1629 2145 1754 2175 semper
1776 2135 1836 2165 sis-

1065 2180 1171 2216 tenda,
1189 2181 1249 2214 60;
1273 2180 1306 2209 in
1322 2179 1451 2209 variolis
1466 2179 1614 2219 pessimis
1628 2177 1748 2208 vitrioli
1772 2177 1839 2218 spi-

1066 2223 1147 2253 ritus
1163 2233 1225 2253 usu
1240 2222 1388 2258 coercita,
1406 2223 1487 2257 224;
1511 2222 1685 2252 recidivam
1702 2220 1838 2260 singulis

1067 2266 1160 2296 annis
1183 2266 1362 2302 minitatur,
1383 2265 1444 2296 267
1462 2277 1468 2299 ;
1499 2264 1711 2295 catharticum
1733 2273 1837 2304 quan-

1068 2309 1185 2339 donam
1211 2308 1440 2345 exhibendum,
1461 2308 1541 2342 268;
1579 2307 1666 2338 calor
1694 2311 1724 2337 et
1750 2305 1840 2337 dolor

1069 2352 1211 2392 sinciput
1225 2353 1387 2391 torquent,
1405 2352 1478 2386 269,
1495 2351 1568 2381 598.

1113 2393 1416 2425 Haemorrho‘idales
1439 2403 1538 2423 venae
1563 2393 1596 2423 in
1622 2392 1781 2433 podagrae
1795 2392 1839 2422 ir-

1068 2437 1167 2477 regul.
1205 2446 1472 2477 paroxysmorum
1508 2435 1686 2466 intervallis
1721 2434 1839 2471 dolent,

1114 2522 1440 2554 Hasnonnnoinun
1465 2521 1553 2561 (De)
1579 2521 1740 2558 Domus,
1765 2521 1839 2557 594,

1113 2608 1437 2639 HAEMonnuo'inun
1462 2606 1550 2646 (De)
1580 2607 1700 2637 FLuxu
1726 2614 1838 2636 muo-

1071 2661 1162 2688 mco,
1180 2653 1252 2682 595.

1114 2694 1248 2725 Halitus
1277 2693 1411 2733 maligni
1436 2692 1614 2733 hystericae
1643 2692 1745 2722 affect.
1775 2701 1840 2722 non

1071 2742 1147 2768 sunt
1161 2747 1268 2773 causa,
1285 2737 1365 2772 376;
1389 2736 1509 2767 halitus
1529 2735 1650 2776 putridi
1666 2735 1698 2765 in
1712 2733 1840 2765 variolis
1896 2734 1898 2738 ’

1071 2781 1177 2817 discr.,
1195 2781 1264 2810 139.

1116 2823 1262 2854 Haustus
1285 2821 1450 2857 emeticus,
1471 2823 1550 2855 545;
1578 2821 1612 2851 in
1636 2820 1722 2851 febre
1744 2829 1839 2860 quar-

1071 2872 1146 2896 tana
1162 2866 1337 2901 cardiacus,
1352 2866 1408 2899 85;
1432 2864 1637 2904 paregoricus
1658 2863 1691 2893 in
1714 2861 1842 2893 cholera

1042 2942 1043 2945 Ἰ
1071 2910 1191 2944 morbo,
1224 2910 1292 2945 166,
1321 2909 1393 2943 278,
1419 2909 1502 2942 578;
1530 2907 1563 2937 in
1593 2905 1692 2938 colica
1716 2905 1841 2940 biliosa,
