1985 3308
606 139 950 180 TRACTATUS
985 140 1020 180 I.
1456 139 1539 178 425

86 251 178 287 rate
221 246 536 296 excalefaciunt,
579 249 621 286 et
660 246 725 286 vel
767 246 1013 297 amaricant,
1054 247 1119 287 vel
1157 246 1350 300 linguam
1390 246 1543 286 leniter
1575 259 1627 289 1)ss
1646 258 1736 288 Pon-

86 314 260 365 feriunt,
286 318 434 369 utpote
467 327 573 369 quae
599 314 833 355 ventriculo
864 319 965 355 sunt
995 318 1205 368 pergrata,
1232 313 1430 367 sanguini
1456 327 1543 353 me-
1562 310 1711 352 —Arunffi

88 380 257 431 dentur,
280 385 322 422 et
350 387 535 422 caeteras
559 385 699 434 partes
725 380 868 422 fovent
896 381 1223 435 confortantque
1237 398 1246 432 ;
1280 381 1421 434 qualia
1444 365 1740 441 S11nt{}{1‘{,{{,t²1²,anc

92 450 224 503 (verbi
252 451 417 504 gratia,)
447 450 608 491 radices
636 450 864 503 angelicae,
893 451 1055 500 enulae,
1082 450 1182 491 folia
1209 450 1424 500 absinthii,
1447 463 1543 490 cen-
1561 445 1711 517 Ἇῑυῑιῗῑῗὲζ

88 519 217 559 taurii
238 519 426 569 minoris,
444 519 758 573 chamaedryOS,
776 518 1103 573 chamaepityos,
1126 522 1205 559 etc.
1237 517 1352 558 Addi
1368 520 1545 570 possunt
1564 530 1706 570 implent.

89 585 217 626 etiam
234 587 566 627 Antiscorbutiea
588 587 714 640 vulgo
735 586 860 637 dicta,
877 591 926 627 ut
946 586 1107 627 radices
1129 585 1308 639 raphani
1328 583 1546 635 rusticani,

88 653 188 695 folia
209 655 465 695 cochleariae
481 655 704 704 hortensis,
721 655 922 695 nasturtii
943 654 1138 708 aquatici,
1156 658 1236 694 etc.
1279 653 1387 693 Cum
1404 656 1548 692 autem
1567 663 1683 712 cautio
1700 664 1732 693 in

89 721 246 762 herbae
276 722 381 763 istae
413 737 528 763 acres
561 737 608 763 ac
638 728 892 776 pungentes,
924 727 973 763 ut
1004 727 1052 762 ut
1084 721 1303 762 stomacho
1335 720 1548 761 arrideant
1567 717 1750 780 Siras-suumn-

89 793 215 843 atque
243 789 380 830 eidem
409 790 628 831 conferant
655 790 701 830 in
723 791 913 831 coctione
937 790 1136 844 juvanda,
1159 789 1297 830 morbi
1321 794 1467 829 tamen
1487 788 1548 828 fo-

89 857 184 898 miti
199 857 364 911 jamdiu
380 858 561 898 formato
584 859 750 899 aculeos
773 858 957 898 subdant
975 863 1017 899 et
1039 862 1224 911 augeant
1245 858 1438 907 calorem,
1455 870 1549 910 par-

89 924 179 965 cius
199 925 468 978 usurpandae
484 925 673 976 veniunt,
691 940 790 979 prae
812 926 903 966 aliis
924 926 1015 965 istis
1038 939 1144 979 quae
1160 924 1254 965 miti
1271 925 1406 965 calore
1423 928 1550 977 atque

90 992 374 1034 amaritudine
396 998 438 1034 et
454 993 738 1034 ventriculum
759 994 1046 1044 corroborant,
1065 999 1106 1034 et
1128 993 1347 1046 sanguinis
1368 1006 1549 1033 massam

90 1061 348 1114 vegetiorem
369 1061 554 1102 reddunt
576 1076 624 1102 ac
645 1062 779 1115 magis
801 1062 986 1103 vitalem.

157 1129 265 1183 [31.]
303 1129 464 1169 Eorum
493 1130 651 1182 species
677 1130 837 1183 aliquot
863 1129 1021 1170 affabre
1048 1129 1275 1183 permistae
1301 1127 1552 1168 humoribus

92 1198 404 1251 concoquendis
435 1198 591 1238 rectius
618 1199 680 1251 (ut
707 1198 813 1238 mihi
837 1198 1033 1250 videtur,)
1061 1211 1187 1251 quam
1217 1197 1392 1250 simplex
1421 1195 1552 1249 quod-

92 1265 197 1306 libet
224 1280 275 1306 ex
302 1280 448 1306 eorum
474 1266 591 1306 tribu
613 1265 885 1319 desumptum
914 1265 1195 1320 [ministrant]
1210 1264 1242 1305 ¹¹.
1306 1263 1552 1306 Quamlibet
1573 1272 1648 1305 Quo
1658 1274 1690 1304 in
1704 1283 1755 1303 ca-

93 1334 220 1384 enim,
251 1334 414 1386 quoties
445 1334 639 1387 specifica
668 1334 967 1374 medicamenti
1002 1333 1228 1387 cujuslibet
1258 1333 1416 1373 virtute
1447 1345 1551 1385 opus
1572 1326 1619 1352 ω’
1638 1320 1757 1356 quanto

1571 1360 1673 1389 ma‘or
1689 1363 1736 1389 est

94 1406 157 1442 est
178 1401 313 1452 nobis,
339 1402 487 1455 regula
510 1406 642 1453 tenet,
667 1405 791 1456 “quo
817 1402 1058 1455 simplicius,
1081 1415 1130 1442 eo
1154 1401 1305 1441 melius
1318 1401 1359 1450 3²²
1391 1405 1550 1449 tamen,
1570 1370 1769 1442 siniplicium

95 1483 193 1510 cum
227 1469 272 1510 id
306 1469 512 1510 habemus
547 1470 751 1523 propositi
786 1475 835 1510 ut
863 1469 964 1509 huic
1004 1469 1116 1509 illive
1151 1468 1402 1509 indicationi
1433 1468 1552 1508 satis·
1572 1455 1736 1528 ’ῖὲξῖζῗζῗί

93 1538 287 1578 faciendo
323 1552 497 1591 aegrum
539 1552 749 1588 sanemus,
783 1537 952 1590 singula
984 1536 1272 1590 ingredientia
1314 1535 1553 1588 symbolum
1573 1531 1713 1603 ξξὲἓίῑὲζ-

93 1619 170 1659 pro
203 1605 352 1646 morbo
393 1606 580 1646 curando
622 1605 741 1659 quasi
777 1605 1026 1654 conferunt,-
1075 1609 1201 1657 atque
1241 1604 1287 1644 in
1322 1603 1402 1644 hoc
1443 1618 1553 1654 casn,
1573 1621 1720 1646 mentum

97 1679 256 1728 quanto
277 1675 412 1728 major
432 1679 495 1715 est
517 1674 770 1727 simplicium
796 1687 1012 1723 numerus,
1036 1677 1158 1712 tanto
1183 1671 1401 1726 potentius
1422 1671 1554 1712 medi-
1573 1664 1729 1699 operatur.

95 1747 340 1782 camentum
370 1742 626 1796 operabitur.
687 1742 724 1782 E
752 1741 979 1795 praedictis
999 1740 1156 1794 itaque,
1180 1745 1222 1780 et
1252 1739 1415 1793 reliqua
1446 1740 1556 1793 ejus-

96 1809 194 1850 dem
233 1809 393 1850 farinae
433 1809 610 1850 materia
644 1809 820 1859 medica,
857 1809 996 1849 variae
1030 1808 1316 1849 remediorum
1350 1809 1557 1848 formulae

100 1876 152 1917 ad
174 1877 289 1917 hunc
311 1891 484 1930 scopum
499 1877 726 1918 tendentes
749 1877 996 1917 concinnari
1016 1881 1207 1930 possunt.
1268 1877 1361 1930 Ego
1377 1877 1557 1917 formam

99 1944 315 1985 electuarii
340 1944 393 1985 ad
420 1945 660 1997 exemplum
685 1945 894 1984 theriacae
916 1944 1207 1984 Andromachi
1234 1944 1410 1984 caeteris
1437 1958 1557 1997 prae-

98 2012 199 2062 fero,
217 2026 294 2052 ceu
314 2012 472 2052 viribus
493 2012 913 2066 praestantissimam,
931 2025 980 2052 eo
1003 2011 1115 2064 quod
1130 2016 1283 2052 mutua
1303 2012 1558 2065 simplicium

100 2081 452 2121 confermentatio
496 2081 687 2121 omnium
727 2080 930 2120 virtutem
975 2080 1197 2132 adaugeat,
1241 2080 1359 2133 quasi
1400 2080 1559 2133 aliquid

100 2149 278 2189 tertium
318 2149 588 2202 progignens,
627 2148 740 2202 quod
779 2148 826 2188 in
864 2148 925 2188 ita
965 2147 1204 2201 conjunctis
1244 2148 1454 2201 majorum
1496 2152 1560 2188 est

101 2216 254 2257 virium
278 2217 323 2256 in
348 2217 438 2270 pari
463 2217 702 2270 quantitate
725 2231 852 2271 quam
882 2216 927 2256 in
956 2230 1100 2256 corum
1133 2215 1334 2269 quolibet.
1397 2216 1560 2256 Verum

102 2288 192 2326 tam
223 2284 434 2325 delectum
462 2284 669 2338 ejusmodi
700 2284 1048 2337 ingredientium,
1076 2298 1202 2337 quam
1233 2283 1436 2324 formulas
1469 2283 1560 2337 qui-

101 2351 182 2392 bus
211 2352 447 2392 exhibenda
475 2357 587 2402 sunt,
610 2352 811 2405 prudenti
839 2351 1009 2392 Medico
1037 2352 1187 2391 lubens
1214 2352 1431 2405 relinquo;
1464 2365 1562 2391 cum

104 2434 326 2472 nunquam
352 2434 421 2460 me
445 2420 569 2461 officii
590 2434 679 2461 esse
707 2420 900 2460 duxerim
922 2421 1147 2472 receptulas
1172 2422 1235 2472 (ut
1256 2421 1436 2472 vocant)
1463 2434 1561 2459 con-

105 2487 299 2536 scribere,
328 2494 371 2528 at
401 2488 541 2541 potius
571 2503 689 2529 veras
719 2488 999 2529 indicationes
1036 2494 1183 2528 notare
1215 2488 1268 2528 ad
1304 2503 1406 2541 quas
1442 2502 1560 2529 clua-

105 2556 244 2597 tioncs
285 2561 385 2596 sunt
427 2557 694 2610 dirigendae:
740 2557 852 2611 quod
892 2571 989 2597 cum
1029 2557 1171 2596 minus
1212 2556 1468 2608 observetur,
1511 2572 1562 2598 ex

104 2624 205 2665 hinc
242 2626 304 2678 (ut
333 2624 432 2665 alibi
468 2625 790 2678 [Obse7·v.211ecl.
824 2640 861 2665 v.
897 2625 936 2664 6.
972 2625 1031 2678 8.]
1073 2625 1187 2678 dixi,)
1225 2624 1433 2679 empiricis
1461 2640 1564 2666 ansa

106 2691 206 2733 data
227 2697 291 2732 est
313 2697 360 2733 ut
382 2706 424 2732 se
445 2692 563 2733 Artis
585 2692 779 2733 Mcdicae
800 2692 1008 2746 principes
1025 2693 1201 2745 jactent.

162 2760 460 2801 Veruntamen
487 2766 689 2814 tyronum
719 2761 855 2814 gratia
878 2761 1114 2801 rcmcdium
1143 2775 1225 2814 quo
1253 2775 1331 2814 ego
1362 2761 1427 2802 uti
1451 2762 1563 2802 solco

105 2828 152 2869 in
171 2829 360 2871 medium
380 2829 603 2884 proferam,
626 2829 739 2884 quod
760 2829 813 2869 ad
833 2829 948 2869 hunc
968 2829 1144 2870 modum
1166 2830 1434 2884 componitur
1448 2847 1516 2871 :-

477 2915 489 2933 ¹¹
516 2914 724 2955 [ministrant]
745 2915 795 2944 Sic
813 2914 881 2945 cdd.
899 2920 1028 2951 recent„
1046 2925 1106 2945 om.
1126 2915 1200 2954 syd.

803 2970 867 3008 31
