1985 3308
431 159 487 198 80
847 155 1103 197 THOMAE
1137 154 1480 196 SYDENHAM

246 274 392 347 1133}ss
435 268 576 305 autem
597 277 646 304 ac
677 263 916 308 dixitiarum
953 263 1081 316 longe
1101 261 1237 303 minor
1251 261 1362 315 apud
1391 260 1543 316 probos
1568 260 1677 300 ratio
1707 260 1891 302 habetur

434 347 557 387 quam
577 331 748 373 virtutis
770 336 812 372 et
834 331 1079 384 sapientiae.

496 400 605 454 [29]
623 400 635 422 t
666 398 996 442 Quantumlibet
1018 402 1162 439 autem
1189 397 1319 438 fuerit
1347 396 1517 438 difficile
1545 395 1891 437 lutei-mittentes

231 460 366 519 Imm-v
431 469 508 510 has
543 467 830 509 Autumnales
866 471 981 507 certo
1016 466 1178 520 fugare,
1214 465 1382 506 tradam
1422 471 1569 506 tamen
1602 464 1802 518 quicquid
1838 463 1893 505 ad

231 512 412 577 {iginii-u-
432 535 665 577 earundem
686 534 951 575 curationem
972 547 1072 586 prae
1092 532 1265 585 reliquis
1285 532 1422 573 facere
1443 532 1548 573 mihi
1570 532 1708 572 visum
1729 536 1808 572 est.

229 359 413 390 Ars-sonum

251 402 387 434 ’61-’64.

230 597 401 662 ἶῗζζῗζυ-
493 603 885 644 Intermittentium
917 601 1248 642 Autumnalium
1284 600 1548 641 curationem
1580 614 1669 641 non
1703 599 1794 640 sine
1826 599 1895 640 in-

232 684 348 724 R-{Up-
436 671 555 726 genti
590 671 831 712 discrimine
867 684 941 724 per
975 669 1189 710 catharsin
1221 668 1392 718 tentari,
1430 668 1528 720 (nisi
1557 682 1607 709 eo
1638 682 1766 722 quem
1794 682 1894 709 mox

232 734 405 806 thliarsig,
437 740 625 780 dicemus
639 738 765 779 modo
778 737 1059 789 instituatur,)
1077 735 1326 788 praesertim
1339 749 1436 775 vero
1451 749 1526 788 per
1545 735 1895 788 phlebotomiam,

230 776 416 849 i2l1821¹llli⁰⁰
436 806 652 860 frequenti
685 806 812 846 nimis
850 804 1142 845 observatione
1173 803 1263 856 jam
1296 803 1398 843 olim
1431 802 1571 842 didici.
1633 803 1809 844 Etenim
1846 803 1895 844 in

229 862 393 941 {ssssss‘t‘anJ‘
437 874 646 915 Tertianis
657 873 854 926 (maxime
869 873 903 913 si
917 886 966 913 ea
979 872 1229 913 constitutio
1243 870 1474 911 admodum
1486 870 1615 911 fuerit
1629 870 1891 925 epidemica,)

230 946 416 987 praesertim
434 942 513 982 hac
533 940 735 982 methodo
752 940 965 990 sanandis,
982 940 1066 979 nisi
1087 939 1288 992 Chirurgi
1310 938 1518 992 gladiolus
1535 938 1683 979 eodem
1702 938 1792 980 ictu
1809 953 1893 993 quo

232 999 305 1019 vero
320 988 411 1029 phle-
434 1023 586 1050 venam
602 1008 823 1062 pertundit
837 1007 973 1061 ipsam
987 1007 1116 1048 etiam
1129 1006 1310 1047 Febrem
1324 1005 1551 1056 confodiat,
1569 1005 1706 1048 dictae
1722 1007 1894 1058 Febres,

232 1031 382 1066 botomia,

231 1075 263 1104 1¹¹
282 1074 384 1104 [nter-
435 1077 565 1118 etiam
586 1077 632 1117 in
651 1076 938 1130 vegetioribus
961 1081 1003 1117 ct
1025 1075 1226 1116 athletice
1248 1079 1415 1115 caetera
1433 1074 1687 1125 valentibus,
1705 1089 1792 1116 non
1812 1075 1897 1116 nisi

230 1123 387 1189 ffiisstgntil
435 1147 563 1199 longo
584 1145 787 1199 temporis
807 1148 950 1185 tractu
981 1144 1215 1198 expugnari
1237 1157 1281 1184 se
1307 1143 1546 1197 patiuntur.
1606 1143 1662 1184 In
1687 1144 1895 1197 provecti-

231 1202 418 1276 ἱῖζᾛζῖἣω
437 1214 579 1255 oribus
601 1218 746 1254 autem
768 1212 984 1253 diutinum
1006 1211 1153 1253 Febris
1175 1211 1411 1252 cruciatum
1431 1211 1608 1252 tandem
1629 1211 1759 1252 etiam
1781 1226 1897 1253 mors

232 1257 377 1320 nocent.q
437 1282 614 1336 excepit,
648 1296 776 1335 quam
811 1294 911 1335 prae
951 1280 1111 1321 foribus
1143 1280 1233 1333 jam
1266 1293 1356 1320 esse
1390 1279 1506 1320 haud
1539 1293 1635 1320 raro
1666 1280 1898 1321 denunciat

442 1350 604 1392 lethalis
636 1350 711 1390 illa
744 1349 1013 1390 tonsillarum
1044 1347 1338 1398 inflammatio,
1367 1347 1487 1401 cujus
1514 1347 1691 1388 fecimus
1734 1348 1778 1403 [ξ
1809 1348 1897 1403 12.]

438 1418 716 1459 mentionem.
778 1417 901 1457 Adde
924 1416 1036 1470 quod
1056 1415 1339 1457 venae-sectio
1361 1415 1443 1455 alia
1464 1415 1591 1455 etiam
1614 1420 1900 1469 symptomata

439 1485 512 1526 illa
527 1485 736 1526 maturius
753 1485 981 1535 accersivit,
998 1498 1104 1538 quae
1126 1484 1282 1525 Febres
1298 1483 1584 1524 Autumnales
1600 1483 1899 1525 Intermitten-

438 1558 504 1594 tes
518 1554 564 1593 in
581 1557 698 1593 statu
714 1553 1008 1593 declinationis
1021 1552 1087 1593 vel
1100 1552 1291 1593 comitari
1309 1551 1578 1602 diximus‚vel
1594 1566 1618 1592 a
1630 1555 1751 1605 tergo
1767 1551 1899 1606 sequi.

444 1621 739 1663 Quartanariis
767 1634 864 1661 vero
894 1621 941 1660 in
968 1625 1139 1661 tantum
1166 1619 1285 1660 obest
1312 1619 1613 1673 phlebotomia,
1635 1623 1685 1660 ut
1707 1619 1899 1673 juvenes,

444 1689 516 1742 qui
537 1704 561 1729 a
581 1688 729 1729 morbo
751 1689 852 1729 alias
883 1689 998 1729 intra
1021 1702 1093 1728 sex
1120 1702 1287 1728 menses
1315 1687 1495 1727 fuissent
1522 1687 1705 1737 liberati,
1727 1700 1803 1741 per
1830 1701 1902 1728 sex

444 1757 582 1798 adhuc
619 1757 721 1797 alios
754 1756 805 1797 ab
838 1756 987 1797 eodem
1018 1756 1316 1796 detineantur:
1355 1759 1576 1808 aetateque
1606 1755 1901 1808 provectiores,

444 1824 529 1878 qui,
569 1824 652 1864 nisi
693 1824 948 1877 sanguinem
989 1823 1284 1874 detraxissent,
1326 1822 1441 1863 intra
1491 1836 1654 1862 annum
1702 1827 1903 1876 poterant

444 1892 596 1942 sanari,
618 1891 817 1932 morbum
849 1891 978 1932 etiam
1005 1891 1119 1932 ultra
1148 1895 1308 1931 statum
1338 1889 1445 1930 illud
1465 1895 1634 1943 tempus
1663 1890 1774 1930 alere
1794 1890 1904 1944 peri-

444 1959 660 2009 clitantur,
687 1973 735 2000 ac
757 1959 939 2012 denique
967 1958 1020 2000 ab
1049 1958 1196 1999 eodem
1224 1958 1325 1998 victi
1350 1957 1637 1999 succumbere.
1700 1957 1821 1999 Quae
1852 1958 1905 1999 de

443 2027 784 2068 venae-sectione
819 2028 910 2082 jam
951 2027 1050 2078 dixi,
1086 2027 1168 2067 levi
1209 2040 1335 2080 opera
1377 2026 1430 2067 ad
1471 2025 1687 2067 catharsin
1725 2030 1905 2080 possunt

487 2168 496 2186 ⁸
518 2169 551 2206 ἓξ
573 2167 699 2197 29—35
723 2176 785 2196 om.
809 2167 878 2198 edd.
896 2167 958 2203 ⁸66,
976 2167 1039 2203 ⁵68,
1065 2175 1143 2206 quo—

1204 2170 1292 2196 caute
1315 2167 1464 2202 adhibita,
1495 2167 1659 2205 aliquando
1686 2164 1845 2204 profuisse,
1875 2172 1906 2196 et

444 2219 517 2239 rum
542 2211 574 2239 in
598 2209 668 2239 loco
692 2210 771 2239 haec
799 2220 879 2249 quae
904 2215 1147 2249 sequuntur:—
1200 2219 1395 2248 pararysrnos
1417 2210 1532 2238 omnino
1563 2209 1740 2242 sustulisse,·
1769 2211 1906 2248 inprimis

445 2254 567 2282 Interea
590 2254 741 2291 temporis,
758 2263 812 2291 ego
836 2264 895 2282 rem
917 2254 999 2282 illam
1024 2258 1055 2281 ut
1071 2254 1147 2281 satis

446 2297 596 2333 difficilem
612 2297 754 2331 arbitror,
772 2297 817 2325 ita
837 2297 927 2325 etiam
947 2296 1147 2334 periculosam

446 2348 508 2367 esse
532 2349 588 2367 non
614 2340 726 2368 dubito.
776 2337 871 2376 Cujus
898 2340 942 2367 rei
968 2339 1148 2367 luculentum

447 2382 609 2419 ammplam
626 2382 776 2419 apuli-ere
789 2382 840 2409 illo
855 2391 938 2419 quem
951 2379 1149 2409 Jesuitarum

447 2425 612 2461 appellant,
636 2434 749 2452 sumere
773 2424 852 2452 licet.
903 2424 1043 2455 Quamvis
1073 2424 1150 2451 enim

443 2467 578 2503 pulveris
592 2467 674 2495 illius
685 2463 1003 2503 usufermentationem
1014 2466 1055 2495 ad
1062 2475 1152 2503 prae-

447 2518 513 2537 sens
529 2510 661 2538 inhibere
673 2510 829 2546 possimus,
844 2510 970 2537 materia
985 2513 1080 2537 tamen
1092 2509 1147 2537 ad-

448 2551 505 2579 leuc
526 2552 657 2586 residua,
681 2562 756 2590 quae
771 2548 984 2588 fermentando
1005 2552 1150 2588 dissipari

447 2594 544 2627 debet,
562 2595 642 2623 intra
665 2595 750 2623 breve
766 2595 905 2631 temporis
925 2595 1055 2631 spatium
1073 2595 1150 2622 vires

448 2645 518 2663 suas
534 2637 732 2675 redintegrat,
751 2646 910 2675 novumque
923 2637 1028 2665 bellum
1046 2636 1148 2664 IVatu-

448 2687 501 2706 rae
518 2679 633 2707 indicit.
680 2679 759 2707 Nori
776 2680 961 2710 Quartanam
971 2689 1028 2716 per
1037 2679 1151 2716 aliquot

450 2730 541 2748 annos
553 2721 687 2755 durasse,
698 2722 766 2750 dum
778 2720 868 2759 hujus
876 2722 1009 2759 pulveris
1023 2722 1150 2759 repetito

450 2771 503 2789 usu
519 2764 643 2791 subinde
659 2765 914 2792 interturbaretur
926 2775 935 2792 .·
959 2765 1046 2792 immo
1063 2773 1149 2802 quos-

449 2804 518 2832 dam
537 2806 635 2841 pun-is
648 2806 708 2841 ille,
726 2807 895 2835 immediate
915 2810 985 2835 ante
1002 2816 1149 2845 paroxys-

450 2856 527 2873 mum
538 2848 696 2882 esliibitus,
708 2858 723 2876 e
734 2850 795 2877 vita
806 2849 948 2881 sustulit,·
965 2850 1021 2877 etsi
1034 2849 1150 2886 inficias

451 2889 496 2916 ire
512 2889 600 2916 nolim
622 2889 790 2927 lmjusmvdi
813 2892 1025 2920 medicamenta
1043 2893 1072 2919 in
1090 2891 1147 2919 Fe-

451 2930 547 2958 brium
577 2933 680 2960 harum
711 2933 907 2962 declinatione
930 2935 1095 2971 prudenter
1121 2937 1150 2962 et

1206 2262 1281 2286 vero,
1313 2253 1339 2280 si
1367 2256 1541 2289 tempestate
1568 2252 1667 2290 quoad
1695 2253 1767 2280 istos
1793 2254 1907 2281 morbos

1206 2296 1303 2323 minas
1312 2295 1475 2332 epidemica
1488 2298 1678 2332 usurpentur.
1708 2294 1907 2324 Veruntamen

1207 2338 1324 2366 etiamsi
1340 2346 1376 2365 ea*
1393 2338 1430 2365 iis
1446 2346 1522 2375 quae
1534 2346 1610 2365 nunc
1626 2339 1841 2373 annotavimus,
1857 2339 1908 2366 vix

1208 2380 1311 2417 alityua
1334 2389 1400 2416 spes
1424 2380 1567 2407 sanitatis
1588 2389 1678 2418 ocyus
1703 2381 1907 2409 restituendae

1210 2422 1292 2451 nobis
1313 2421 1459 2460 affulgeat
1471 2433 1481 2454 ,·
1509 2421 1628 2450 Medico
1652 2426 1748 2451 tamen
1772 2423 1857 2451 docto
1878 2427 1908 2451 et

1209 2466 1315 2503 sagaci
1325 2465 1403 2493 locus
1416 2465 1606 2502 relinquitur,
1621 2466 1673 2502 qui
1684 2466 1842 2504 sanguinis
1853 2466 1906 2494 de·

1210 2508 1301 2536 bitom
1325 2507 1549 2544 depurationem
1571 2511 1722 2545 procuret,
1746 2517 1802 2546 quo
1826 2509 1908 2537 intra

1191 2551 1318 2579 limites
1339 2560 1357 2577 a
1374 2549 1498 2578 Natura
1519 2550 1654 2586 definitos
1674 2560 1709 2579 ea
1727 2554 1907 2589 peragatur,

1209 2597 1298 2630 atque
1313 2593 1402 2621 etiam
1420 2599 1452 2620 ut
1467 2593 1714 2631 symptomatibus
1726 2593 1788 2621 illis
1803 2603 1906 2622 occur-

1210 2639 1268 2670 rat,
1285 2645 1360 2673 quae
1385 2636 1414 2663 in
1438 2635 1490 2663 hoc
1511 2635 1608 2663 morbo
1629 2636 1800 2674 contingere
1814 2636 1909 2664 solent

1209 2688 1245 2707 ac
1260 2678 1458 2715 supervenire.
1506 2678 1552 2706 De
1568 2678 1624 2706 hac
1640 2688 1671 2707 re
1687 2679 1784 2716 igitur
1799 2679 1908 2716 paucis

1210 2725 1239 2749 et
1266 2724 1411 2759 quatenus
1428 2720 1510 2748 illius
1533 2724 1643 2749 natura
1655 2718 1723 2758 sert
1739 2720 1908 2749 brevissime

1210 2764 1307 2792 dicam
1321 2774 1331 2796 ;
1368 2766 1526 2800 utrumque
1553 2772 1649 2801 genus
1683 2763 1785 2792 eadem
1818 2773 1908 2800 opera

1211 2806 1387 2843 comples-us,
1418 2806 1496 2843 quod
1523 2806 1625 2834 eadem
1649 2802 1721 2842 sere
1750 2805 1909 2834 medicatio

1208 2850 1327 2886 utrique
1349 2846 1529 2885 (Tertianae
1550 2848 1675 2883 scilicet,
1692 2851 1782 2886 atque
1807 2848 1906 2880 Quar-

1210 2890 1326 2927 πωπω)
1343 2891 1506 2919 conveniat.
