1985 3308
457 131 785 174 SCHEDULA
814 130 1168 173 MONITORIA
1198 131 1235 172 Ι.
1487 133 1573 173 489

114 240 284 294 quando
310 240 529 291 recedunt,
553 239 840 294 squammulas
861 239 963 280 istas
984 238 1244 280 furfuraceas
1266 251 1373 292 quae
1393 237 1439 278 in
1460 252 1570 279 mor·
1589 247 1774 279 DnNovAn

112 309 225 350 billis
251 315 486 351 cernuntur
505 309 622 350 haud
647 309 920 363 relinquunt:
952 308 1051 349 licet
1077 309 1157 348 hae
1188 311 1338 361 sponte
1367 320 1444 347 sua
1462 321 1568 348 non-
1588 291 1772 364 Ῑξέξὲζζυ

111 391 334 431 nunquam
366 379 582 432 ingruant,
618 377 782 431 saepius
813 382 960 418 tamen
990 377 1090 417 lecti
1123 376 1260 416 calore
1293 380 1335 416 et
1368 374 1570 415 cardiacis
1695 376 1763 380 ‘-

111 450 431 499 extorquentur.
493 446 662 499 Lingua
683 445 810 499 aegri,
834 459 910 499 pro
933 444 1098 486 ratione
1119 443 1314 498 imperati
1333 442 1569 496 regiminis,

110 513 176 554 vel
205 514 381 554 humida
411 518 474 555 est
504 515 570 555 vel
601 515 731 555 sicca:
768 514 843 554 ubi
870 513 1088 563 inaruerit,
1117 513 1226 553 fusci
1250 516 1314 552 θεῖ
1345 510 1494 552 coloris
1525 510 1572 550 111

109 581 262 632 medio,
296 597 424 635 quam
463 587 629 636 partem
671 582 859 636 undique
900 582 1033 635 cingit
1073 581 1241 622 fimbria
1278 579 1543 620 inalbescens
1557 594 1569 628 3

109 648 184 689 ubi
215 663 313 690 vero
345 649 522 690 humida
554 655 618 690 θεῖ
644 650 805 703 lingua,
837 650 954 690 omni
986 663 1037 690 ex
1066 654 1186 703 parte
1217 647 1312 689 alba
1342 652 1419 698 est,
1451 646 1570 700 pelli-

109 716 205 757 cula
228 716 332 757 item
365 717 511 758 scabra
539 722 581 757 et
614 717 710 758 alba
738 718 915 758 vestita:
947 731 1048 758 nam
1079 717 1114 757 si
1144 731 1269 770 aeger
1295 716 1346 757 ab
1379 714 1570 756 adhibito

107 784 314 838 regimine
334 785 430 838 plus
447 785 563 839 justo
584 785 825 836 incalescat,
846 786 995 839 lingua
1019 786 1105 826 fere
1134 790 1197 826 est
1223 785 1341 826 fusca
1362 788 1404 825 et
1426 783 1544 824 arida
1555 799 1568 833 ;

108 852 174 892 sin
203 852 358 903 minus,
380 852 557 893 humida
581 858 645 893 est
676 858 718 894 et
750 853 857 894 alba.
920 853 1042 894 Idem
1074 853 1125 894 de
1157 853 1308 894 sudore
1340 851 1569 893 dicendum

108 926 185 972 est,
208 921 280 974 qui
299 935 375 974 pro
402 921 567 962 ratione
597 921 751 962 diversi
777 921 995 975 regiminis
1021 921 1199 975 praefati
1221 922 1434 962 dimanat:
1466 933 1568 960 nam

107 989 144 1029 si
175 989 350 1029 calidius
385 994 594 1030 tractetur
627 1004 764 1043 aeger,
797 990 930 1031 ferme
962 990 1147 1031 viscosus
1183 990 1328 1040 effluit,
1363 1003 1385 1030 e
1419 987 1567 1042 capitis

106 1057 355 1110 praesertim
375 1057 561 1111 regione.
615 1057 901 1099 Quantumvis
923 1064 1068 1099 autem
1090 1058 1217 1099 sudor
1238 1058 1402 1112 copiose
1423 1061 1465 1097 et
1486 1070 1567 1096 un-

107 1124 328 1179 dequaque
356 1132 565 1180 erumpat,
587 1141 739 1180 parum
766 1131 913 1168 tamen
941 1141 992 1167 ex
1020 1141 1068 1168 eo
1100 1127 1319 1167 levaminis
1349 1125 1477 1166 sentit
1499 1138 1567 1165 ae-

107 1206 182 1247 ger
193 1210 206 1244 ,-
237 1193 353 1234 unde
374 1194 508 1248 liquet
526 1195 735 1249 ejusmodi
757 1195 929 1236 sudores
952 1195 1296 1250 symptomaticos
1317 1199 1488 1235 tantum
1505 1207 1567 1233 es-

107 1274 164 1311 se,
182 1261 348 1302 criticos
369 1276 458 1303 non
475 1276 578 1303 esse.
611 1263 765 1304 Primis
785 1263 922 1305 morbi
940 1264 1101 1314 diebus,
1119 1263 1283 1304 sudoris
1301 1277 1351 1304 ex
1367 1268 1456 1303 arte
1472 1276 1567 1316 pro-

106 1328 270 1369 vocatio
295 1329 519 1370 materiam
547 1330 812 1372 morbificam
841 1331 875 1371 si
901 1345 989 1372 non
1015 1331 1063 1371 in
1090 1330 1403 1384 caput‚saltcm
1429 1329 1476 1369 in
1503 1343 1567 1369 ar-

106 1400 190 1446 tus,
214 1395 376 1436 solebat
398 1396 610 1450 deponere
623 1415 635 1448 5
668 1404 711 1439 at
735 1399 811 1439 ubi
833 1400 923 1453 jam
945 1405 1072 1453 caput
1098 1399 1246 1440 Febris
1271 1398 1502 1451 occupavit,
1525 1403 1568 1438 et

104 1464 325 1518 phrenesis
363 1466 494 1506 semel
533 1467 726 1519 invaluit,
763 1469 882 1510 nulla
919 1473 1083 1509 restant
1118 1468 1247 1509 febris
1282 1467 1451 1518 indicia,
1486 1467 1568 1508 111ε1

105 1533 219 1586 quod
251 1533 399 1587 pulsus
431 1548 548 1575 1111110
575 1535 742 1577 citatior
773 1541 850 1587 est,
883 1551 1000 1578 nunc
1032 1536 1193 1577 tardior
1205 1553 1217 1586 3
1248 1535 1424 1577 tandem
1456 1549 1566 1585 vero,

105 1615 204 1642 cum
228 1615 280 1642 ex
311 1615 357 1642 re
381 1603 493 1643 male
525 1608 646 1657 gesta
676 1605 847 1659 spiritus
877 1605 924 1647 in
957 1605 1249 1646 confusionem
1279 1604 1569 1645 omnimodam

104 1670 346 1725 adigantur,
362 1673 510 1726 pulsus
532 1673 800 1714 inordinatus
822 1688 920 1715 cum
941 1674 1139 1715 subsultu
1158 1673 1448 1715 membrorum
1470 1673 1567 1714 sub-

103 1738 356 1793 ingreditur,
381 1755 508 1795 quem
528 1755 616 1782 non
637 1741 697 1782 ita
718 1742 792 1782 diu
811 1747 907 1797 post
928 1757 1040 1783 mors
1062 1742 1229 1796 excipit.

169 1808 249 1862 [6.]
289 1809 565 1850 Curationem
594 1810 706 1863 quod
733 1815 908 1864 spectat,
929 1811 1011 1852 ista
1042 1811 1418 1866 peripneumonjae
1446 1811 1569 1864 signa

105 1892 212 1933 quae
244 1878 356 1919 hanc
391 1878 571 1920 Febrem
608 1879 924 1920 comitabantur
963 1880 1196 1921 Februario
1227 1880 1300 1920 illo
1335 1879 1438 1920 anni
1472 1893 1566 1933 pos-

102 1947 231 1987 tremi
253 1959 335 2000 quo
365 1946 550 2000 primum
576 1946 832 2000 emergebat,
855 1948 1000 1988 statim
1030 1948 1082 1988 ab
1110 1948 1274 2003 hyemis
1300 1948 1417 1989 exitu
1438 1948 1566 1988 fidem

107 2016 190 2069 (uti
220 2016 335 2069 dixi)
368 2016 474 2056 mihi
505 2016 655 2066 fecere,
685 2030 779 2057 cam
810 2030 981 2070 prorsus
1013 2016 1060 2056 111
1086 2017 1567 2070 Peripneumonicarum

103 2084 264 2125 familia
296 2083 553 2125 censendam
587 2098 700 2134 esse3
752 2098 799 2124 ac
829 2084 1008 2138 proinde
1042 2099 1111 2125 me
1143 2085 1288 2126 statim
1318 2085 1482 2126 contuli
1513 2084 1567 2125 ad

102 2168 230 2194 usum
261 2153 454 2194 methodi
492 2153 615 2193 istius
657 2167 784 2206 quam
825 2153 925 2193 olim
965 2153 1234 2194 laudaveram
1265 2154 1312 2194 111
1347 2154 1565 2196 curatione

103 2222 485 2278 Peripneumoniae
507 2222 692 2272 Nothae,
715 2228 757 2262 et
778 2222 983 2263 Auctario
1005 2237 1131 2276 supra
1150 2228 1397 2264 memorato.
1443 2223 1564 2265 Quae

104 2293 275 2347 quidem
307 2291 535 2333 methodus
568 2291 669 2332 satis
701 2291 878 2332 feliciter
910 2292 1046 2342 cessit,
1080 2297 1176 2332 tum
1207 2291 1312 2332 mihi
1343 2292 1389 2332 in
1419 2292 1562 2346 paucis

101 2361 185 2401 illis
207 2360 358 2415 quibus
379 2359 641 2400 medicandis
665 2374 741 2413 per
768 2360 987 2400 adversam
1015 2361 1304 2401 valetudinem
1334 2374 1473 2401 meam
1493 2360 1563 2401 vix

103 2427 374 2478 sufficiebam,
395 2433 490 2468 tum
518 2428 648 2469 etiam
673 2428 765 2469 aliis
795 2429 867 2482 qui
892 2430 975 2481 (me
1006 2429 1212 2481 authore,)
1239 2429 1418 2469 eandem
1439 2443 1561 2482 expe-

103 2499 178 2539 riri
208 2497 325 2539 haud
356 2498 706 2552 aspernabantur.
769 2498 984 2553 Quicquid
1015 2513 1113 2540 vero
1148 2499 1192 2540 id
1227 2499 1400 2540 demum
1432 2499 1562 2540 fuerit

103 2567 215 2622 quod
242 2567 353 2607 hanc
379 2567 484 2606 mihi
507 2567 757 2608 methodum
785 2567 995 2618 suaderet,
1012 2567 1103 2621 jam
1123 2567 1230 2607 mihi
1251 2567 1351 2607 satis
1373 2581 1560 2621 comper·
1579 2581 1640 2612 Est
1657 2592 1736 2613 non-

101 2639 197 2675 tum
221 2639 297 2684 est,
327 2634 496 2688 quando
529 2639 571 2676 et
604 2635 741 2676 morbi
772 2635 1080 2689 phaenomena,
1113 2640 1155 2676 et
1182 2635 1323 2676 ultimi
1354 2635 1456 2676 anni
1488 2636 1560 2690 qui
1575 2625 1740 2707 gigissiiiiss

101 2702 223 2743 binas
272 2702 549 2756 rigidissimas
599 2703 772 2758 hyemes
817 2705 981 2758 excepit
1029 2705 1246 2759 perpendo
1294 2705 1557 2759 temperiem,
1575 2711 1684 2750 guinis
1700 2712 1749 2761 ix}-

105 2770 285 2825 (hyemis
312 2771 574 2825 praesertim,
607 2771 642 2812 si
665 2772 791 2813 modo
818 2774 956 2825 hyems
983 2773 1066 2814 dici
1097 2773 1229 2826 possit
1258 2787 1365 2827 quae
1391 2773 1559 2815 nullum
1576 2753 1761 2837 ggngffssff’

100 2839 235 2895 frigus
254 2841 443 2881 notabile
469 2855 612 2882 secum
641 2841 846 2894 adduxit)
871 2842 976 2882 mihi
1001 2842 1220 2896 (inquam,)
1245 2847 1425 2894 constat,
1447 2842 1558 2884 hanc
1575 2839 1745 2871 indicatio-

102 2907 281 2950 Febrem
303 2909 409 2949 nihil
431 2923 519 2950 esse
542 2909 657 2950 aliud
679 2924 804 2963 quam
827 2909 1058 2964 simplicem
1081 2910 1301 2964 sanguinis
1320 2911 1556 2952 inflamma·
1574 2892 1632 2955 ¹3}ss
1641 2889 1760 2956 cciiii-n-

788 2980 812 3018 3
838 2993 864 3018 R
1574 2969 1704 3008 gendae.
