1985 3308
394 138 792 180 DISSERTATIO
823 137 1230 179 EPISTOLARIS.
1457 143 1537 181 391

83 245 290 299 potuisset
317 244 481 286 adduci.
544 244 762 298 Rogabam
789 250 933 285 autem
959 249 1008 285 ut
1030 245 1218 298 quotidie
1244 245 1288 285 in
1316 260 1364 286 eo
1390 248 1540 300 persis-
1585 258 1637 288 Dn
1656 259 1722 289 Απ-

80 317 191 354 teret
216 313 349 355 donec
376 328 426 355 ex
454 313 584 354 animi
611 313 824 354 sententia
851 313 1159 354 convalesceret
1172 331 1183 363 3
1217 315 1377 368 majora
1403 315 1540 356 indies
1563 302 1744 374 FssfffffJgJJ

83 381 219 434 spatia
259 381 468 434 gradatim
501 382 743 431 conficiens,
775 381 909 421 donec
944 381 1119 422 tandem
1156 382 1209 422 ad
1243 386 1308 423 tot
1344 382 1541 423 milliaria

85 448 344 497 ascenderet,
364 454 466 502 quot
487 464 573 489 uno
595 449 661 490 die
682 454 935 502 percurrunt
950 449 1245 502 prudentiores
1268 463 1315 490 ac
1337 449 1544 490 moderati

83 515 275 566 viatores,
304 516 375 569 qui
402 517 484 557 iter
510 516 825 569 longiusculum
849 516 1007 570 negotii
1035 517 1212 570 alicujus
1241 518 1378 570 gratia
1405 531 1543 558 susce-

83 592 263 643 perunt3
299 589 418 629 nullo
448 590 621 630 interim
653 590 737 630 sive
769 589 822 630 ad
852 589 979 640 cibos,
1002 590 1087 631 sive
1114 594 1276 644 potum,
1299 591 1383 631 sive
1414 591 1542 632 etiam

84 656 190 697 aeris
217 657 479 709 temperiem,
502 662 696 710 respectu
723 657 883 707 habito,
906 657 979 698 sed
1010 658 1078 711 (ad
1105 658 1240 699 instar
1267 658 1537 711 itinerantis,)

83 724 239 774 omnia,
265 729 392 777 prout
418 725 504 765 fors
533 725 709 775 dederit,
736 725 960 778 exciperet.
1021 726 1090 767 Ne
1120 726 1286 780 longior
1312 727 1404 777 sim,
1432 727 1542 769 hanc

80 791 151 832 ille
178 791 285 831 viam
309 791 494 841 incessit,
516 791 731 844 productis
760 792 970 845 gradatim
996 793 1199 834 itinerum
1227 794 1384 847 spatiis,
1408 795 1542 836 donec

80 859 255 900 tandem
289 859 340 900 ad
376 860 635 911 vicesimum,
668 861 753 901 imo
794 860 847 900 ad
877 861 1139 902 tricesimum
1180 876 1325 916 usque,
1357 863 1541 917 lapidem

81 927 268 981 quotidie
303 932 564 968 vectaretur:
609 941 789 981 cumque
826 942 869 968 se
905 928 1031 981 longe
1067 929 1217 970 melius
1257 930 1413 971 habere
1449 936 1542 984 post

79 995 280 1049 pauculos
309 995 398 1036 dies
426 996 699 1050 experiretur,
726 997 815 1050 ipso
843 997 905 1036 rei
933 1001 1085 1037 eventu
1110 1012 1218 1051 pene
1243 999 1427 1039 mirabili
1453 1001 1540 1040 ani-

80 1067 233 1113 matus,
262 1064 307 1103 111
339 1064 487 1105 eodem
518 1078 643 1104 cursu
675 1063 728 1104 ad
767 1078 934 1104 menses
976 1065 1320 1118 aliquammultos
1352 1081 1540 1120 persevc-

80 1131 226 1181 rabat3
274 1146 356 1185 quo
390 1132 593 1186 temporis
629 1133 764 1186 spatio
801 1133 923 1186 plura
962 1133 1207 1174 milliarium
1243 1135 1375 1175 millia
1413 1136 1541 1189 (quod

79 1198 168 1252 ipse
199 1199 302 1239 mihi
338 1199 568 1252 narrabat,)
605 1214 800 1240 emensus
835 1204 911 1250 est,
945 1199 1078 1240 donec
1112 1201 1286 1241 tandem
1318 1216 1406 1242 non
1441 1217 1539 1244 con-

79 1266 257 1307 valuerit
284 1267 422 1316 modo,
449 1267 523 1307 sed
553 1268 652 1308 satis
681 1267 864 1308 validum
892 1267 1020 1307 etiam
1048 1273 1329 1322 vegetumque
1357 1272 1540 1324 corporis

78 1334 274 1376 habitum
295 1336 423 1376 fuerit
443 1335 656 1389 indeptus.

143 1403 280 1456 [118.]
309 1403 461 1456 Neque
482 1402 618 1456 magis
641 1402 1034 1455 Hypochondriacis
1055 1403 1226 1456 prodest
1248 1403 1328 1444 hoe
1350 1405 1538 1445 exercitii
1557 1419 1625 1451 Nec
1641 1422 1744 1464 inHy.

79 1484 225 1524 genuS‚
262 1484 388 1524 quam
423 1470 577 1511 tabidis
612 1470 954 1524 phthisicisque¹¹‚
989 1484 1168 1523 quorum
1202 1471 1398 1511 nonnulli
1432 1473 1539 1513 mihi
1555 1464 1747 1548 ξὲἓᾞῐῗέἐίῑς·

78 1539 285 1591 sanguine
308 1539 461 1593 juncti,
488 1539 673 1579 multum
698 1543 909 1579 terrarum
937 1552 1043 1591 equo
1070 1539 1236 1580 vectore
1263 1545 1538 1593 peragrantes
1556 1532 1746 1600 wamiam:-

78 1621 130 1648 ex
156 1622 251 1649 meo
279 1608 452 1649 consilio
481 1608 653 1648 sanitati
682 1611 781 1648 sunt
807 1607 995 1647 restituti
1007 1624 1019 1657 3
1051 1621 1149 1648 cum
1176 1612 1291 1648 certo
1316 1609 1444 1649 seiam
1470 1624 1539 1650 me
1554 1591 1752 1675 pigizsqpfflgm-

77 1676 144 1717 vel
177 1677 500 1717 medicamentis
532 1676 741 1730 quantivis
776 1676 915 1730 pretii,
948 1681 1021 1716 aut
1052 1675 1133 1716 alia
1167 1677 1381 1728 methodo,
1414 1693 1538 1732 quae·
1557 1686 1638 1748 plen?
1653 1678 1711 1751 (ξε-Ι

78 1758 245 1799 cunque
269 1745 442 1786 demum
472 1760 522 1787 ea
548 1745 689 1795 fuerit,
714 1744 823 1785 nihil
849 1745 984 1798 magis
1012 1744 1161 1785 iisdem
1188 1747 1389 1799 proficere
1416 1752 1539 1801 potu·
1556 1725 1745 1795 {utihatlizibgi

77 1812 172 1864 isse,
195 1828 322 1867 quam
349 1814 385 1854 si
408 1813 555 1853 multis
575 1812 712 1853 verbis
733 1812 928 1853 hortatus
948 1812 1113 1853 fueram
1134 1818 1182 1853 ut
1202 1819 1316 1855 recte
1336 1815 1537 1857 valerent.
1557 1804 1733 1888 ἓῖξίἓίξιζε

78 1879 231 1934 Neque
257 1881 304 1921 in
330 1880 554 1921 levioribus
582 1885 753 1921 tantum
780 1880 914 1930 malis,
937 1880 1085 1921 crebra
1105 1882 1212 1921 tussi
1240 1887 1283 1922 et
1303 1883 1438 1924 macie
1467 1885 1539 1925 sti·
1735 1874 1742 1881 ⁹

78 1947 201 2000 patis,
218 1947 263 1988 id
283 1947 517 1989 remedium
535 1947 733 1997 obtinuit,
751 1947 821 1988 sed
846 1952 888 1988 et
908 1948 954 1988 in
975 1948 1074 1988 tabe
1095 1953 1266 1989 tantum
1286 1965 1374 1991 non
1397 1951 1538 2005 deplo-

78 2020 183 2066 rata,
206 2015 279 2056 ubi
306 2016 528 2057 nocturnis
550 2015 774 2056 sudoribus
797 2016 888 2069 jam
909 2015 1037 2056 etiam
1065 2022 1296 2059 accesserat
1318 2019 1539 2061 diarrhoea

78 2084 162 2125 ista
188 2085 378 2139 superius
406 2084 531 2134 dicta,
558 2098 664 2137 quae
691 2084 851 2137 phthisi
880 2084 1081 2124 confectis
1109 2085 1256 2126 mortis
1282 2089 1537 2140 praenuntia
1556 2099 1644 2131 Inter

78 2151 185 2193 solet
206 2166 308 2202 esse,
328 2157 453 2206 atque
475 2152 580 2192 adeo
596 2156 643 2191 ut
659 2152 891 2204 plurimum
913 2151 1064 2192 ultima
1083 2166 1226 2193 rerum
1247 2153 1397 2196 linea0.
1431 2156 1535 2197 Ver·
1552 2142 1718 2224 {iirtfflsifsf's

78 2218 133 2260 bo
154 2219 341 2261 dicamp:
371 2225 748 2274 quantumcunque
770 2218 950 2259 exitiah's
971 2219 1152 2273 phthisis
1174 2225 1216 2262 et
1238 2221 1292 2262 sit
1313 2227 1355 2263 et
1378 2223 1534 2275 audiat,
1554 2227 1633 2276 duos
1649 2230 1713 2260 fere

83 2288 245 2341 (utpote
281 2303 364 2343 qua
397 2288 616 2329 intereunt
648 2287 730 2327 duo
761 2287 847 2328 fere
878 2287 1056 2328 trientes
1087 2302 1234 2329 eorum
1265 2304 1368 2344 quos
1399 2292 1537 2333 morbi
1549 2273 1688 2353 ξῗὲἓῗζῗ

79 2354 265 2396 chronici
301 2356 531 2409 jugulant,)
576 2355 654 2396 hoc
690 2359 835 2395 tamen
877 2360 1021 2396 sancte
1058 2370 1209 2407 assero,
1248 2358 1360 2411 quod
1398 2373 1536 2414 neque
1554 2365 1623 2414 Nec
1640 2377 1722 2416 mgr-

79 2424 311 2464 mercurius
340 2425 386 2464 in
412 2425 481 2465 lue
509 2438 700 2474 venerea,
723 2437 860 2477 neque
887 2428 1030 2464 cortex
1054 2425 1314 2466 Peruvianus
1340 2427 1386 2467 in
1406 2427 1535 2469 inter·
1552 2417 1718 2483 ἷέζᾞὲῃιὲ

81 2490 362 2541 mittentibus,
385 2492 635 2532 efficaciores
656 2496 815 2541 extent,
839 2506 965 2545 quam
995 2492 1040 2532 in
1067 2492 1228 2546 phthisi
1255 2495 1443 2536 curanda
1466 2510 1535 2537 ex·
1552 2503 1615 2531 ¹⁶³»
1631 2505 1690 2544 neg:

79 2558 271 2599 ercitium
288 2560 379 2613 jam
399 2560 619 2600 laudatum
633 2576 644 2610 ;
676 2559 803 2600 modo
825 2573 950 2613 aeger
965 2565 1084 2601 curet
1105 2566 1153 2601 ut
1168 2561 1417 2604 linteamina
1436 2563 1535 2606 lecti
1550 2541 1709 2611 icfftrgffrssiltn

77 2626 209 2679 probe
247 2626 408 2667 fuerint
443 2626 638 2678 arefacta,
670 2632 796 2680 atque
833 2628 962 2668 etiam
996 2632 1044 2668 ut
1080 2629 1180 2669 satis
1216 2629 1345 2684 longa
1382 2631 1536 2673 itinera
1553 2622 1695 2653 tentibus

80 2695 317 2735 emetiatur.
378 2696 586 2736 Attamen
612 2695 692 2736 hoc
713 2695 964 2746 notandum,
988 2696 1099 2750 quod
1119 2697 1229 2738 vitae
1253 2697 1390 2750 α’κμήν
1415 2714 1534 2754 prae·
1551 2663 1744 2757 {ffiffissores

77 2763 298 2816 tergressis
319 2763 454 2804 multo
479 2762 638 2803 diutius
665 2763 710 2802 in
730 2762 810 2803 hoc
837 2763 1035 2804 exercitio
1060 2764 1385 2818 persistendum,
1408 2783 1534 2822 quam
1550 2759 1737 2824 ἓξζᾞιζζῃ,

1552 2834 1591 2865 da
1608 2835 1730 2873 (obser-

122 2871 136 2885 n
161 2868 211 2898 Cf.
229 2870 364 2900 Process.
382 2871 443 2900 Int.
460 2880 488 2899 c.
504 2871 554 2906 58,
573 2870 623 2899 60.
881 2868 894 2886 Ρ
924 2872 943 2886 “
958 2870 1047 2900 Mors
1076 2871 1189 2902 ultima
1215 2872 1299 2903 linea
1322 2884 1428 2904 rerum
1453 2878 1532 2905 est.”

124 2914 137 2928 ⁰
164 2911 455 2952 Verbo—revertur]
475 2923 536 2944 om.
554 2913 601 2942 ed.
620 2913 680 2942 '82
840 2912 966 2950 (Horat.
987 2915 1084 2952 Epist.
1103 2915 1121 2944 i.
1144 2915 1189 2945 16.
1209 2915 1277 2954 79.)
