1985 3308
243 153 764 197 OBSERVATIONUM
796 152 1174 194 MEDICARUM
1207 157 1282 190 III.
1309 160 1339 191 3.
1439 154 1523 193 159

67 268 209 304 ortum
231 277 356 304 suum
373 261 525 302 debere
546 260 673 301 radiis
689 260 1027 300 inflammatoriis
1048 259 1093 299 in
1114 258 1320 299 intestina
1335 258 1521 308 inversis,
1565 269 1694 300 anms

67 336 194 385 atque
225 330 372 372 eadem
409 329 462 370 ad
493 328 782 382 expulsionem
818 328 928 368 hane
964 325 1298 375 solicitantibus3
1331 339 1428 366 cum
1458 325 1522 365 in-
1542 312 1723 385 AEN‘LNOTJJM

66 399 192 439 terim
209 397 427 451 sanguinis
444 410 582 436 massa
598 409 675 449 ope
690 395 818 449 hujus
836 394 1071 436 diverticuli
1088 408 1112 434 a
1127 393 1262 444 malis,
1281 407 1384 446 quos
1402 392 1524 433 aliter
1569 398 1704 428 'OT-'69-

66 467 174 508 radii
200 467 272 506 isti
299 465 555 514 attulissent,
579 464 799 504 effectibus
825 463 994 516 integra
1019 466 1190 502 maneat
1218 465 1343 514 atque
1365 460 1522 509 illaesa,

68 535 186 575 nullo
202 534 330 574 febris
353 533 504 573 xdsibili
526 533 647 586 signo
669 532 853 572 exterius
876 545 919 572 se
939 530 1159 584 prodente.
1195 529 1382 579 Adhaec,
1401 542 1525 581 aeger

66 607 207 656 partes
234 601 369 642 cordis
397 601 629 641 scrobiculo
652 599 950 640 accumbentes
971 613 1103 639 manu
1123 597 1259 651 premi
1285 611 1373 637 non
1399 596 1498 636 tulit
1512 612 1523 646 ;

68 670 180 724 quod
208 669 379 723 quidem
401 673 639 722 symptoma
660 673 702 708 et
723 667 888 708 variolis
909 665 964 721 [c.
988 668 1026 707 2.
1051 669 1072 719 ᾗ
1094 665 1154 718 2.]
1185 669 1226 705 et
1252 663 1377 705 Febri
1397 663 1525 717 hujus

69 736 399 778 Constitutionis
429 736 471 791 [ξ
498 735 557 791 L]
582 735 780 776 accidisse
798 734 1053 789 jampridem
1075 733 1351 774 ostendimus,
1404 731 1526 771 Idem

69 806 197 847 etiam
231 805 349 845 dolor
380 810 506 858 atque
544 804 691 845 eadem
727 804 918 844 carnium
949 801 1193 844 teneritudo
1225 814 1528 854 saepenumero

69 879 242 914 externe
277 872 323 912 in
356 872 630 926 epigastrium
656 872 991 925 protendebatur
1004 889 1015 922 3
1061 883 1371 923 nonnunquam
1398 869 1527 909 etiam

68 941 359 990 inflammatio,
383 955 490 993 quae
523 940 568 979 in
602 945 860 993 apostemate
886 943 1013 992 atque
1046 937 1162 991 aegri
1186 942 1323 977 morte
1355 936 1528 976 demum

69 1007 396 1049 terminabatur.
460 1007 581 1049 Quae
622 1008 765 1048 omnia
798 1008 893 1047 luce
934 1007 1086 1047 elarius
1121 1004 1369 1046 indicabant
1405 1004 1528 1045 Diar-

70 1075 243 1115 rhoeam
264 1075 374 1115 hanc
396 1075 584 1127 ejusdem
606 1076 779 1116 omnino
807 1080 985 1115 naturae
1010 1074 1139 1114 fuisse
1167 1078 1293 1126 atque
1322 1072 1529 1112 essentiae

70 1159 168 1185 eum
200 1144 274 1185 illa
309 1158 415 1197 quae
450 1149 544 1184 tum
578 1143 877 1185 dominabatur
907 1143 1045 1184 Febri.
1123 1141 1390 1182 Sententiam
1419 1140 1530 1180 hanc
1547 1153 1579 1180 et
1594 1159 1702 1197 paren)

72 1227 209 1253 meam
229 1213 364 1265 magis
386 1212 524 1252 adhuc
544 1217 681 1252 ratam
701 1211 882 1252 faciebat
903 1211 1002 1251 felix
1023 1213 1212 1259 eventus,
1235 1222 1361 1261 quem
1382 1220 1530 1247 venae·
1549 1192 1735 1265 ffi‘gffiffim

71 1281 201 1321 sectio
229 1286 271 1321 et
300 1280 721 1330 medicamentorum,
751 1279 928 1329 diaetae,
961 1283 1087 1331 atque
1114 1275 1332 1329 regiminis
1358 1274 1530 1327 refrige-
1553 1278 1681 1337 [POSRU-

70 1349 259 1389 rantium
286 1362 402 1398 usUS,
428 1349 551 1401 (quae
577 1347 623 1387 in
649 1347 777 1388 febris
804 1346 1033 1387 variolosae
1061 1344 1279 1385 curatione
1307 1356 1533 1396 usm²passe
1549 1321 1620 1351 lans
1646 1321 1673 1361 ']

70 1429 148 1456 nos
166 1429 287 1469 saepe
310 1415 522 1467 djximus‚)
543 1415 588 1454 in
610 1415 800 1455 sananda
820 1414 948 1455 etiam
969 1413 1049 1454 hac
1071 1412 1305 1453 Diarrhoea
1325 1410 1535 1465 perpetim

71 1483 268 1533 habuere,
300 1487 449 1536 utpote
487 1497 593 1536 quae
633 1483 733 1523 huic
772 1481 974 1522 methodo
1010 1485 1205 1535 prompte
1245 1478 1370 1519 cessit
1384 1495 1395 1528 ;
1437 1491 1536 1518 cum

71 1564 168 1591 vero
189 1550 271 1590 alia
296 1550 423 1602 longe
455 1550 618 1590 diversa
643 1553 912 1600 tractaretur,
936 1549 1020 1590 sive
1049 1547 1248 1589 exhibitis
1275 1546 1534 1587 rhabarbaro

72 1622 247 1675 aliisque
263 1621 503 1661 cathartieis
523 1621 721 1671 lenitivis,
743 1620 812 1674 (ad
833 1620 1121 1660 deturbandos
1144 1620 1302 1660 seilicet
1316 1617 1534 1659 mordaces

71 1688 174 1729 istos
197 1701 353 1738 succos,
377 1688 449 1741 qui
469 1688 675 1729 intestina
695 1688 749 1729 ad
769 1688 1012 1741 hujusmodi
1038 1687 1299 1728 excretiones
1324 1685 1534 1740 putaban-

72 1761 145 1797 tur
176 1755 395 1810 irritasse,)
428 1755 512 1797 sive
545 1757 675 1797 etiam
702 1755 1051 1809 astringentibus,
1075 1769 1127 1796 ex
1156 1754 1239 1795 levi
1269 1768 1346 1794 sua
1380 1757 1536 1793 natma

74 1824 221 1864 morbo
251 1824 297 1864 in
329 1824 541 1865 exitialem
573 1824 813 1878 saepissime
842 1824 971 1864 evasit
985 1841 996 1874 3
1032 1828 1094 1873 ut,
1122 1823 1194 1876 qui
1222 1836 1270 1863 eo
1297 1836 1409 1862 anno
1436 1835 1534 1861 eon-

75 1892 373 1942 cinnabantur,
396 1892 522 1933 Diem
548 1892 815 1934 Obeuntium
847 1893 1018 1933 Indices
1048 1891 1143 1945 plus
1175 1890 1275 1931 satis
1305 1893 1533 1948 testantur.

75 1960 217 2013 Atque
238 1959 342 2000 haee
364 1959 476 2000 dieta
497 1965 623 2000 sunto
645 1959 696 2001 de
717 1960 875 2001 morbis
892 1959 1133 2014 epidemieis
1156 1959 1228 2013 quj
1249 1958 1301 1999 ab
1322 1958 1402 1999 hac
1423 1957 1533 1998 Con-

77 2026 300 2068 stitutione
321 2026 577 2080 pendebant.

498 2125 512 2140 ¹
539 2127 729 2169 [postulans]
742 2130 876 2168 postulat
894 2127 963 2159 edd.
981 2128 1043 2164 ⁵76,
1061 2128 1122 2158 ⁸85.
