1985 3308
381 136 552 177 DISSE
560 136 774 176 RTATIO
806 137 1212 178 EPISTOLARIS.
1439 143 1522 183 373

68 243 314 295 quotidiana
327 243 461 292 (locet,
477 243 633 283 scilicet
650 242 964 296 quantumlibet
978 244 1185 297 ejusmodi
1203 244 1287 284 sive
1303 245 1520 297 foeminas,
1562 261 1616 290 De
1637 261 1701 290 Ap-

66 311 150 351 sive
166 311 362 361 infantes,
377 311 528 351 iterata
544 310 727 351 catharsi
748 311 1077 361 exhauserimus,
1095 316 1286 352 attamen
1302 313 1416 353 color
1430 313 1520 366 jam
1541 303 1722 375 Ἑοετῐξιῗζ·

66 381 203 422 dictus
234 382 279 422 in
311 382 369 422 eis
397 394 504 435 quac
531 380 595 421 vel
624 394 700 433 per
726 380 945 430 vomitum,
967 381 1031 420 vel
1065 395 1139 434 per
1170 380 1325 431 sedem,
1349 386 1518 432 exeunt,

64 463 198 502 usque
224 449 395 490 Visetur.
458 448 576 490 Quin
597 448 723 489 etiam
745 461 770 488 a
789 448 1026 501 pharmacis
1055 453 1145 488 tam
1173 448 1361 489 emeticis
1393 463 1518 502 quam

63 516 303 557 catharticis
343 516 608 570 frequentius
647 515 881 569 propinatis
920 515 1090 556 uberior
1133 516 1337 556 materiae
1375 517 1519 557 viridis

63 584 253 624 nascitur
273 598 404 637 seges,
427 599 524 625 cum
552 583 604 624 ab
625 589 806 637 utroque
831 597 986 636 genere
1006 583 1232 637 spirituum
1252 583 1405 636 ἀταξία
1424 599 1517 638 pro-

63 651 240 691 vehatur
253 668 264 701 ς
298 666 404 704 quae
425 652 489 692 vel
516 651 655 692 nescio
677 651 886 704 quomodo
917 651 1093 691 istarum
1119 652 1305 705 partium
1336 652 1517 692 fermen-

61 723 155 758 tum
178 718 357 759 destruit
386 733 433 759 ac
461 719 675 772 pervertit,
699 719 763 759 vel
789 719 835 759 in
855 719 1139 760 ventriculum
1169 719 1457 773 intestinaque
1477 720 1517 760 vi

62 800 325 839 spasmorum
362 800 535 827 succiun
572 787 754 840 aliquem
797 787 957 828 alienae
991 787 1146 827 indolis
1180 787 1410 840 intorquet,
1445 788 1517 841 qui

60 854 260 895 humores
281 854 491 908 ejusmodi
511 855 718 895 coloribus
743 855 914 896 inficere
935 856 1044 908 potis
1067 860 1142 895 est.
1205 855 1407 909 Chymiae
1429 869 1516 896 sec-

60 928 218 965 tatores
238 924 350 977 (licet
367 924 559 964 nondum
582 925 642 964 ita
662 924 770 964 bene
787 938 883 965 cum
905 925 987 965 illis
1009 925 1075 974 sit,
1098 929 1147 964 ut
1169 924 1333 977 quaein
1347 925 1516 977 organis

60 992 146 1032 suis
167 990 442 1048 πολυτέχνοις
462 992 774 1033 medicamenta
795 992 1112 1042 elaboraverint,
1134 993 1271 1046 majus
1293 992 1451 1045 aliquid
1471 992 1515 1032 in

58 1060 216 1101 morbis
253 1059 514 1101 debellandis
545 1064 774 1113 praestent,
808 1074 934 1113 quam
971 1073 1077 1112 quae
1112 1059 1438 1100 contunduntur
1472 1059 1518 1099 in

59 1127 272 1177 mortario,
305 1127 370 1168 vel
399 1127 446 1167 in
477 1127 558 1167 olla
594 1127 916 1180 decoquuntur)
947 1133 1093 1167 tamen
1123 1126 1383 1168 curiosorum
1404 1143 1517 1182 περι-

59 1193 179 1250 εργίᾳ
200 1209 248 1235 eo
269 1209 403 1248 usque
425 1195 651 1248 gratificari
673 1199 845 1246 norunt,
860 1199 922 1245 ut,
946 1194 1050 1235 duos
1070 1194 1254 1247 liquores
1270 1209 1402 1248 aeque
1422 1195 1515 1234 lim-

57 1263 179 1316 pidos
220 1263 436 1316 clarosque
472 1262 758 1313 ostendentes,
794 1276 844 1302 ex
878 1262 1029 1302 iisdem
1068 1262 1248 1302 invicem
1284 1262 1517 1302 commistis

59 1335 297 1371 saturatum
319 1331 500 1371 colorem
528 1330 724 1383 aliquem,
748 1330 867 1383 quasi
893 1329 1230 1383 praestigiantes,
1251 1329 1414 1383 possint
1445 1344 1513 1370 ex-

56 1398 202 1439 hibere
221 1415 228 1438 :
262 1402 304 1438 et
324 1398 511 1451 profecto
532 1398 592 1438 ita
618 1398 782 1438 lubrica
802 1402 866 1438 est
887 1403 930 1438 et
952 1397 1129 1438 evanida
1150 1397 1339 1437 colorum
1360 1410 1506 1450 specu-

56 1467 172 1518 latio,
194 1471 242 1507 ut
270 1466 380 1507 nihil
401 1466 505 1507 certi
527 1480 577 1506 ex
598 1466 680 1506 illis
707 1466 759 1507 de
790 1479 1027 1519 corporum,
1049 1465 1095 1505 in
1126 1465 1279 1518 quibus
1301 1470 1516 1518 apparent,

57 1539 211 1575 natura
244 1539 371 1588 queat
404 1534 676 1587 deprehendi.
739 1533 893 1587 Neque
919 1533 1055 1587 magis
1089 1533 1291 1587 sequitur,
1324 1547 1374 1574 ea
1409 1547 1517 1587 quae

57 1604 195 1644 colore
215 1603 337 1643 viridi
369 1608 482 1653 sunt,
509 1603 621 1643 acria
650 1616 739 1643 esse
770 1602 925 1652 omnia,
956 1616 1082 1655 quam
1106 1601 1249 1642 omnia
1279 1615 1386 1655 quae
1417 1605 1517 1641 sunt

57 1671 180 1721 acria,
204 1671 326 1711 viridi
353 1684 443 1711 esse
475 1671 624 1711 colore.
688 1671 752 1711 Re
772 1670 915 1724 itaque
946 1670 1136 1722 undique
1165 1683 1386 1723 perpensa,
1415 1669 1516 1709 satis

55 1738 187 1792 liquet
209 1738 397 1779 dolorem
417 1737 786 1788 immanissimum,
805 1737 877 1791 qui
898 1737 977 1778 hac
994 1737 1136 1778 Colica
1153 1737 1381 1791 Hysterica
1399 1737 1515 1777 labo-

55 1811 198 1848 rantes
219 1820 326 1860 pene
342 1806 568 1856 exanimat,
585 1810 680 1845 tum
702 1805 830 1846 etiam
852 1805 1053 1846 materiae
1068 1804 1211 1844 viridis
1227 1804 1513 1858 rejectionem,
1534 1813 1631 1862 Color
1644 1815 1691 1843 vi-

57 1889 83 1914 a
118 1873 347 1927 spiritibus,
379 1873 511 1913 nimio
542 1872 708 1925 impetu
741 1872 788 1912 in
822 1878 962 1926 partes
996 1873 1074 1913 sub
1110 1873 1246 1913 cordis
1280 1873 1514 1913 scrobiculo
1531 1857 1656 1937 {23³2ssss

55 1941 212 1994 positas
239 1940 570 1990 incursantibus,
593 1945 721 1994 atquc
752 1941 922 1981 easdem
949 1954 1115 1994 spasmo
1147 1941 1512 1992 contrahentibus,
1531 1941 1624 1972 unde.

57 2009 231 2049 omnino
253 2008 440 2049 excitari.

122 2083 229 2137 [84]
271 2083 385 2123 Huic
421 2083 548 2122 etiam
590 2082 816 2135 spirituum
852 2082 1094 2123 enormitati
1133 2081 1411 2122 tribuendum
1453 2085 1516 2121 est
1535 2082 1702 2131 Clayi-Hy-

57 2157 295 2205 symptoma
315 2150 442 2200 istud,
462 2150 574 2203 quod
593 2150 784 2203 superius
807 2150 849 2205 [ξ
874 2150 961 2203 63.]
991 2151 1105 2190 Clavi
1117 2150 1328 2202 Hysterici
1343 2149 1516 2190 nomine
1534 2130 1707 2207 {jtgss‘giaass'

55 2219 290 2273 indigitavi,
310 2219 355 2259 in
372 2233 454 2272 quo
474 2219 644 2272 spiritus
659 2218 710 2259 ab
728 2218 844 2259 omni
865 2218 1047 2271 corporis
1070 2217 1234 2258 ambitu
1251 2217 1296 2256 in
1312 2221 1427 2257 certo
1445 2230 1515 2269 pe-

56 2287 223 2328 ricranii
256 2287 374 2340 quasi
403 2287 610 2340 punctulo
642 2291 984 2336 concentrantur,
1013 2286 1200 2326 dolorem
1229 2285 1346 2325 haud
1375 2284 1517 2324 minus

56 2356 431 2409 pcrtercbrantem,
465 2370 591 2410 quam
628 2356 661 2396 si
693 2356 834 2396 clavus
870 2355 1030 2396 ferreus
1064 2355 1110 2395 in
1141 2359 1268 2408 caput
1297 2353 1338 2393 vi
1374 2353 1515 2407 adige-

57 2430 186 2475 retur,
216 2431 486 2475 accersentes,
516 2440 603 2465 una
633 2439 731 2466 cum
766 2424 925 2477 insigni
955 2424 1156 2464 materiae
1186 2423 1331 2464 viridis
1363 2423 1515 2463 evomi-

56 2492 184 2532 tione.
248 2491 368 2532 Quae
401 2492 569 2545 quidem
606 2493 832 2546 spirituum
868 2492 920 2532 ab
955 2492 1152 2532 universo
1188 2505 1360 2544 corpore
1397 2491 1516 2545 quasi

56 2560 101 2600 in
122 2564 329 2613 punctum
358 2561 590 2601 contractio
612 2575 699 2601 non
723 2561 909 2601 multum
934 2560 1098 2601 abludit
1120 2559 1172 2600 ab
1199 2560 1282 2600 ista
1300 2559 1516 2599 radiorum

57 2627 153 2669 solis
189 2628 436 2668 collectione
478 2642 584 2681 quae
620 2629 668 2669 fit
701 2643 778 2682 ope
808 2629 907 2668 w'tri
945 2627 1196 2677 incensorii3
1233 2632 1367 2680 utque
1402 2626 1447 2665 hi
1477 2626 1515 2665 vi

56 2696 180 2736 unita
204 2701 401 2745 exurunt,
423 2696 483 2736 ita
508 2701 550 2736 ct
576 2696 645 2736 isti
671 2695 723 2736 ob
750 2696 929 2736 eandem
956 2695 1166 2736 rationem
1195 2695 1382 2735 dolorem
1408 2693 1515 2732 infli-

58 2769 178 2818 gunt,
211 2764 479 2804 membranas
521 2763 640 2818 quasi
681 2763 963 2818 discerpentes
999 2764 1317 2815 lacerantesquc
1354 2761 1516 2814 junctis

58 2831 230 2872 viribus

122 2900 229 2954 [85.]
271 2900 434 2941 Deinde
465 2900 516 2940 ab
542 2901 619 2940 hac
647 2899 886 2940 inordinata
912 2899 1136 2952 spirituum
1164 2897 1395 2951 agitatione
1423 2910 1517 2936 san-
