1985 3308
393 144 786 188 DISSERTATIO
818 144 1223 185 EPISTOLARIS.
1449 146 1531 185 377

81 251 146 291 vel
185 251 387 292 catharsis
426 251 669 292 amoliretur
708 251 842 303 magis
883 264 1009 303 quam
1058 250 1269 298 invitaret,
1312 249 1347 288 si
1396 248 1532 288 morbi
1573 262 1626 291 De
1644 262 1710 291 Ar-

81 319 245 360 minera
272 320 319 360 in
353 319 530 360 humore
560 318 862 359 contineretur.
923 318 1044 358 Idem
1081 318 1163 358 dici
1192 322 1331 370 potest
1362 317 1414 357 de
1453 317 1530 356 im·
1551 304 1732 376 Ρξξὲἑῃᾞζ

81 385 248 427 modico
268 386 484 439 sanguinis
506 385 737 440 dispendio,
761 385 845 426 sive
864 384 1152 438 phlebotomia
1167 384 1201 424 is
1222 383 1350 424 fuerit
1371 387 1530 424 extrac-
1550 390 1685 394 **''
1698 388 1716 391 ⁴

82 458 165 503 tus,
197 454 280 494 sive
308 454 354 494 in
383 453 604 507 puerperio
635 452 777 493 debito
808 452 1014 506 copiosius
1044 451 1291 501 manaverit,
1316 451 1382 490 uti
1409 455 1451 491 et
1483 450 1534 490 de

82 523 369 563 exinanitione
400 527 442 563 et
469 524 585 576 justo
614 522 805 575 longiore
833 535 858 562 a
887 521 1084 562 carnibus
1113 520 1396 570 abstinentia3
1429 533 1535 572 quae

83 590 227 631 omnia
257 590 309 630 ad
336 591 527 631 Affectus
560 590 805 644 Hystericos
829 588 1136 643 praecavendos
1162 588 1303 642 potius
1334 587 1534 636 facerent,

83 673 211 712 quam
243 658 296 698 ad
327 659 495 699 eosdem
527 658 810 707 accersendos,
843 658 878 698 si
912 658 1082 698 illorum
1116 656 1250 697 fomes
1279 655 1325 695 in
1358 654 1537 694 materia

83 726 224 780 aliqua
251 726 555 767 involveretur:
589 740 686 767 cum
717 740 739 766 e
770 726 944 775 diverso,
966 739 1054 766 non
1082 725 1163 765 alia
1193 738 1318 765 causa
1347 724 1408 764 ita
1437 737 1536 764 con-

83 798 247 835 stanter
276 795 413 848 pariat
443 794 685 849 hujusmodi
720 795 908 845 affectus,
941 808 988 835 ac
1025 794 1160 834 solent
1192 793 1328 834 dictae
1364 806 1537 834 evacua-

84 862 236 903 tiones.
306 864 308 867 ’

150 929 258 984 [92]
289 930 490 972 Quamvis
511 934 655 972 autem
676 931 777 971 satis
793 936 936 985 pateat
958 929 1234 983 originarium
1255 928 1378 981 hujus
1400 927 1537 968 morbi
1557 936 1741 977 spirituum

84 999 277 1040 fomitem
311 999 357 1039 in
395 999 645 1040 humoribus
679 999 924 1039 nullatenus
965 997 1178 1046 stabulari,
1212 995 1432 1036 fatendum
1473 999 1537 1035 est
1555 978 1665 1018 ἀταξία
1679 979 1739 1008 hu-

1555 1033 1658 1052 mores
1694 1032 1731 1051 u·-

82 1071 230 1108 tamen
265 1067 393 1120 (quod
422 1081 487 1107 res
519 1068 611 1120 est,)
640 1067 866 1120 spirituum
899 1063 1076 1117 ἀταξίαν
1105 1064 1234 1114 illam,
1266 1063 1335 1104 cui
1364 1062 1537 1103 morbus
1555 1065 1652 1095 tridos
1669 1032 1726 1094 ΕΗ-

86 1134 276 1184 debetur,
299 1135 498 1175 humores
525 1134 717 1187 putridos
738 1134 783 1173 in
811 1146 983 1186 corpore
1011 1132 1315 1173 coacervandos
1349 1132 1536 1185 gignere,
1556 1108 1683 1191 ἓξὲῗῑῗο

84 1214 184 1241 cum
204 1207 293 1241 tam
313 1202 480 1241 illarum
493 1202 677 1254 partium
693 1200 856 1242 functio
874 1214 979 1254 quae
992 1200 1296 1241 vehementiori
1313 1199 1539 1253 spirituum

85 1268 268 1322 impulsu
321 1269 637 1319 distenduntur,
680 1282 807 1322 quam
846 1282 987 1308 carum
1028 1281 1134 1320 quae
1183 1268 1266 1307 illis
1308 1268 1538 1320 privantur,

85 1337 259 1377 omnino
283 1342 560 1391 pervertatur.
622 1337 815 1389 Cumque
839 1336 992 1376 harum
1019 1335 1241 1389 pleraeque
1270 1348 1428 1388 organa
1455 1334 1541 1374 sint

87 1403 206 1457 quasi
237 1404 505 1456 separatoria,
531 1403 787 1456 excipiendis
815 1403 975 1443 cruoris
1006 1402 1281 1443 recrementis
1306 1402 1539 1456 designata,

87 1471 122 1512 si
152 1485 296 1512 earum
315 1471 556 1511 functiones
583 1470 726 1524 quovis
756 1469 882 1510 modo
911 1468 1147 1519 laedantur,
1169 1469 1260 1509 fieri
1290 1484 1377 1510 non
1402 1474 1542 1522 potest

88 1539 190 1594 quin
210 1539 361 1592 ingens
382 1538 658 1580 faeculentiae
679 1537 877 1578 colluvies
898 1537 1190 1578 accumuletur
1202 1555 1214 1587 3
1243 1551 1350 1591 quae
1372 1537 1543 1591 quidem

88 1607 305 1648 eliminata
323 1606 484 1657 fuisset,
506 1611 681 1660 totaque
701 1605 878 1659 proinde
903 1605 1121 1658 sanguinis
1142 1619 1281 1646 massa
1302 1605 1545 1658 depuratior

86 1672 237 1725 factah,
258 1673 384 1715 modo
414 1674 581 1727 singula
610 1687 770 1727 organa
798 1687 954 1713 munus
985 1687 1111 1713 suum
1141 1673 1418 1727 explevissent
1431 1690 1442 1724 3
1479 1673 1546 1714 cui

88 1742 206 1783 nullo
226 1742 352 1783 modo
374 1741 620 1792 defuissent,
642 1741 676 1781 si
697 1741 839 1782 debita
866 1741 1092 1794 spirituum
1113 1741 1359 1782 oeconomia
1378 1742 1546 1782 univer-

89 1825 155 1852 sas
175 1810 464 1864 invigorasset.
526 1809 641 1850 Huic
668 1823 748 1863 ego
776 1823 927 1850 causae
955 1809 1148 1863 adjudico
1176 1809 1392 1850 cachexias
1416 1810 1545 1863 insig-
1563 1815 1638 1867 lginc
1652 1815 1748 1868 etjam

89 1878 241 1928 niores,
264 1875 490 1933 ἀνορεξίαν,
514 1877 598 1918 sive
627 1877 837 1931 appetitus
864 1877 1204 1930 prostrationem,
1225 1877 1285 1917 ini
1309 1878 1546 1932 juvenculis
1564 1860 1713 1897 “m‘g‘a'

91 1946 315 1996 chlorosin‚
351 1945 436 1986 sive
469 1945 620 1985 febrim
655 1945 808 1994 albam,
844 1945 987 1998 (quam
1024 1944 1195 1997 quidem
1235 1945 1417 1998 speciem
1458 1959 1547 1986 esse
1565 1950 1727 1986 chlorosis,

91 2013 341 2054 Affectionis
374 2011 623 2066 Hystericae
648 2012 792 2052 nullus
824 2011 1001 2064 dubito,)
1027 2011 1236 2064 aliamque
1264 2026 1434 2052 omnem
1459 2027 1547 2053 ma-

93 2081 231 2121 lorum
263 2078 485 2130 Lernamk,
507 2079 552 2118 in
574 2093 657 2132 qua
686 2079 1002 2131 immerguntur
1025 2078 1212 2119 misellae
1234 2083 1439 2132 quotquot
1469 2080 1550 2121 hoc

92 2148 240 2189 morbo
261 2147 334 2188 diu
359 2147 662 2200 elanguerunt:
696 2161 802 2200 quae
828 2146 971 2187 omnia
992 2160 1017 2187 a
1044 2146 1178 2187 succis
1209 2148 1548 2200 putrescentibus

93 2216 138 2257 in
159 2216 365 2270 sanguine
391 2215 614 2269 congestiS,
638 2219 764 2268 atque
786 2214 937 2255 exinde
964 2214 1008 2254 in
1036 2228 1194 2267 organa
1213 2214 1327 2255 varia
1348 2215 1548 2269 depluen-

92 2284 220 2334 tibus,
243 2290 524 2325 succrescunt.
588 2283 730 2336 Hujus
764 2282 925 2323 farinae
959 2287 1021 2322 est
1057 2282 1243 2336 hydrops
1278 2283 1468 2324 testium¹
1503 2284 1549 2325 in
1567 2297 1596 2322 et
1612 2291 1751 2341 hydrops

94 2352 288 2393 foeminis
325 2366 431 2406 quae
462 2352 552 2406 jam
589 2351 747 2391 diutius
780 2351 951 2391 Affectu
986 2350 1212 2404 Hysterico
1252 2350 1548 2402 laboraverint,
1564 2341 1707 2366 testium.

95 2423 221 2459 natus
257 2432 282 2459 a
311 2418 444 2458 succis
476 2417 710 2471 depravatis
741 2431 763 2458 e
788 2417 1015 2470 ,sanguinis
1045 2431 1183 2457 massa
1218 2417 1262 2457 in
1293 2432 1451 2471 organa
1484 2433 1549 2460 re-

91 2487 239 2542 jectis;
270 2486 397 2536 unde,
418 2485 621 2540 perversis
646 2485 877 2527 eorundem
908 2485 1193 2536 facultatibus,
1222 2487 1357 2540 primo
1389 2488 1550 2529 steriles

96 2555 205 2596 fiunt
232 2554 441 2604 mulieres,
464 2558 506 2594 et
531 2553 764 2594 destruitur
794 2567 965 2607 prorsus
994 2554 1237 2595 oeconomia
1267 2555 1464 2608 partium,
1486 2556 1549 2596 in-

97 2622 231 2676 deque
260 2636 401 2663 serum
422 2626 464 2662 et
489 2621 626 2662 sanies
651 2621 901 2675 gignuntur,
924 2635 1031 2675 quae
1058 2635 1146 2662 non
1176 2627 1347 2662 tantum
1371 2623 1551 2664 nodulos

97 2705 256 2745 ovaque
291 2690 465 2731 testium
505 2689 746 2739 inferciunt,
779 2690 850 2730 sed
892 2690 1019 2730 etiam
1059 2690 1104 2730 in
1144 2690 1385 2731 tunicarum
1421 2692 1551 2733 inter-

141 2824 155 2843 ἢ
173 2824 274 2866 facta,
287 2825 386 2865 modo]
404 2828 430 2855 si
446 2825 495 2855 ed.
513 2826 575 2855 ³82.
854 2824 1001 2864 plurimis
1015 2824 1045 2854 in
1060 2834 1161 2854 unum
1176 2826 1343 2865 congestis.
1360 2826 1410 2856 Cf.
1424 2827 1550 2858 Erasmi

141 2863 147 2882 ἱ
171 2868 367 2908 ira-dubito]
385 2878 446 2898 om.
465 2868 510 2898 ed.
531 2869 594 2897 ⁷82.
855 2869 954 2905 Adag.
968 2867 988 2896 i.
1000 2868 1027 2896 3.
1042 2868 1097 2901 27;
1119 2867 1280 2904 Gaisford‚
1294 2870 1427 2900 I’aroem.
1443 2872 1548 2902 Graec.

141 2909 155 2929 Β
177 2909 276 2950 Λέρνη
303 2912 415 2947 κακῶν,
441 2911 605 2941 dicebatur
636 2911 673 2940 de
704 2909 796 2939 malis
900 2909 907 2926 ¹
933 2909 980 2939 Cf.
1004 2910 1101 2940 Tract.
1123 2911 1164 2939 II.
1182 2912 1196 2948 ξ
1216 2911 1243 2940 6.

790 2965 861 3003 3c
