1985 3308
427 85 750 156 scHEDUnA
781 109 1133 151 MONITORIA
1162 108 1225 148 11.
1465 109 1550 149 517

96 222 241 263 obrem
272 235 322 262 ea
351 221 440 262 sola
467 221 514 261 in
542 218 739 260 remediis
769 217 868 257 huic
895 216 1007 256 malo
1038 214 1185 255 cedere
1215 225 1336 266 posse
1366 212 1553 265 prudens
1572 225 1754 256 Dal-*mum

97 289 301 342 quispiam
332 287 643 336 existimaverit,
675 298 782 338 quac
812 283 865 324 ad
895 281 1210 323 retundendam
1249 279 1553 320 Secundariam
1584 269 1743 341 Puggm

95 356 205 397 hanc
235 356 428 406 Febrem,
455 369 581 408 quam
603 353 824 393 Putridam
854 350 1030 404 appello,
1052 348 1234 388 maxime
1264 346 1440 387 faciunt.
1501 347 1556 387 Id

96 437 193 464 vero
216 424 324 464 nihil
350 423 556 464 efficacius
582 425 767 475 praestat
790 433 915 472 quam
943 417 1110 471 copiosa
1134 414 1351 468 sanguinis
1372 414 1554 464 eductio,

97 504 180 544 quo
214 496 338 544 pacto
373 490 542 530 vitiatae
573 489 670 529 illac
703 486 932 540 particulae
963 498 1069 538 quae
1101 482 1240 523 morbi
1278 485 1377 521 sunt
1408 481 1554 531 fomes,

96 558 320 599 confestim
355 571 378 598 e
411 556 617 610 sanguine
650 556 837 596 exulant.
898 554 1052 606 Neque
1087 551 1187 592 huic
1218 549 1338 604 praxi
1372 549 1423 601 (si
1455 548 1557 602 quid

97 639 175 679 ego
201 625 374 679 judico‚)
409 624 606 664 Variolae
635 623 682 662 in
713 636 795 675 quo
825 623 915 676 jam
947 625 1048 661 sunt
1079 624 1206 669 statu,
1235 618 1300 658 vel
1329 616 1556 658 minimum

95 692 393 733 intercedunt:
431 692 522 745 jam
553 690 667 730 enim
698 690 894 742 pustulae
924 688 1041 728 nullo
1070 687 1197 728 modo
1226 686 1456 726 introrsum
1487 684 1556 736 agi

96 764 299 814 possunt;
332 759 437 800 adeo
464 763 526 808 ut,
550 757 585 797 si
613 771 738 810 aeger
764 756 844 797 hoe
871 755 1009 796 morbi
1038 759 1228 808 tempore
1247 753 1344 793 fatis
1375 751 1554 800 cederet,

96 834 140 868 et
165 828 340 868 cadaver
360 827 406 867 in
430 830 589 866 terram
610 824 807 877 frigidam
829 827 1122 876 exponeretur,
1145 826 1335 862 attamen
1361 819 1555 873 pustulae

90 895 182 947 jam
202 895 248 934 in
269 893 468 934 duritiem
487 893 760 941 incrustatae,
782 905 861 931 nec
890 891 1004 930 intra
1024 890 1157 930 cutim
1186 903 1230 929 se
1257 888 1454 941 recipere,
1476 900 1556 928 nec

96 963 318 1003 minimam
349 961 472 1002 molis
505 974 604 1001 suae
634 964 800 1013 partem
833 959 1040 1007 amittere,
1071 956 1271 1010 poterint.
1331 955 1425 996 Nee
1456 967 1556 994 sane

96 1044 195 1071 cum
215 1029 397 1070 Variolis
423 1029 512 1083 jam
534 1027 656 1068 nobis
683 1041 749 1067 res
771 1031 848 1076 est,
871 1025 945 1066 sed
965 1039 1063 1066 cum
1089 1024 1170 1064 alio
1199 1037 1370 1077 prorsus
1393 1021 1555 1071 morbo,

97 1111 250 1150 nempe
281 1097 416 1137 Febre
444 1095 633 1137 Putrida.
703 1094 810 1148 [10.]
852 1092 943 1133 Has
974 1093 1026 1134 ob
1058 1106 1205 1133 causas
1236 1095 1439 1144 sequente
1469 1103 1556 1130 me·
1576 1099 1733 1148 Ejusglem

96 1165 228 1206 thodo
251 1166 292 1217 (a
312 1179 395 1217 quo
415 1168 648 1218 postremas
670 1162 722 1202 de
738 1161 920 1202 Variolis
941 1160 1253 1202 observationes
1273 1159 1319 1198 in
1338 1157 1556 1212 publicum
1574 1147 1703 1172 ⁰¹¹r²²⁰⁰⁶

97 1233 222 1283 edidi,
254 1233 359 1272 mihi
388 1232 630 1286 comperta‚)
654 1230 833 1270 feliciter
862 1243 962 1269 usus
993 1243 1112 1278 sum;
1150 1241 1276 1280 quam
1306 1226 1343 1266 si
1372 1225 1556 1274 omittas,

97 1314 176 1340 nec
207 1300 332 1340 aliam
361 1300 495 1350 video,
529 1313 606 1339 nec
637 1298 881 1350 conjectura
911 1295 1076 1349 assequi
1104 1308 1289 1348 possum,
1321 1306 1404 1346 quo
1433 1297 1558 1345 paeto

97 1381 223 1421 aeger
251 1367 313 1407 ita
342 1372 457 1407 certo
490 1370 617 1419 queat
648 1364 830 1405 liberari.
893 1364 1003 1404 Cum
1031 1364 1176 1416 itaque
1209 1362 1262 1402 ad
1295 1361 1371 1401 has
1406 1360 1558 1400 incitas

97 1435 292 1476 redactus
312 1434 438 1474 fuerit
467 1447 604 1487 aeger,
627 1437 668 1473 et
697 1445 748 1472 ex
776 1431 982 1471 inusitata
1008 1434 1342 1484 symptomatum
1361 1428 1557 1468 immani-

97 1507 186 1544 tate
208 1502 351 1543 statim
373 1502 559 1542 animam
581 1504 750 1541 acturus
770 1499 975 1548 videatur,
997 1497 1081 1538 nisi
1109 1497 1201 1551 quis
1225 1495 1353 1539 ΘεὸςΥ
1373 1494 1460 1536 ἀπὸ
1479 1511 1556 1546 μη-

97 1573 230 1627 χανῆς
249 1569 635 1624 praesentissimam
660 1584 783 1624 opem
805 1569 967 1610 adferat
981 1586 992 1619 ς
1023 1569 1071 1609 in
1090 1568 1172 1609 hoc
1201 1567 1419 1621 (inquam,)
1444 1580 1557 1616 casu,

99 1639 184 1679 sive
207 1638 455 1678 undecimus
479 1638 570 1691 jam
595 1637 684 1678 dies
707 1638 936 1687 illucescat,
960 1636 1045 1677 sive
1074 1636 1178 1676 alius
1200 1636 1293 1689 quis
1316 1635 1399 1675 isto
1419 1639 1559 1688 poste-

98 1705 195 1756 rior,
218 1705 436 1759 sanguinis
463 1705 614 1746 unciae
643 1705 790 1746 decem
820 1705 887 1745 vel
911 1703 1135 1745 duodecim
1163 1717 1214 1744 ex
1246 1716 1295 1743 eo
1320 1701 1495 1742 brachio
1515 1701 1560 1741 in

99 1788 183 1827 quo
222 1774 417 1827 pustulae
456 1773 636 1814 rariores
672 1773 758 1813 situ
796 1773 1002 1826 majorem
1035 1771 1251 1812 feriendae
1280 1783 1412 1811 venae
1447 1783 1560 1810 com-

99 1841 350 1881 moditatem
369 1840 561 1890 fecerint,
583 1855 711 1894 quam
735 1841 922 1894 primum
951 1844 1051 1880 sunt
1078 1838 1313 1879 mittendae
1332 1854 1339 1877 :
1373 1836 1562 1890 quamvis

100 1908 216 1949 enim
239 1908 494 1961 paregorica,
516 1908 583 1948 vel
611 1908 757 1948 lectuli
787 1907 975 1948 interdiu
1006 1906 1217 1947 abdicatio
1248 1904 1394 1959 primis
1423 1903 1563 1944 morbi

101 1975 262 2025 diebus,
285 1975 414 2015 etiam
435 1975 589 2015 omissa
613 1975 967 2024 venae-sectione,
990 1987 1185 2027 orgasmo
1205 1973 1272 2013 vel
1294 1985 1560 2025 paroxysmo,

101 2057 200 2084 cum
227 2048 351 2083 nocte
381 2048 431 2082 ut
460 2042 693 2096 plurimum
724 2042 956 2096 ingruenti,
979 2040 1231 2082 debellando
1261 2044 1417 2093 queant
1449 2039 1561 2079 suffi-

101 2124 219 2161 cere3
252 2116 442 2151 attamen
476 2124 552 2163 per
577 2110 654 2151 hos
687 2110 774 2151 dies
803 2110 949 2150 Febris
980 2108 1263 2150 Secundariae
1298 2107 1407 2147 nulli
1440 2106 1563 2146 alteri

102 2178 360 2219 adminiculo
383 2191 527 2218 secure
547 2178 691 2218 fiditur
719 2177 800 2218 nisi
829 2177 1019 2230 copiosae
1048 2175 1266 2229 sanguinis
1295 2173 1561 2223 detractioni,

103 2261 187 2300 qua
214 2246 301 2286 sola
328 2260 547 2298 orgasmus
577 2260 652 2299 per
681 2246 725 2286 id
749 2245 951 2298 temporis
981 2243 1222 2285 desaeviens
1249 2247 1346 2282 tuto
1377 2241 1560 2282 sedatur.

102 2312 280 2366 Vesperi
301 2312 559 2366 anodynum,
580 2313 645 2353 uti
666 2313 794 2366 prius,
817 2313 935 2365 larga
963 2312 1054 2353 dosi
1082 2310 1370 2352 exhibendum
1391 2314 1467 2358 est,
1494 2308 1563 2361 (ad

104 2379 216 2433 quod
242 2380 331 2433 jam
352 2385 556 2433 tanquam
584 2380 637 2421 ad
668 2394 829 2421 sacram
862 2380 1091 2421 anchoram
1113 2377 1410 2431 confugimus‚)
1435 2381 1562 2430 atque

102 2447 164 2488 ita
185 2448 381 2501 deinceps
409 2454 497 2488 tam
525 2462 650 2489 mane
672 2463 798 2502 quam
827 2462 932 2496 sero,
955 2447 1110 2488 alicubi
1137 2447 1266 2487 etiam
1297 2450 1338 2486 et
1368 2445 1448 2486 hoc
1475 2458 1561 2485 sae-

102 2516 221 2570 pius:
259 2521 322 2556 est
350 2516 465 2557 enim
495 2517 721 2570 diligenter
745 2516 1068 2566 observandum,
1098 2515 1209 2569 quod
1236 2514 1283 2554 in
1310 2513 1564 2567 quibusdam

104 2597 323 2637 orgasmus
362 2584 424 2624 ita
463 2599 589 2638 supra
622 2585 795 2625 modum
839 2585 1050 2634 efferatur,
1087 2588 1136 2623 ut
1176 2582 1304 2623 etiam
1343 2581 1564 2634 praelarga

103 2652 335 2706 paregorici
363 2652 474 2693 dosis
501 2653 691 2707 ejusdem
720 2654 929 2707 impetum
953 2666 1087 2706 usque
1116 2651 1170 2692 ad
1195 2649 1419 2691 duodecim
1438 2649 1561 2690 hora-

103 2733 201 2760 rum
221 2720 405 2774 spatium
431 2720 658 2775 subjugare
678 2722 742 2762 vel
773 2721 920 2762 sistere
941 2724 1124 2774 nequeat
1138 2737 1150 2769 3
1182 2733 1265 2772 quo
1285 2718 1331 2758 in
1353 2731 1453 2758 casu
1473 2730 1561 2758 om-

150 2840 162 2859 Υ
186 2836 271 2866 Deus
287 2846 323 2865 ex
343 2836 481 2865 machina
497 2834 614 2864 dicitur
630 2834 684 2864 ubi
700 2835 733 2864 in
750 2844 798 2864 re·
862 2834 933 2873 quis
952 2833 1006 2872 qui
1028 2832 1145 2871 negotii
1166 2830 1388 2861 difficultatem
1403 2828 1560 2869 expediat.

106 2878 166 2908 bus
182 2877 340 2918 perplexis
352 2882 476 2917 praeter
489 2887 576 2917 spem
588 2877 728 2908 exoritur
742 2876 800 2906 ali·
864 2876 912 2906 Cf.
932 2875 1060 2905 Erasmi
1077 2877 1177 2913 Adag.
1196 2874 1216 2904 i.
1236 2875 1261 2903 1.
1280 2874 1330 2903 68.
