1985 3308
497 137 835 180 PROCESSUS
869 137 1136 178 INTEGRI.
1457 140 1539 180 565

28 278 29 281 η
90 243 424 300 Superveniuntf
437 259 462 285 a
481 245 593 285 malo
614 244 821 298 regimine
843 247 1130 298 symptomata
1150 245 1369 294 anomala;
1401 246 1542 299 qualia
1626 255 1680 286 Da

26 335 29 354 ι
86 319 187 354 sunt
217 313 487 367 pustularum
517 313 744 353 flacciditas
775 317 817 353 et
848 311 1123 362 subsidentia,
1155 312 1376 365 phrenitis‚
1408 327 1540 363 corna,
1559 298 1742 364 viniones.

84 381 275 421 maculae
295 394 530 434 purpureae
550 379 732 434 pustulis
756 380 1048 433 interspersae,
1070 383 1112 420 et
1132 379 1178 419 in
1199 393 1344 420 earum
1365 381 1539 420 summi·
1558 356 1741 430 ὲξῗῇἰξὲζξζὸ

83 453 172 489 tate
198 449 389 489 maculae
410 449 558 501 nigrae
585 449 761 501 exiguae
782 449 828 489 in
848 448 988 489 medio
1016 448 1294 498 subsidentes,
1319 449 1538 502 sanguinis
1558 450 1666 471 ”⁰⁸³0-

82 515 238 555 mictus
259 519 301 555 et
323 519 495 568 sputum
518 514 595 554 sub
617 515 740 555 initio
762 515 910 565 morbi,
933 515 1079 555 urinae
1100 514 1350 568 suppressio.

148 581 288 635 [IL]g
321 581 606 634 Separationis
632 586 800 634 tempus
827 596 924 622 cum
955 581 1093 622 febrili
1123 581 1370 622 ebullitione
1399 580 1537 621 tribus
1556 588 1714 637 Tempora

81 649 147 690 vel
167 654 349 702 quatuor
368 649 515 701 primis
537 649 685 689 diebus
711 649 964 702 transigitur
976 666 987 700 3
1020 650 1208 703 expulsio
1233 663 1307 703 per
1326 649 1537 702 reliquum
1556 637 1727 703 Ξῖξηίὲῖιέιξζ

79 716 218 757 morbi
244 721 425 770 tempus,
447 716 735 756 mediantibus
755 717 892 770 parvis
921 717 1196 768 abscessibus,
1218 717 1263 757 in
1291 731 1417 757 carne
1444 731 1537 770 per·
1555 716 1719 754 pulsionis.

80 783 233 824 ficitur.

143 849 285 904 [12]Ιι
316 851 418 891 Dies
439 850 485 890 in
511 864 596 903 quo
618 851 800 891 maxime
821 851 1082 904 periclitatur
1103 866 1226 905 aeger
1242 852 1287 892 in
1309 852 1535 893 Confluen-
1556 862 1621 911 Qui
1638 863 1701 893 sint

77 917 206 968 tibus,
228 918 275 958 in
303 918 481 958 minime
513 918 643 958 crudo
677 923 719 959 et
747 919 929 959 maxime
954 920 1117 972 vulgari
1149 934 1315 972 genere,
1345 933 1370 959 a
1398 919 1535 972 primo
1552 905 1737 987 Ξξῐξζξέῑζζ

77 985 214 1026 morbi
249 986 414 1027 insultu
453 990 516 1026 est
554 986 815 1036 undecimus,
852 987 898 1027 in
934 987 1127 1027 crudiore
1168 987 1305 1028 adhuc
1346 987 1534 1027 decimus
1553 990 1738 1038 losiinpon-

77 1058 266 1107 quartus,
301 1059 341 1094 et
373 1053 419 1093 in
451 1054 699 1094 crudissimo
730 1054 918 1095 decimus
953 1055 1182 1108 septimus3
1224 1069 1534 1108 nonnunquam
1552 1033 1734 1063 fluennbus.

75 1125 222 1161 tamen
239 1121 327 1174 (sed
347 1121 513 1174 rarius,)
533 1135 620 1161 non
641 1126 741 1161 ante
762 1122 874 1162 diem
890 1122 1134 1163 vicesimum
1147 1122 1334 1176 primum
1353 1123 1536 1162 moritur

75 1201 213 1241 aeger.
276 1188 492 1238 Quinimo,
514 1203 589 1242 per
605 1189 789 1242 spatium
809 1189 916 1229 illud
936 1203 1061 1230 omne
1079 1190 1192 1243 quod
1211 1190 1324 1230 inter
1345 1189 1433 1230 dies
1454 1204 1532 1229 un-

75 1254 288 1295 decimum
309 1259 351 1295 et
368 1254 580 1295 decimum
602 1256 829 1308 septimum
849 1256 1083 1310 interjacet,
1106 1261 1332 1310 appetente
1347 1270 1532 1309 vespera,

72 1322 370 1363 molestissimo
390 1323 696 1375 inquietudinis
717 1338 967 1378 paroxysmo
990 1325 1176 1377 quotidie
1197 1329 1373 1365 vexatur
1394 1338 1530 1377 aeger.

140 1389 270 1444 [l3.]i
301 1390 507 1430 Mittatur
531 1391 704 1443 sanguis
726 1391 870 1444 quovis
895 1405 945 1431 ex
969 1391 1106 1431 tribus
1132 1391 1279 1444 primis
1305 1391 1452 1431 diebus
1478 1391 1530 1432 ab
1551 1402 1724 1433 Commo.

71 1456 288 1498 invasione
309 1457 362 1498 ad
382 1458 528 1498 uncias
558 1472 710 1498 novem
734 1458 801 1498 vel
831 1458 988 1508 decem,
1012 1463 1054 1499 et
1083 1463 1231 1511 postea
1260 1459 1532 1499 vomitorium

72 1524 321 1565 exhibeatur
341 1525 394 1565 ad
414 1525 585 1566 unciam
605 1539 737 1565 unam
757 1525 822 1566 vel
843 1526 1155 1579 sesquiunciam
1174 1526 1398 1567 infusionis
1420 1527 1532 1567 croci

70 1592 353 1633 metallorum.

135 1660 242 1713 [14.]
263 1659 354 1699 His
369 1659 514 1713 primis
531 1659 679 1700 diebus
693 1660 881 1700 diluatur
897 1661 1069 1714 sanguis
1084 1660 1295 1714 frequenti
1310 1660 1529 1714 potatione

69 1727 291 1768 cerevisiae
311 1728 453 1769 tenuis
483 1728 712 1780 lupulatae,
740 1727 831 1768 cuik
858 1728 1014 1769 vitrioli
1044 1729 1215 1783 spiritus
1240 1729 1529 1770 immisceatur

69 1809 203 1848 usque
225 1795 279 1835 ad
299 1796 470 1848 plenam
490 1796 759 1848 pustularum
781 1796 1060 1849 eruptionem.

134 1862 242 1916 [15.]
281 1863 391 1902 Cum
412 1863 452 1902 V
455 1862 608 1902 ariolae
636 1877 783 1903 omnes
811 1863 1040 1916 eruperint,
1067 1864 1194 1917 (quod
1222 1868 1270 1904 ut
1297 1865 1526 1917 plurimum
1547 1877 1596 1907 De
1613 1878 1715 1907 medi-

70 1935 133 1985 est
163 1935 280 1970 sexto
307 1930 373 1970 die
397 1935 492 1983 post
519 1930 810 1983 invasionem,)
835 1931 997 1984 vesperi
1023 1932 1273 1985 propinetur
1304 1933 1448 1985 syrupi
1474 1932 1525 1973 de
1543 1920 1704 2001 ἕζῖὲὲὲῗί

68 1998 261 2038 meconio
295 1997 421 2037 uncia
455 2011 563 2046 una,
601 2011 708 2051 quae
740 2003 956 2050 repetatur
991 1998 1143 2038 dehinc
1179 1999 1355 2052 singulis
1390 2000 1524 2040 nocti-
1543 2004 1597 2034 eis-

67 2065 148 2106 bus
179 2065 232 2105 ad
257 2065 369 2105 diem
394 2063 606 2104 decimum
632 2069 727 2117 post
757 2065 1031 2106 invasionem.
1092 2066 1157 2106 Ea
1183 2071 1322 2115 nocte,
1345 2066 1379 2105 si
1402 2066 1525 2106 Vari-

68 2132 159 2173 olae
189 2145 212 2172 e
242 2130 566 2171 Confluentium
597 2144 751 2183 genere
781 2131 952 2182 fuerint,
982 2136 1188 2184 augeatur
1219 2132 1330 2172 dosis
1360 2132 1414 2172 ad
1442 2147 1526 2173 ses-

69 2199 337 2253 quiuncian13
370 2212 477 2251 quae
509 2198 607 2238 dein
637 2203 853 2252 repetatur
879 2199 932 2238 acl
960 2199 1128 2239 iniciam
1153 2214 1286 2240 unam
1316 2213 1454 2250 mane,
1483 2205 1527 2240 et

68 2266 122 2306 ad
157 2265 469 2319 scsquiunciam
505 2279 609 2315 sero,
644 2265 820 2319 singulis
852 2266 1061 2316 noctibus,
1096 2267 1229 2308 donec
1262 2280 1388 2320 aeger
1427 2280 1525 2308 con-

67 2334 259 2374 valuerit.

135 2400 244 2456 [16.]
272 2400 316 2440 Si
334 2414 513 2454 syrupus
527 2400 578 2441 de
600 2401 792 2441 meconio
812 2401 954 2441 minus
976 2406 1197 2454 congruat,
1215 2401 1416 2441 substitui
1428 2415 1522 2455 pos-

69 2469 124 2510 sit
145 2468 377 2509 laudanum
399 2467 604 2520 liquidum
612 2485 624 2518 3
651 2468 842 2509 videlicet
865 2474 1013 2521 guttae
1030 2467 1280 2510 octodeciml
1300 2482 1376 2522 pro
1396 2469 1524 2509 uncia

67 2550 155 2576 una
175 2536 332 2589 syrupi,
355 2540 397 2575 et
424 2540 570 2588 guttae
596 2536 747 2589 viginti
769 2536 955 2590 quinque
981 2551 1056 2590 pro
1088 2536 1364 2589 sesquiuncia.
1428 2536 1523 2577 Hoc

65 2604 239 2645 interim
269 2603 591 2654 observandum,
615 2604 739 2657 quod,
763 2604 797 2644 si
822 2604 1124 2658 parcgoricum,
1146 2604 1210 2644 bis
1240 2604 1285 2644 in
1313 2603 1380 2644 die
1407 2603 1522 2644 exhi-

109 2711 124 2734 f
143 2716 362 2753 Superveniunt
391 2714 459 2755 ‘3“'·]
490 2715 538 2746 Cf.
564 2718 636 2746 ibid.
664 2716 704 2745 iii.
733 2718 760 2746 2.
865 2714 872 2736 i
899 2716 947 2745 Cf.
969 2717 1095 2746 Dissert.
1115 2717 1212 2755 Epist.
1231 2718 1244 2753 ξ
1263 2716 1303 2745 30
1321 2716 1379 2746 ἃς.

66 2758 118 2786 20.
169 2800 196 2810 μ
225 2803 230 2807 .
257 2802 262 2807 ¹
871 2757 883 2776 ⁸
909 2758 1199 2797 eui—eruptioneuz]
1219 2768 1279 2808 oui.
1298 2758 1345 2788 ed.
1365 2759 1431 2808 '933

109 2803 127 2827 ἕ
152 2799 201 2829 (Α.
221 2801 292 2830 almi.
312 2810 355 2829 111.
374 2802 401 2829 2.
420 2800 469 2829 31.
870 2798 875 2820 ¹
893 2800 1004 2840 netem]
1035 2801 1138 2831 Immo
1160 2803 1285 2831 παίει-ιω
1298 2813 1308 2835 ,·
1333 2800 1370 2830 cf.
1389 2802 1519 2831 Dis-sert.

108 2838 126 2862 ἢ
153 2842 250 2871 Deest
276 2845 290 2880 §
319 2844 356 2872 12
381 2842 412 2872 in
429 2842 476 2873 ed.
495 2843 565 2875 '93;
596 2844 634 2872 cs.
654 2845 759 2873 Sched.
828 2844 927 2881 Epist.
944 2846 958 2882 ξ
974 2845 1023 2873 39.

68 2884 178 2914 Monit.
197 2886 238 2915 ΙΙ.
259 2886 273 2921 §
292 2887 319 2914 4.
