1985 3308
531 151 872 193 PROCESSUS
905 150 1172 192 INTEGRI.
1493 150 1576 193 587

121 259 362 301 catharticis
393 259 538 300 cedere
569 258 723 307 soleat3
770 271 867 298 cum
896 257 943 297 in
976 256 1028 296 iis
1059 255 1132 308 qui
1165 254 1288 295 facile
1322 258 1572 307 purgantur,
1657 263 1712 293 Dr:

122 341 301 381 syrupus
329 328 381 368 de
412 327 532 380 spina
562 326 730 367 cervina
756 325 881 375 solus,
907 324 960 365 ad
986 323 1157 364 unciam
1186 336 1318 362 unam
1349 321 1574 370 exhibitus,
1590 306 1778 336 annopn.

122 408 252 447 aquas
273 400 336 435 sat
358 394 522 447 copiose
540 393 692 443 eliciat,
709 393 755 433 in
775 393 856 433 illis
871 405 970 433 vero
991 391 1064 445 qui
1085 390 1309 430 difficulter
1324 393 1575 442 purgantur,

122 467 354 507 cathartica
376 481 502 519 supra
523 466 745 519 descripta,
762 470 862 506 utut
882 465 1031 514 valida,
1052 464 1120 504 vix
1142 475 1315 516 scopum
1337 460 1552 512 attingant
1566 476 1577 509 3

188 533 268 587 [5.]
309 534 516 583 Secundo,
554 533 786 574 cathartica
815 532 957 573 omnia
993 545 1099 585 quae
1131 530 1302 584 segnius
1333 531 1577 582 operantur,

122 599 256 652 magis
287 600 479 640 officiunt
508 613 635 652 quam
670 604 849 652 prosunt
862 616 874 648 3
916 597 1191 651 quamobrem
1220 594 1417 650 purgatio
1452 592 1578 646 paulo

122 666 272 707 fortior
293 670 335 707 et
356 666 500 716 nimia,
518 667 634 719 justo
656 665 848 706 debiliori
869 670 932 706 est
953 663 1228 718 praeferenda
1240 679 1251 712 ;

188 734 266 787 [6.]
305 734 460 783 Tertio,
483 747 617 786 aquae
648 747 697 773 ea
722 733 906 773 maxima
935 732 1149 772 eeleritate
1177 728 1389 770 exhauriri
1421 726 1578 767 debent

124 815 251 855 quam
283 801 396 854 aegri
421 801 529 841 vires
557 800 665 841 ferre
692 805 862 853 queant,
885 813 952 850 ne,
975 798 1101 838 nimis
1128 798 1258 850 longa
1283 796 1397 835 inter
1424 807 1577 847 purga-

121 869 260 910 tiones
280 869 502 910 intervalla
523 868 775 918 adhibendo,
799 882 932 920 aquae
955 867 1094 908 denuo
1116 865 1277 906 affatim
1299 863 1565 916 colligantur.

189 936 296 990 ['7.]s
328 937 406 977 Est
447 941 592 977 autem
626 935 702 976 ubi
736 935 1048 975 medicamenta
1087 933 1241 982 omnia,
1275 931 1579 984 qualiscunque
1597 944 1671 976 Quo
1687 944 1720 973 in

126 1003 298 1044 demum
326 1004 504 1056 generis,
535 1018 641 1056 quae
671 1003 812 1043 alvum
841 1006 1025 1051 movent,
1051 1014 1220 1054 prorsus
1251 998 1390 1040 omitti
1416 997 1580 1051 possint
1597 996 1783 1060 ἓξζξθῖᾒρῗζθ

126 1085 173 1111 ac
201 1071 385 1111 debeant
398 1088 409 1121 ;
442 1071 603 1124 quoties
629 1071 742 1111 enim
773 1084 898 1123 aeger
925 1068 1229 1110 constitutione
1257 1071 1320 1107 est
1344 1065 1579 1116 infirmiori,
1597 1070 1778 1104 educendae

124 1137 191 1178 vel
217 1137 403 1178 foemina
422 1137 645 1191 vaporibus
673 1138 868 1188 obnoxia,
891 1150 1097 1190 aquarum
1125 1134 1344 1176 evacuatio
1366 1133 1582 1174 diureticis
1599 1120 1682 1146 ⁵⁰¹¹*

127 1204 264 1245 solum
289 1205 609 1255 committenda,
631 1206 745 1246 inter
767 1219 873 1259 quae
898 1219 948 1245 ea
973 1208 1073 1244 sunt
1095 1202 1381 1244 efficacissima
1405 1214 1512 1254 quae
1533 1214 1584 1240 ex

128 1271 285 1312 salibus
306 1272 557 1312 lixivialibus
578 1273 688 1313 fiunt
705 1290 712 1313 z
735 1279 857 1323 ut,—

129 1361 262 1402 [Form.
282 1364 380 1405 216.]
431 1360 473 1411 R
501 1362 668 1396 Cinerum
687 1362 854 1396 Genistae
871 1362 997 1395 libram
1016 1371 1141 1399 una1n;

317 1418 557 1452 Infundantur
574 1418 700 1463 frigide
717 1420 753 1452 in
771 1418 853 1452 Vini
873 1418 1034 1452 Rhenani
1051 1417 1147 1449 libris
1165 1420 1331 1459 quatuor;
1362 1413 1505 1457 liquoris
1529 1422 1590 1457 pei·

319 1477 540 1510 filtrationem
559 1477 662 1510 colati
680 1478 803 1510 unciae
820 1482 889 1510 tres
906 1486 1021 1517 mane,
1040 1475 1164 1518 quinta
1183 1471 1435 1517 pomeridiana,
1453 1474 1488 1503 et
1504 1480 1590 1509 sero,

316 1534 461 1579 singulis
478 1533 599 1567 diebus
616 1533 857 1574 exhibeantur,
875 1543 984 1576 usque
1003 1531 1084 1564 duni
1102 1530 1229 1563 humor
1245 1527 1434 1562 evanuerit.

196 1629 275 1683 [8.]
313 1629 448 1682 Aquis
479 1630 568 1683 jam
598 1629 770 1682 penitus
802 1626 1026 1675 evacuatis,
1057 1623 1348 1666 calefacientia
1383 1625 1425 1663 et
1456 1634 1592 1662 corro-

130 1697 326 1738 borantia
346 1697 658 1737 medicamenta
677 1695 945 1750 usurpanda:
976 1698 1098 1744 ut,—

136 1784 268 1823 [Form.
287 1784 409 1825 2171]t
437 1783 476 1834 R
504 1785 654 1819 Radices
673 1785 837 1830 Raphani
857 1783 1053 1822 Rusticani,

509 1842 608 1876 Folia
626 1842 851 1876 Cochleariae
870 1840 1067 1879 Hortensis‚

510 1897 646 1941 [Folia]
666 1897 839 1931 Absinthii
858 1897 1034 1941 Vulgafis,

511 1953 647 1996 [Folia]
667 1954 816 1995 Salviae,

511 2012 739 2046 Summitates
756 2012 938 2045 centaurii
956 2010 1117 2049 Minoris,

513 2068 776 2110 [Sumniitates]
797 2069 984 2108 Genistae;

324 2127 563 2162 Infundanttn·
579 2128 614 2160 in
633 2128 797 2160 cerevisia
815 2126 894 2159 sorti
911 2136 972 2170 pro
990 2130 1075 2169 potu
1093 2123 1283 2156 ordinario:

139 2208 210 2262 qui
233 2213 356 2261 potus
384 2207 606 2260 incipienti
630 2206 823 2260 Hydropi
855 2203 1082 2258 aliquando
1111 2203 1201 2242 sine
1230 2200 1473 2242 catharticis
1502 2198 1599 2239 sub-

139 2275 267 2316 venit.
328 2274 411 2315 Vel
432 2274 628 2327 sequenti
648 2278 797 2314 utatur
813 2290 880 2312 ;-

140 2367 273 2406 [Form.
293 2363 391 2404 2123]
444 2362 483 2413 ἦ
513 2364 709 2398 Conservae
728 2363 952 2396 Cochleariae
972 2360 1171 2399 Hortensis,

515 2422 747 2467 [Conservae]
768 2421 944 2455 Absinthii
963 2420 1127 2459 Romani,
1144 2429 1213 2452 ana
1230 2418 1371 2451 unciani
1390 2427 1508 2455 unam,

517 2481 676 2514 Extracti
695 2480 906 2520 Gentianae,

515 2536 712 2580 [Extracti]
733 2537 910 2571 Absinthii
928 2535 1106 2580 Vulgaris,

517 2595 715 2636 [Exti-acti]
735 2594 917 2628 Centaurii
937 2592 1097 2631 Minoris,
1115 2601 1183 2624 ana
1200 2589 1384 2623 drachmas
1400 2594 1480 2627 tres,

515 2664 594 2686 cum
612 2652 803 2686 sufficiente
821 2651 1018 2696 quantitate
1037 2648 1165 2694 Syrupi
1182 2659 1201 2681 e
1219 2647 1358 2681 Cortice
1376 2646 1567 2679 Citriorum
1582 2659 1590 2685 ;

332 2712 410 2746 Fiat
435 2711 673 2750 electuarium,
690 2709 732 2743 de
750 2720 818 2754 quo
832 2714 947 2742 sumat
965 2707 1010 2741 ad
1035 2706 1269 2751 quantitatem
1288 2704 1387 2737 nucis
1404 2702 1604 2736 moschatae

329 2774 468 2819 majoris
493 2785 608 2813 mane,
627 2773 749 2817 quinta
775 2770 1024 2816 pomeridiana,
1042 2774 1077 2803 et
1099 2768 1244 2812 vesperi,
1261 2765 1514 2811 superbibendo
1541 2775 1604 2798 un-

329 2831 401 2863 cias
418 2836 567 2874 quatuor
584 2828 760 2873 sequentis
778 2827 962 2862 infusionis
975 2841 1032 2859 :—

232 2914 244 2929 ⁸
270 2910 318 2939 Cf.
338 2911 409 2940 ibid.
429 2911 443 2947 ξ
467 2911 506 2939 32
525 2919 568 2948 sq.
993 2908 1001 2926 ¹
1029 2905 1076 2935 Cf.
1096 2907 1167 2935 ibid.
1187 2907 1200 2943 ᾗ
1220 2905 1270 2939 36,
1288 2909 1316 2934 et
1335 2904 1426 2934 form.
1444 2903 1516 2932 220.
