1985 3308
210 293 337 323 Fennis

196 336 345 366 Coxrm.

181 378 360 409 Ausonum

201 420 338 452 ’Ta-⁹75.

178 970 313 1000 Sudores
329 980 346 999 a

173 1013 300 1052 praevia
313 1012 360 1042 di-

171 1055 314 1093 gestione

172 1097 306 1127 fluentes

172 1144 317 1179 p1·osunt;

175 1188 288 1212 nocent

172 1224 235 1254 alii.

171 1437 335 1470 Intermir-

172 1482 308 1512 tentium

169 1532 324 1564 paroxys-

173 1566 227 1600 mi,
245 1572 275 1596 et
296 1568 341 1598 fe<

170 1607 234 1637 bris
251 1610 320 1647 ejus

170 1652 324 1682 constitu-

172 1692 278 1729 tionis,
294 1695 327 1725 in

167 1739 314 1777 παρακμῇ

166 1778 311 1809 sudorem

169 1821 315 1851 criticum

171 1864 334 1902 postulant
346 1878 352 1900 ;

168 2120 263 2150 febris

168 2163 244 2193 item
261 2174 328 2203 pes-

168 2206 308 2236 tilentia-

166 2247 216 2282 lis,
227 2250 274 2279 vel
288 2251 355 2289 pri-

169 2291 230 2319 mis
247 2294 348 2322 morbi

168 2333 288 2364 dicbus.

379 181 463 220 212
794 179 1049 221 THOMAE
1083 179 1425 222 SYDENHAM

380 284 680 336 desiderarent,
710 290 828 339 potu,
862 299 1019 339 esuque
1050 291 1163 326 tamss
1188 285 1453 339 jusculorum
1485 298 1612 338 quam
1643 283 1835 334 aliorum,

379 353 667 407 cujuscunque
688 353 854 406 generis
875 354 973 402 sint,
991 354 1126 406 aegris
1147 353 1373 393 interdicto
1389 368 1400 401 3
1431 352 1645 405 permissis
1664 351 1838 392 interim

380 425 421 460 et
447 421 633 460 exercitii
660 421 852 461 consueti
880 435 974 470 usu,
997 426 1038 461 et
1070 434 1171 460 aura
1201 419 1410 469 liberiore,
1432 419 1648 472 nullaquev
1667 432 1837 472 prorsus

380 488 651 528 evacuatione
690 488 754 528 vel
796 488 926 528 semel
965 488 1175 528 instituta.
1240 485 1378 527 Saneh
1418 486 1661 527 omnimoda
1700 486 1837 526 solum

379 555 624 609 hujusmodi
654 569 728 608 per
757 555 935 595 biduum
965 554 1207 595 triduumve
1235 553 1496 594 abstinentia
1524 553 1678 594 liberos
1705 566 1835 603 meos,

382 637 430 663 ac
457 623 643 663 amicitia
673 623 777 662 mihi
809 622 1190 675 conjunctissimos,
1223 622 1388 662 curavi:
1419 635 1567 662 verum
1594 621 1675 662 hoe
1702 634 1836 662 reme-

382 691 450 731 dio
470 705 558 731 11011
585 691 667 730 11131
687 690 731 729 111
758 690 1000 743 junioribus
1022 703 1069 730 ac
1096 695 1432 743 temperamento
1454 689 1687 742 sanguineo
1716 702 1836 742 prae-

381 758 480 798 ditis
501 763 563 798 est
584 757 805 797 utendum.

445 826 552 878 [15.]
593 825 718 866 Quod
749 826 784 865 si
814 825 973 876 demus,
1005 826 1219 866 Naturam
1249 840 1337 867 11011
1367 826 1449 866 alia
1477 825 1678 866 methodo
1709 838 1836 878 quam

378 907 453 946 per
480 893 747 946 diaphoresin
776 893 975 934 morbum
993 894 1160 934 vincere
1189 908 1323 947 posse,
1347 908 1399 934 an
1429 908 1517 934 non
1547 907 1617 934 eos
1641 893 1836 934 volumus

378 959 562 1010 sudores,
586 960 658 1013 qui
687 960 836 1001 morbo
859 961 949 1014 jam
979 961 1201 1002 fatiscente
1231 965 1528 1015 prorumpunt,
1551 965 1593 1001 et
1621 974 1646 1000 a
1668 959 1836 1013 praevia

378 1027 612 1081 digestione
628 1029 781 1079 fluunt,
798 1043 887 1070 non
902 1043 1000 1070 vero
1019 1029 1135 1080 istos,
1154 1030 1238 1083 qui,
1255 1029 1402 1083 primis
1418 1028 1555 1069 morbi
1571 1027 1719 1068 diebus
1739 1040 1835 1080 pro-

376 1096 495 1146 trusi,
519 1095 570 1136 ab
601 1096 841 1150 interrupta
864 1096 1046 1137 furentis
1066 1097 1261 1138 Naturae
1291 1096 1537 1138 oeconomia
1565 1094 1834 1136 naseuntur?

379 1162 639 1217 Hujusmodi
664 1164 856 1218 (opinor,)
883 1165 1055 1205 sudores
1075 1179 1164 1206 non
1193 1170 1318 1205 erunt
1339 1163 1626 1218 promovendi,
1650 1168 1693 1203 at
1722 1163 1834 1203 com-'

375 1232 608 1284 pescendus
648 1232 787 1286 potius
827 1233 1039 1273 tumultus
1078 1233 1148 1274 ille
1196 1234 1265 1274 0111
1305 1238 1447 1274 ortum
1487 1246 1612 1272 suum
1662 1230 1832 1272 debent.

375 1299 623 1340 Istiusmodi
654 1306 798 1341 autem
829 1300 1000 1341 sudores
1031 1301 1188 1342 multas
1214 1301 1396 1342 febrium
1429 1300 1598 1354 species,
1619 1299 1716 1340 licet
1745 1312 1835 1340 non

374 1380 533 1417 omnes,
564 1367 700 1408 solent
732 1368 924 1408 comitari
938 1386 948 1418 3
990 1383 1129 1422 neque
1160 1369 1274 1410 enim
1305 1383 1399 1409 sum
1431 1368 1598 1408 nescius
1627 1366 1834 1420 quasdam

373 1433 555 1474 febrium
578 1435 734 1488 species
751 1436 841 1489 ejus
863 1450 952 1477 esse
968 1437 1134 1488 indolis,
1151 1442 1199 1477 ut
1221 1437 1266 1477 in
1288 1436 1490 1492 παρακμῇ
1506 1435 1702 1476 311ᾶο10111
1718 1434 1833 1475 hune

374 1502 567 1542 criticum
603 1502 683 1542 sibi
716 1503 946 1556 postulent.
1026 1505 1147 1545 Tales
1182 1509 1281 1546 sunt
1316 1503 1590 1558 particulares
1621 1501 1832 1542 intermit-

375 1569 561 1609 tentium
588 1571 840 1624 paroxysmi,
873 1586 1029 1625 magna
1058 1573 1162 1613 item
1199 1578 1241 1613 et
1272 1571 1612 1626 frequentissima
1638 1570 1832 1610 Naturae

375 1636 503 1677 febris
535 1637 586 1677 ab
617 1638 689 1678 illa
718 1638 908 1691 pendens
939 1640 1242 1681 constitutione
1276 1655 1382 1693 quae
1414 1640 1467 1680 ad
1498 1638 1832 1679 intermittentes

375 1704 604 1757 epidemice
644 1705 936 1758 producendas
981 1708 1105 1748 unice
1146 1708 1271 1758 facit3
1317 1708 1363 1747 in
1402 1707 1468 1747 his
1515 1706 1642 1756 enim,
1684 1706 1719 1746 si
1763 1705 1832 1746 cui

373 1773 574 1813 methodo
603 1774 825 1814 insistatur
847 1789 953 1828 quae
972 1790 1060 1816 11011
1088 1790 1137 1816 οο
1163 1776 1303 1816 tendit
1330 1781 1378 1816 ut
1407 1774 1584 1815 materia
1613 1774 1833 1814 morbifica

375 1839 591 1893 digeratur
624 1841 824 1894 primum,
857 1843 956 1883 dein
989 1857 1065 1897 per
1100 1843 1272 1884 sudores
1313 1843 1567 1892 eliminetur,
1605 1841 1831 1894 augebitur

372 1908 572 1949 morbus:
622 1910 817 1962 quocirca
861 1911 1002 1951 nullae
1050 1911 1120 1952 hic
1160 1912 1454 1952 evacuationes
1493 1911 1635 1951 locum
1674 1909 1830 1950 habere

373 1975 541 2026 debent,
563 1977 646 2017 nisi
675 1983 884 2030 quatenus
916 1979 1053 2019 morbi
1083 1979 1291 2033 impetum
1322 1979 1469 2033 primis
1497 1977 1645 2019 diebus
1677 1977 1830 2031 quibus

372 2044 618 2097 aggreditur
653 2046 936 2087 sufflaminare
966 2047 1120 2097 valent,
1151 2061 1206 2088 ne
1236 2048 1349 2088 inter
1378 2046 1643 2087 medentium
1683 2059 1829 2099 operas

372 2126 496 2165 aeger
529 2113 616 2153 fato
652 2114 912 2155 succumbat.
977 2114 1095 2156 Quin
1130 2120 1172 2156 et
1206 2115 1334 2157 febris
1366 2115 1660 2169 pestilentialis
1691 2128 1828 2165 causa,

372 2194 469 2220 cum
499 2181 750 2222 tenuissima
780 2182 833 2222 sit
865 2187 906 2222 et
945 2197 1149 2236 perquam
1182 2183 1361 2234 subtilis,
1397 2183 1463 2224 vel
1502 2182 1650 2237 primis
1691 2182 1830 2223 morbi

374 2247 521 2288 diebus
561 2248 784 2289 sudoribus
826 2249 976 2290 difflari
1018 2255 1171 2304 potest,
1214 2251 1473 2305 suffragante
1512 2250 1670 2303 ubique
1706 2263 1828 2303 expe-

371 2315 538 2356 rientia.

436 2383 543 2437 [16.]
582 2383 682 2424 Istis
703 2389 846 2425 autem
866 2386 912 2425 in
939 2385 1140 2437 febribus,
1162 2386 1208 2426 in
1230 2386 1382 2440 quibus
1403 2385 1614 2427 ordinario
1641 2388 1827 2439 sympto-

371 2456 534 2491 matum
570 2452 714 2502 ductu,
749 2458 791 2493 et
828 2453 862 2493 si
903 2468 978 2494 suo
1012 2455 1136 2507 genio
1171 2455 1236 2494 uti
1267 2454 1583 2507 permittantur,
1616 2467 1828 2506 nusquam

369 2518 559 2559 videmus
598 2520 813 2560 Naturam
847 2521 1068 2561 materiam
1108 2520 1371 2562 morbificam
1406 2522 1495 2575 jam
1534 2524 1827 2574 praeparatam

369 2589 558 2639 tempore
588 2588 811 2641 praefinito
833 2602 1034 2629 evacuare
1055 2588 1187 2629 solere
1200 2605 1211 2638 3
1242 2589 1383 2629 nescio
1411 2603 1467 2628 an
1487 2602 1575 2629 non
1604 2587 1699 2641 plus
1726 2587 1826 2628 satis

369 2654 617 2693 temerarius
638 2654 673 2694 is
694 2654 833 2704 fuerit,
853 2655 924 2708 qui
945 2655 1095 2696 sudore
1116 2655 1380 2709 provocando
1395 2655 1481 2695 vim
1501 2654 1650 2696 morb'o
1670 2654 1826 2695 inferre

369 2721 538 2773 cogitet,
571 2727 697 2775 atque
729 2736 903 2775 aegrum
937 2736 985 2763 ea
1013 2724 1101 2764 sola
1131 2723 1333 2764 methodo
1365 2723 1599 2773 restituere,
1630 2736 1728 2763 cum
1762 2722 1826 2775 (ut

370 2786 490 2827 docet
541 2789 720 2830 Divinus
764 2790 932 2843 Senex)
977 2792 1050 2842 τῆς
1091 2789 1259 2834 Φύσεως
1307 2789 1669 2845 ἀντιπραττούσης
1708 2787 1826 2830 κενεὰ

412 2909 424 2926 '⁵'
451 2905 631 2975 Ia7n-fi'1!]
651 2909 783 2936 rar-nium
807 2907 1035 2945 etjascnlornm
1053 2919 1068 2937 e
1171 2906 1183 2924 ¹¹
1210 2905 1449 2946 Sanc—uterus]
1469 2916 1529 2936 om.
1547 2906 1594 2937 cd.
1613 2906 1674 2937 '76.

369 2948 508 2975 carnibus·
527 2958 572 2975 (’(.
593 2948 653 2977 ’7151
