1985 3308
386 162 473 201 544
800 159 1057 201 THOMAE
1091 157 1432 200 SYDENHAM

207 275 262 307 De
280 275 347 306 Ar·
453 266 562 320 [12]
603 266 648 306 Si
669 266 841 321 chalybs
862 267 979 321 justo
1000 267 1095 320 plus
1116 279 1267 319 corpus
1289 263 1519 314 calefaciat,
1541 268 1636 303 tum
1663 276 1738 316 per
1758 260 1848 316 ejus

187 319 370 393 Ἐξξέκὲἷ
389 348 529 384 usum,
548 338 698 387 quarta
719 347 884 387 quaque
906 348 1057 374 aurora
1078 337 1218 373 sumat
1239 346 1443 385 aquarum
1459 331 1729 372 mineralium
1747 344 1850 385 pur·

392 402 587 455 gantium
610 402 738 442 libras
761 406 966 455 quatuor,
999 414 1118 454 quae,
1140 400 1312 441 tametsi
1339 400 1481 441 alvum
1500 405 1712 450 moveant,
1733 397 1852 440 haud

390 474 537 509 tamen
566 470 804 510 tumultum
835 470 961 519 cient,
983 473 1033 509 ut
1064 468 1202 509 solent
1233 468 1465 509 cathartica
1495 482 1546 509 ex
1576 467 1752 509 officinis
1780 467 1851 508 de-

391 543 601 592 prompta.

458 605 598 659 [13]p
632 605 677 644 Si
707 604 880 658 chalybs
909 618 1088 657 magnas
1121 603 1460 658 perturbationes
1489 603 1678 653 inducat,
1708 601 1854 643 lauda-

392 688 513 724 num,
551 688 659 727 aqua
689 673 831 726 aliqua
859 673 1088 727 Hysterica
1128 673 1317 723 mistum,
1355 672 1533 727 singulis
1567 671 1765 713 noctibus
1801 670 1856 712 ad

394 745 564 792 tempus
586 739 757 793 aliquod
776 739 1105 793 propinandum.

461 807 601 860 [14.]<1
633 807 744 847 Cum
765 821 790 847 a
808 807 947 848 morbi
963 807 1247 849 diuturnitate
1261 808 1419 849 fractae
1441 813 1483 849 et
1505 808 1675 849 attritae
1696 807 1857 849 fuerint
1918 797 1923 805 ⁸

395 876 515 927 vires,
537 876 819 917 venae-sectio
841 880 883 916 et
905 876 1137 916 cathartica
1156 890 1245 917 non
1267 881 1367 916 sunt
1388 876 1714 930 praemittenda,
1738 875 1812 917 sed
1831 889 1857 916 a.

395 944 572 999 chalybe
595 944 740 985 statim
760 944 1067 998 incipiendum.

461 1014 596 1068 [15]r
627 1014 716 1054 Ubi
744 1019 1029 1068 symptomata
1056 1018 1156 1054 sunt
1184 1013 1352 1054 mitiora
1381 1013 1482 1054 satis
1513 1018 1577 1055 est
1605 1013 1859 1067 sanguinem

395 1081 579 1132 mittere,
597 1087 638 1122 et
656 1082 797 1122 alvum
814 1082 973 1121 solvere
995 1081 1047 1121 ad
1070 1081 1157 1122 dies
1178 1087 1264 1123 tres
1280 1082 1345 1122 vel
1363 1087 1544 1136 quatuor
1549 1100 1560 1133 3
1588 1082 1687 1123 dein
1702 1082 1860 1123 Pilulas

399 1149 648 1204 Hystericas
670 1149 723 1190 ad
745 1149 832 1190 dies
855 1149 1000 1190 decem
1021 1163 1146 1189 mane
1169 1154 1211 1190 et
1233 1163 1324 1190 sero
1346 1150 1555 1191 exhibere.
1919 1190 1924 1195 ,

195 1233 390 1265 Laudanum
464 1220 572 1274 [16]
587 1225 600 1242 ⁵
631 1219 685 1260 In
709 1219 851 1260 dolore
872 1218 1140 1269 intolerabili,
1158 1218 1401 1269 vomitione,
1419 1223 1462 1259 et
1484 1219 1717 1270 diarrhoea,
1740 1232 1861 1260 enor-
1917 1216 1920 1218 ’

194 1277 615 1350 {ffffgffussjmioribuQ
639 1287 928 1328 exhibendum
954 1287 1202 1338 laudanum,
1226 1292 1267 1328 et
1288 1292 1436 1341 postea
1460 1287 1759 1329 corroborandi
1780 1286 1862 1342 spi-

398 1356 518 1396 ritus.
584 1357 656 1406 At,
679 1355 805 1396 modo
830 1369 905 1409 per
935 1355 1039 1396 vires
1068 1355 1206 1406 liceat,
1230 1361 1330 1396 ante
1356 1370 1482 1396 usum
1512 1356 1686 1396 laudani
1710 1355 1863 1396 educa-

397 1429 470 1465 tur
491 1437 513 1464 e
535 1423 651 1463 venis
674 1423 858 1477 sanguis,
882 1428 924 1463 et
945 1423 1228 1464 catharticum
1251 1424 1514 1478 propinetur,
1536 1425 1582 1465 in
1603 1424 1864 1479 viraginibus

399 1491 649 1547 praesertim
666 1497 708 1532 et
731 1491 965 1544 sanguineo
979 1497 1318 1544 temperamento
1334 1493 1534 1546 praeditis
1548 1509 1560 1543 3
1590 1492 1636 1532 in
1653 1491 1865 1533 debiliori-

399 1562 480 1603 bus
503 1566 646 1618 autem
663 1566 704 1602 et
720 1561 837 1602 haud
856 1561 917 1602 ita
934 1561 1098 1615 pridem
1118 1576 1417 1616 paroxysmum
1437 1562 1568 1616 passis
1589 1562 1742 1604 sufficit
1763 1575 1864 1602 ven-

400 1630 603 1671 triculum
628 1628 779 1683 congio
809 1643 896 1669 uno
923 1629 1044 1669 lactis
1076 1630 1309 1670 cerexisiati
1338 1631 1489 1672 hausto
1512 1635 1554 1671 et
1575 1645 1673 1672 mox
1699 1644 1775 1684 per
1794 1644 1865 1672 vo-

401 1699 558 1739 mitum
578 1698 735 1752 rejecto
757 1697 990 1751 detergere,
1014 1697 1111 1737 dein
1133 1697 1296 1751 largam
1321 1698 1442 1739 dosin
1462 1699 1675 1739 theriacae
1695 1698 1865 1739 Andro-

402 1769 544 1810 machi
563 1768 630 1808 vel
651 1766 866 1808 electuarii
895 1766 1115 1806 Orvietani
1141 1766 1362 1819 imperare,
1385 1771 1427 1807 et
1453 1766 1687 1807 cochlearia
1707 1766 1867 1820 aliquot

402 1838 577 1892 liquoris
595 1835 774 1888 alicujus
791 1833 1007 1888 spirituosi
1028 1848 1125 1874 cum
1146 1834 1336 1888 pauculis
1354 1834 1528 1875 laudani
1547 1834 1697 1888 liquidi
1719 1840 1867 1888 guttu-

403 1908 455 1948 lis
477 1904 787 1960 superbibenda
809 1904 920 1944 dare.
962 1903 1087 1944 Quod
1110 1904 1144 1943 si
1166 1918 1292 1957 aegra
1308 1904 1563 1958 jampridem
1584 1903 1807 1954 vomuerit,
1825 1907 1868 1943 et

404 1975 580 2016 ulterius
595 1973 783 2014 emeticis
797 1971 1021 2012 sollicitare
1037 1972 1224 2025 periculo
1241 1986 1330 2012 non
1343 1972 1763 2023 vacabit,laudanum
1779 1971 1871 2012 sine

406 2058 525 2085 mora
545 2041 858 2097 propinandum
881 2045 943 2081 est
965 2054 1014 2079 ea
1036 2039 1126 2080 dosi
1148 2054 1254 2093 quae
1278 2044 1518 2094 symptoma
1538 2040 1694 2090 vincat,
1715 2044 1757 2080 et
1777 2043 1874 2093 post

406 2115 594 2169 singulas
615 2112 866 2153 vomitiones
888 2108 1014 2149 toties
1033 2108 1196 2162 quotics
1217 2108 1510 2162 repetendum,
1528 2108 1576 2148 in
1591 2107 1727 2149 forma
1741 2107 1872 2161 potis-

407 2183 562 2223 simum
585 2180 730 2229 solida,
748 2178 815 2218 vel
830 2178 874 2217 in
894 2176 1068 2230 liquida,
1086 2176 1130 2216 in
1147 2190 1273 2229 parco
1288 2176 1492 2227 vehiculo,
1509 2176 1702 2217 videlicet
1725 2180 1873 2229 guttae

407 2251 569 2304 aliquot
591 2249 636 2289 in
657 2246 865 2289 cochleari
885 2259 972 2285 uno
995 2258 1127 2298 aquae
1153 2244 1412 2285 cinnamomi
1434 2245 1630 2296 fortioris,
1653 2259 1780 2298 aegra
1807 2244 1874 2284 in-

406 2319 533 2360 terim
556 2315 882 2370 conquiescente
903 2318 944 2353 et
968 2318 1095 2366 caput
1116 2312 1345 2353 immotum
1365 2318 1555 2353 tenente.

465 2384 710 2427 Perdomito
733 2385 1030 2437 symptomate,
1048 2393 1173 2421 mane
1196 2384 1238 2421 et
1260 2394 1352 2422 sero
1376 2381 1430 2421 ad
1447 2380 1535 2421 dies
1551 2380 1754 2435 pauculos
1775 2393 1876 2421 con-

407 2456 602 2497 tinuetur
622 2466 725 2493 usus
746 2450 933 2491 laudaui.

208 2539 388 2567 Observan-
478 2523 586 2578 [17.]
627 2521 746 2562 Haec
788 2519 872 2559 duo
913 2517 1139 2571 diligenter
1177 2517 1367 2558 notanda
1385 2535 1392 2558 :
1445 2518 1571 2572 quod,
1608 2531 1706 2559 cum
1746 2516 1878 2558 semel

208 2582 359 2653 ἓξέξὲᾟ
412 2597 507 2646 post
549 2589 843 2631 evacuationes
883 2586 1068 2626 laudano
1110 2586 1175 2626 uti
1215 2586 1492 2640 coeperimus,
1529 2600 1579 2627 ea
1619 2585 1709 2626 dosi
1750 2590 1878 2638 atque

209 2667 296 2697 dum·
414 2661 485 2701 illa
512 2659 636 2700 toties
668 2656 849 2710 repetita
881 2654 1140 2695 sumendum
1172 2659 1249 2704 est,
1272 2654 1405 2695 donec
1434 2659 1673 2708 symptoma
1700 2652 1877 2694 omnino

414 2728 541 2769 fuerit
578 2725 852 2774 debellatum,
883 2722 1111 2776 interjecto
1153 2727 1326 2763 tantum
1363 2722 1540 2776 spatiolo
1579 2722 1693 2763 inter
1732 2721 1877 2774 singu-

415 2797 476 2837 las
510 2795 642 2844 doses,
675 2798 725 2833 ut
759 2791 860 2846 quid
895 2790 1010 2844 prior
1050 2789 1307 2843 praestiterit
1345 2795 1444 2829 ante
1484 2802 1709 2830 noscamus
1751 2800 1879 2842 quam

462 2905 475 2924 Ρ
499 2901 656 2936 bosun&
677 2899 801 2928 13-22
818 2897 849 2926 in
867 2897 914 2926 ed.
932 2898 994 2927 ⁹93.
1222 2900 1235 2916 Υ
1259 2896 1308 2925 Cf.
1327 2898 1398 2926 ibid.
1418 2899 1432 2935 §
1454 2897 1522 2926 106.

461 2948 473 2967 ‘³
499 2943 548 2972 Cf.
568 2943 695 2971 Discors.
714 2942 812 2980 Epist.
830 2941 844 2977 ξ
863 2940 915 2969 96.
943 2951 946 2955 ’
1222 2939 1232 2953 ⁸
1258 2939 1306 2969 Cf.
1324 2941 1396 2968 ibid.
1415 2941 1429 2977 ξ
1450 2940 1510 2968 122
1526 2949 1570 2977 sq.
