1985 3308
424 177 918 218 OBSERVATIONES
953 178 1241 218 MEDICAE.
1416 215 1428 225 ,
1505 183 1557 220 525

219 285 306 324 Nec
327 284 467 323 doctas
487 296 631 335 mdqno
652 283 768 322 rioeas
789 287 964 323 ostentat
984 285 1113 333 hiatu,
1596 293 1744 322 somnus

280 352 400 398 Queis
420 351 519 402 ipsis
540 351 671 402 major
689 350 885 390 Febribus
905 352 1032 391 ardor
1047 352 1163 392 inest.
1607 334 1738 406 1›¹‹‘1'·‘1¹‘x.

216 419 418 458 Innocuas
428 418 596 470 placide
616 431 760 469 corpus
767 418 888 470 jubet
907 432 1025 459 urere
1036 419 1244 472 flammas,

272 486 332 525 Et
340 486 457 538 justo
478 485 644 537 rapidos
665 489 862 537 temperat
882 487 974 538 ique
983 486 1114 538 focos.

221 552 330 598 Quid
346 552 508 593 Febrim
529 553 753 605 eoetinquat,
776 553 916 592 varius
936 554 1036 606 quid
1044 556 1230 606 postulat
1252 568 1359 604 usus,

275 619 414 659 Solari
435 623 621 671 aeyrotos
637 633 716 672 qua
728 624 849 671 potes
869 625 972 670 arte,
996 622 1122 661 docet.

219 687 429 727 Hactenus
449 688 539 739 ipsa
558 701 675 728 suum
696 689 830 728 timuit
849 689 1016 728 Natura
1033 690 1219 739 calorem,

274 755 390 795 Dum
409 769 528 807 saepe
548 756 715 806 incerto,
739 770 814 808 quo
836 757 953 806 calet,
975 758 1066 809 ique
1078 758 1194 809 perit
1209 776 1219 796 .-

215 823 324 862 Dum
344 813 513 875 reparat
534 824 681 863 tacitos
701 824 804 864 male
816 825 994 875 provida
1015 826 1225 877 sauguinis
1247 827 1370 879 iquos,

274 890 484 930 Praelusit
507 890 632 940 busto,
645 890 701 942 fit
722 892 836 931 calor
856 892 933 931 iste
953 905 1088 944 roqus.

215 957 311 996 Jam
331 970 474 997 secura
495 971 591 997 suas
599 957 770 1009 foveant
783 959 1033 1010 praecordia
1047 959 1255 1011 flammas,

278 1025 401 1070 Quem
417 1025 583 1064 Natura
605 1029 737 1078 izeqat,
761 1026 833 1065 dat
854 1026 1064 1065 Medicina
1086 1027 1260 1067 modum.

215 1092 304 1131 Nec
323 1093 450 1132 solum
459 1092 612 1144 faciles
633 1094 846 1145 compescit
867 1095 1078 1145 sanguinis
1100 1099 1247 1144 aestus,

273 1159 388 1199 Dum
409 1160 532 1199 dubia
553 1164 612 1200 est
632 1161 739 1199 inter
758 1173 943 1212 spemque
960 1164 1181 1212 metumque
1200 1163 1311 1201 salus
1323 1181 1335 1208 ‚-

220 1225 305 1265 Sed
310 1225 448 1278 fatale
467 1228 619 1267 malum
641 1227 808 1276 domuit,
831 1228 1011 1279 quodque
1032 1232 1147 1268 astra
1169 1231 1388 1282 maliffieum,

278 1294 500 1343 Credimus,
522 1295 672 1334 iratam
695 1295 758 1333 cel
771 1295 958 1346 ,qenuisse
980 1295 1158 1347 Styqem.

214 1360 407 1401 Eoetorsit
427 1359 616 1401 Lachesil
639 1362 802 1411 cultros,
825 1362 1017 1413 Pestique
1038 1375 1229 1402 venenum

271 1428 466 1479 Abstulit,
489 1433 528 1468 et
549 1432 684 1469 tantos
705 1443 784 1469 non
803 1430 903 1469 sinit
924 1443 1007 1469 esse
1029 1433 1168 1469 metus.

219 1497 316 1542 Quis
336 1497 498 1537 tandem
519 1501 609 1536 arte
629 1511 731 1537 noca
753 1497 947 1537 domitam
968 1498 1175 1538 mitescere
1196 1500 1356 1539 Pestem

280 1563 445 1613 Credat,
468 1568 506 1604 et
528 1565 718 1617 antiquas
729 1578 883 1616 ponere
895 1578 1018 1616 posse
1038 1566 1171 1605 minas
1185 1567 1205 1605 ,Ρ

214 1632 314 1671 Post
335 1635 395 1672 tot
415 1632 524 1671 mille
544 1645 670 1682 neces,
693 1633 973 1684 cumulataque
983 1632 1137 1684 funera
1160 1633 1285 1683 busto,

281 1699 398 1739 Victa
407 1700 536 1752 jacet,
550 1713 683 1752 parvo
706 1701 878 1749 vulnere,
903 1700 995 1739 dira
1017 1701 1113 1740 lues.

213 1767 432 1807 Aether-iae
452 1781 680 1820 quanquam
699 1771 898 1820 spatyant
919 1768 1328 1820 contayiaflamrmte,

276 1834 477 1887 Quicquid
493 1835 597 1875 inest
618 1836 710 1875 istis
729 1835 901 1887 ifflzibus,
924 1836 1031 1887 iynis
1051 1837 1142 1875 erit.

212 1902 417 1953 Delapsae
438 1903 544 1942 coelo
556 1901 752 1954 flammae
773 1903 865 1942 licet
886 1903 1023 1942 acrius
1044 1907 1178 1952 urant,

273 1969 365 2008 Has
376 1969 515 2021 ,qelida
537 1970 719 2022 eoetinyui
741 1983 819 2009 non
839 1970 919 2009 nisi
940 1974 1068 2010 morte
1079 1974 1208 2022 putas
1222 1972 1242 2010 ‚1²

219 2035 278 2075 Tu
298 2033 465 2075 meliora
479 2049 623 2088 paras,
645 2038 796 2077 victrix
816 2038 1028 2077 Medicina
1042 2055 1054 2083 ,·
1087 2042 1267 2090 tuusque,

272 2103 409 2142 Pestis
429 2116 530 2155 quae
549 2107 713 2154 superat
735 2107 892 2152 cuncta,
915 2104 1142 2155 triumphus
1162 2105 1253 2143 erit.

224 2169 330 2219 Vive,
352 2170 488 2220 Liber,
511 2171 628 2210 victis
649 2170 872 2210 Febr-ilibus
892 2170 1052 2222 iqnibus
1064 2187 1076 2216 ;
1110 2184 1211 2210 uuus

276 2238 329 2277 Te
349 2239 471 2278 simul
489 2242 527 2278 et
548 2238 738 2278 mundum
759 2238 826 2290 qui
848 2241 995 2287 manet,
1018 2238 1124 2288 igniis
1145 2239 1235 2277 erit.

1091 2338 1129 2377 J.
1155 2337 1294 2387 Loca,
1320 2339 1440 2378 AM.

165 2406 330 2460 [1668.]
1008 2405 1072 2445 Ex
1093 2405 1212 2446 Aede
1235 2405 1394 2447 Christi
1419 2408 1555 2448 Oxou.

618 2530 622 2546 ¹
651 2529 794 2569 Lachesi]
811 2533 894 2560 —sis
910 2529 957 2559 ed.
976 2530 1034 2559 ’(58.
