1985 3308
323 137 847 179 OBSERVATIONUM
879 137 1255 178 MEDICARUM
1288 142 1328 174 V.
1356 146 1387 174 (5.
1504 139 1587 178 237

133 240 262 281 etiam
293 242 392 283 cieri
422 243 490 283 hic
521 248 685 296 poterat
717 242 843 282 sudor
874 241 963 283 sine
995 241 1161 295 ingenti
1189 255 1411 294 aegrorum
1444 241 1586 280 discri-
1631 249 1767 278 Amen-

1618 300 1773 320 PHALAE-

132 309 260 358 minc,
290 310 361 362 qui
390 311 434 350 in
464 311 691 364 phrenesin
727 310 890 363 aliaque
922 314 1205 364 symptomata
1235 308 1587 362 periculosissima
1655 343 1736 364 οδω..

132 391 230 417 mox
251 392 275 416 a
296 384 438 419 coacto
460 379 609 419 sudore
624 377 1023 432 praecipitabantur.
1061 377 1115 416 In
1138 376 1271 416 Febre
1293 375 1584 425 Pestilentiali,
1605 381 1731 383 ‘**⁴

132 457 238 496 quae
269 444 378 485 hanc
410 446 580 498 quidem
610 445 835 485 subsecuta
865 450 940 494 est,
973 444 1411 497 (inflammatoriarum
1442 448 1585 483 autem

130 511 322 551 omnium
344 527 450 565 quac
481 513 532 553 ab
558 513 629 553 illo
658 517 847 565 tempore
877 511 1065 551 invasere
1096 511 1272 550 chorum
1303 509 1452 562 duxit,)
1478 509 1585 549 nulli

130 578 302 619 sudores
339 585 487 633 sponte
523 596 599 621 sua
628 579 973 634 prorumpebant,
1010 583 1052 618 at
1089 593 1113 618 a
1148 577 1381 618 sudorificis
1414 577 1586 617 excitari

128 651 324 699 poterant
340 648 404 688 vel
424 649 569 701 primis
590 648 726 689 morbi
747 647 907 696 diebus,
925 651 1051 699 atque
1065 646 1114 686 iis
1137 645 1266 685 semel
1282 644 1440 685 obortis
1462 658 1586 697 aeger

127 713 245 755 nullo
266 728 352 754 non
374 721 655 769 symptomate
670 714 899 755 levabatur.
953 713 1087 754 Febre
1108 713 1297 767 proxime
1319 712 1583 762 succedente,

127 795 234 834 quae
262 781 454 822 Variolas
493 783 543 823 iis
580 783 701 823 amns
737 781 1018 822 comitabatur
1049 780 1202 834 quibus
1241 780 1336 820 illae
1370 779 1584 833 regulares

126 855 260 899 erant,
279 864 402 903 aeger
424 866 499 891 sua
520 856 668 904 sponte
689 849 950 890 effusissimis
972 848 1194 889 sudoribus
1215 852 1331 889 totus
1353 848 1583 888 dimanavit

125 916 191 956 vel
212 930 236 956 a
262 917 397 957 morbi
426 918 574 968 initio;
606 923 648 958 at
678 918 748 970 qui
770 917 861 957 istis
891 915 1140 968 indulgebat
1172 929 1309 968 aeger,
1331 913 1583 954 intendebat

123 983 236 1024 illico
257 990 540 1037 symptomata
570 985 724 1034 omnia,
747 984 862 1024 haud
888 983 1125 1036 mitigabat.
1194 984 1248 1023 In
1269 983 1380 1023 binis
1401 982 1483 1022 illis
1504 983 1581 1023 Fe-

122 1049 271 1090 bribus
294 1064 400 1103 quac
423 1051 585 1091 duabus
603 1051 872 1091 Variolarum
887 1051 1193 1091 Anomalarum
1216 1050 1433 1103 speciebus
1455 1057 1581 1102 atque

124 1117 387 1171 Dysenteriis
410 1133 452 1158 sc
473 1119 647 1159 comites
669 1118 972 1172 adjungebant,
990 1123 1032 1158 et
1053 1117 1224 1157 sudores
1247 1117 1429 1158 anomali
1451 1118 1580 1158 etiam

121 1186 252 1236 fuere,
285 1192 327 1227 at
353 1187 600 1240 plerumque
632 1187 728 1227 solis
758 1187 904 1240 primis
936 1186 1083 1227 diebus
1115 1191 1316 1226 exeuntes
1332 1203 1342 1237 3
1377 1186 1475 1226 licet
1508 1187 1580 1239 qui

120 1254 301 1307 primam
337 1254 515 1294 Febrem
545 1254 826 1294 comitabatur
861 1254 1000 1304 sudor,
1029 1267 1156 1307 qnam
1188 1253 1260 1306 qui
1289 1253 1579 1306 posteriorem,

120 1321 425 1374 aliquantisper
452 1326 561 1362 esset
586 1321 817 1374 copiosior:
850 1321 924 1361 sed
944 1321 990 1360 in
1013 1324 1167 1360 neutra
1188 1320 1477 1361 emolumento
1497 1321 1580 1362 fuit

119 1402 257 1441 aegro,
280 1402 377 1428 011111
398 1402 486 1429 11011
513 1403 537 1429 a
556 1388 723 1441 praevia
743 1388 1028 1438 concoctione,
1052 1387 1125 1428 sed
1153 1402 1178 1427 a
1198 1387 1374 1428 confuso
1395 1388 1578 1441 particu-

117 1456 254 1496 larum
275 1456 498 1496 noxiarum
518 1461 651 1506 motu,
673 1456 709 1496 is
731 1456 965 1496 eliceretur.
1597 1470 1747 1510 cognitio

183 1523 261 1577 [7.]
299 1523 496 1564 Arduum
522 1538 619 1565 vero
644 1524 689 1564 id
713 1524 819 1564 mihi
846 1523 1054 1577 imprimis
1075 1523 1254 1573 videtur,
1276 1537 1409 1564 novae
1431 1523 1576 1564 Febris
1594 1523 1782 1587 ᾗξὲρξζῦἳξδ

117 1593 311 1645 5110010111,
333 1597 525 1633 vertente
550 1592 737 1645 primum
762 1592 865 1633 anni
886 1591 1217 1642 Constitutione,
1238 1591 1455 1645 indagare,
1478 1606 1575 1632 cum
1594 1605 1733 1647 vertente

1592 1651 1733 1680 primun]

115 1659 299 1700 necdum
329 1660 543 1712 specimen
574 1661 664 1714 ejus
693 1660 863 1713 aliquod
890 1659 982 1714 quis
1010 1660 1141 1700 0011115
1168 1660 1447 1713 usurpaverit,
1477 1675 1573 1702 nec·
1592 1685 1667 1714 anni
1685 1685 1768 1715 Con-

116 1729 218 1768 dum
233 1729 446 1770 resciverit
464 1730 710 1783 qualesnam
727 1730 899 1771 demum
916 1730 1000 1770 sint
1016 1730 1151 1769 futuri
1172 1729 1309 1770 morbi
1326 1729 1572 1783 Epidemici,
1593 1726 1768 1808 {tiiizlrtiiiiie’

115 1811 219 1850 quos
240 1801 288 1836 ut
308 1797 539 1850 plurimum
557 1797 702 1838 Febris
723 1798 963 1851 praevertit.
1026 1798 1261 1838 Molestum
1277 1803 1386 1838 esset
1408 1798 1574 1850 singula
1591 1813 1781 1852 gentiatque

1543 1866 1550 1872 ·
1590 1857 1765 1886 accuratis-

115 1878 364 1904 enumerare
387 1879 493 1917 quae
513 1865 563 1905 iis
592 1866 727 1916 annis,
751 1865 802 1906 de
828 1865 981 1919 quibus
1003 1865 1082 1918 egi,
1105 1865 1395 1915 occurrebant,
1419 1880 1501 1919 quo
1524 1866 1572 1905 11-
1591 1897 1670 1927 sima
1689 1898 1749 1928 cir-

116 1936 263 1983 queret
291 1945 413 1971 ansas
440 1932 556 1971 haud
583 1932 779 1972 obscuras
808 1947 832 1973 a
862 1933 1031 1973 Natura
1057 1933 1179 1974 nobis
1211 1934 1392 1987 suggeri,
1420 1933 1572 1987 quibus
1591 1942 1777 1971 cumstanti-

1590 1992 1682 2011 al'unl
1699 1993 1767 2013 om-

115 1998 249 2051 adjuti
279 1998 359 2038 1100
389 2004 602 2051 praestare
632 1999 843 2039 valeamus
856 2017 868 2049 3
912 2013 958 2040 ac
988 2000 1164 2052 proinde
1195 2001 1381 2053 cognitio
1411 2001 1515 2041 haec
1550 2016 1574 2041 a
1591 2024 1681 2053 nium
1699 2026 1753 2055 ob-

114 2065 383 2118 perdiligenti
419 2071 545 2118 atque
581 2066 893 2106 accuratissima
932 2066 1346 2106 circumstantiarum
1381 2067 1572 2107 omnium
1591 2067 1768 2139 Szzvdagtiwe

113 2132 404 2173 observatione
425 2133 658 2173 necessario
679 2132 894 2186 pendebit.
963 2133 1041 2186 [8.]
1081 2133 1407 2174 Quantumlibet
1429 2139 1572 2174 autem
1590 2119 1749 2192 indicatio
1759 2174 1777 2193 a

112 2201 279 2241 difficile
310 2201 353 2240 id
388 2201 527 2250 fuerit,
557 2201 643 2241 imo
679 2201 714 2240 si
748 2206 790 2241 et
821 2200 1077 2254 impossibile
1108 2201 1232 2253 plane
1268 2215 1568 2254 supponamus,
1585 2202 1776 2278 {ttllvfflzltibgs

1637 2257 1673 2276 ae
1697 2258 1736 2277 en
1754 2259 1774 2278 l-

112 2283 243 2309 novae
274 2269 432 2319 Febris,
463 2268 537 2309 nbi
568 2269 753 2322 primimi
784 2269 1033 2322 ingreditur,
1063 2269 1243 2321 speciem
1275 2274 1389 2309 certo
1420 2269 1568 2310 distin-
1585 2287 1777 2321 bussumen-

112 2350 239 2389 guere
251 2353 263 2386 3
294 2341 452 2386 tamen,
470 2336 523 2376 ad
544 2336 808 2377 curationem
831 2336 942 2389 quod
964 2336 1131 2386 attinet,
1152 2336 1355 2376 indicatio
1377 2351 1401 2376 a
1416 2336 1567 2390 juvan-
1586 2330 1751 2405 {³2²1ssssss&

110 2406 224 2447 tibus
249 2412 290 2447 et
310 2407 576 2448 laedentibus
603 2407 808 2447 sumenda
832 2406 954 2447 nobis
982 2407 1131 2456 saltem
1157 2406 1422 2459 relinquitur,
1448 2406 1567 2460 cujus
1584 2415 1697 2465 saltenff
1714 2428 1761 2448 re-

111 2488 189 2527 ope
219 2474 328 2514 viam
358 2474 563 2528 paulatim
593 2480 921 2528 praetentanteS,
950 2489 1124 2527 aegrum
1159 2475 1205 2514 in
1234 2480 1329 2515 tuto
1359 2457 1752 2542 110551111115ῙῐῖζὶὲῑιέἷζίιΓ

110 2542 324 2592 collocare,
345 2542 472 2583 modo
497 2557 551 2583 ne
577 2543 671 2596 plus
701 2543 801 2583 satis
822 2556 1094 2596 properemus
1107 2560 1119 2592 5
1152 2557 1235 2595 qua
1261 2541 1431 2595 quidem
1451 2542 1567 2582 festi-
1586 2553 1662 2583 dum
1680 2564 1755 2602 cop-

110 2611 283 2651 nationc
303 2610 410 2650 nihil
426 2625 503 2664 ego
526 2611 751 2664 quicquam
773 2611 981 2651 exitialius
1003 2625 1092 2651 esse
1114 2616 1301 2660 autumo,
1318 2624 1397 2650 nec
1416 2624 1462 2650 re
1482 2610 1569 2650 ulla
1586 2598 1753 2678 Ξξῗὲἕῖζῖἀ

109 2678 190 2718 alia
212 2679 561 2719 Febricitantium
585 2679 724 2731 plures
753 2679 839 2719 vita
870 2678 1050 2731 spoliari.
1113 2678 1265 2732 Neque
1287 2678 1418 2732 pudet
1446 2678 1569 2719 fateri
1585 2680 1688 2753 {1332}
1691 2682 1771 2754 1111111

110 2761 177 2787 me
211 2761 298 2788 non
330 2748 459 2788 semel
488 2748 533 2787 in
564 2747 761 2788 curandis
784 2747 1000 2796 Pom-ibus,
1030 2747 1103 2787 ubi
1135 2747 1326 2787 nondum
1357 2751 1568 2787 constaret
1588 2747 1715 2797 niedico
1728 2772 1758 2797 et

110 2816 210 2868 quid
240 2816 345 2856 mihi
376 2816 587 2869 agendum
620 2822 740 2866 essct,
773 2816 880 2856 nihil
916 2831 1085 2869 prorsus
1122 2816 1285 2869 agendo
1317 2821 1358 2856 et
1389 2815 1495 2856 mihi
1526 2821 1568 2856 et
1584 2810 1772 2882 ffigrsogg’ff'

110 2898 234 2937 aegro
256 2885 514 2925 consuluisse
542 2885 724 2937 optime,
759 2884 860 2924 dum
882 2884 995 2924 enim
1018 2884 1164 2924 morbo
1185 2884 1462 2937 invigilarem,
1486 2898 1568 2936 quo
1584 2893 1669 2924 litur.
