1985 3308
415 153 809 196 DISSERTATIO
841 152 1245 193 EPISTOLARIS.
1471 154 1552 192 345

99 261 203 314 quid
228 262 294 303 vel
317 262 712 316 impraesentiarum
741 261 792 302 de
819 265 884 301 tot
911 265 1131 301 tantarum
1158 260 1383 313 regionum
1407 259 1555 300 incolis
1575 272 1628 302 DE
1646 272 1755 302 Vnu-

99 328 185 378 fiet,
201 343 299 370 cum
312 330 448 371 omnis
462 330 575 380 Asia,
586 330 730 370 Africa
745 328 894 379 omnis,
910 333 1037 381 atque
1050 327 1187 368 omnis
1202 328 1331 368 etiam
1344 327 1554 378 America,
1574 315 1756 387 Οιῗζῖἓξξ“

103 395 301 450 (demptis
333 399 492 452 aliquot
523 398 695 452 nuperis
728 396 902 438 coloniis
926 396 1043 437 haud
1072 395 1132 436 ita
1161 394 1404 449 populosis,)
1430 398 1557 447 atque

97 462 272 517 insuper
302 480 459 519 magna
485 466 680 519 Europae
706 479 816 519 pam,
839 465 946 505 Arte
973 463 1146 504 Medica
1171 476 1342 517 prorsus
1379 461 1558 502 destitu-

99 534 258 574 antur?
290 535 510 585 Attamen,
528 540 577 575 ut
598 535 816 587 eleganter
836 534 1047 584 Comicus,
1069 533 1178 574 viros
1204 531 1381 572 rationis
1409 544 1456 571 ae
1476 531 1558 570 vir-

97 604 243 642 tutum
259 617 341 643 usu
360 608 637 657 praestantes,
653 604 704 644 ab
727 617 873 644 eorum
891 617 1018 657 grege
1036 602 1109 656 qui
1124 602 1304 642 formam
1325 600 1558 640 humanam

97 671 184 712 vita
219 671 271 712 ad
303 672 439 713 instar
472 672 697 713 brutorum
737 669 905 723 ἀλόγων
945 676 1039 712 acta
1074 673 1373 724 conspurcaut,
1408 667 1557 708 distin-

99 752 247 791 guens,

197 846 264 885 ΔΩς
282 850 401 896 χαρίεν
422 847 589 896 (inquit,)
611 850 682 886 ἔστ’
703 851 890 897 ἅνθρωπος,
912 851 951 885 ἂν
970 850 1144 897 ἅνθρωπος
1165 847 1199 895 ᾗ·

198 926 235 967 [1.
255 938 280 958 e.
299 929 359 958 Res
374 933 417 958 est
433 930 515 957 homo
529 939 718 967 μοι-(1111001111,
736 931 762 958 si
779 940 844 958 vere
861 934 904 958 est
918 931 1022 963 homo;
1050 928 1152 967 (Stob.
1170 929 1276 958 Floril.
1294 937 1322 956 v.
1343 924 1427 965 ll.)]

98 1013 160 1054 ita
191 1013 320 1053 etiam
359 1014 442 1054 Ars
478 1014 662 1064 Medica,
701 1015 735 1054 si
767 1028 913 1054 revera
948 1028 1014 1054 ars
1047 1014 1189 1064 fuerit,
1224 1018 1265 1054 et
1301 1026 1390 1053 11011
1423 1010 1559 1051 30111111
1582 1015 1690 1048 Quale
1708 1015 1763 1045 bo-

98 1081 271 1122 nomine
303 1086 442 1132 tenus,
474 1082 708 1122 maximum
742 1087 805 1123 est
840 1083 1050 1123 donorum
1082 1082 1271 1122 omnium
1309 1093 1415 1134 quae
1448 1079 1560 1119 hanc
1577 1062 1762 1132 ᾌιζὲᾬίῗξ,

97 1149 229 1190 vitam
259 1150 504 1203 respiciunt,
537 1154 745 1203 tantoque
778 1150 952 1191 cacteris
987 1150 1185 1190 omnibus
1218 1147 1560 1202 praeferendum,
1579 1155 1616 1175 ca
1634 1144 1660 1173 si
1676 1153 1750 1174 vere

100 1223 260 1272 quanto
280 1218 371 1272 ipsa
390 1218 477 1259 wita
496 1218 546 1258 iis
569 1219 721 1272 quibus
741 1218 788 1258 111
808 1218 880 1258 illa
901 1218 1135 1272 gaudemus
1157 1216 1386 1271 praecellit.
1579 1198 1629 1217 ars
1647 1191 1738 1217 esset

165 1286 273 1340 [28]
315 1286 399 1326 Sed
428 1291 476 1326 ut
508 1287 561 1326 ad
590 1301 680 1327 rem
710 1287 906 1327 redeam:
946 1290 1323 1339 quantumcunque
1354 1283 1562 1324 conducat

99 1354 348 1407 plerumque
369 1368 495 1407 aegro
523 1359 570 1394 ut
592 1354 739 1407 primis
759 1353 898 1395 morbi
919 1353 1067 1394 diebus
1088 1354 1197 1394 lecto
1218 1367 1307 1393 11011
1327 1352 1560 1400 addicatur,

99 1427 163 1463 est
190 1426 336 1462 tamen
370 1422 498 1475 (quod
529 1422 867 1474 observandum,)
901 1421 974 1462 ubi
1008 1422 1137 1462 etiam
1168 1426 1266 1461 ante
1297 1419 1563 1473 eruptionem

100 1490 274 1531 omnino
305 1489 442 1530 addici
473 1489 636 1530 debeat.
698 1489 893 1543 Exempli
926 1489 1074 1542 gratia,
1106 1489 1260 1539 infans,
1294 1488 1345 1528 de
1377 1490 1563 1541 sympto-

99 1558 225 1599 matis
246 1558 527 1600 dentitionem
554 1558 855 1599 comitantibus
882 1558 972 1612 jam
994 1571 1177 1608 securus,
1201 1557 1429 1610 derepente
1450 1568 1563 1608 spas-

99 1640 170 1666 mo
190 1626 438 1680 corripitur,
470 1627 515 1667 in
546 1627 626 1668 hoc
657 1641 758 1667 casu
788 1626 1064 1680 cogitandum
1096 1631 1158 1667 est
1188 1626 1308 1675 mihi,
1331 1623 1564 1666 convulsio·
1584 1633 1729 1663 Infantes

99 1708 200 1735 nem
228 1695 356 1735 istam
385 1694 572 1735 fortassis
604 1710 629 1735 a
658 1695 852 1736 Naturae
883 1700 1052 1745 conatu,
1081 1710 1163 1748 quo
1190 1694 1381 1744 variolas,
1414 1692 1564 1733 scarla-
1583 1685 1769 1758 {gffgssi'iut

99 1762 237 1804 tinam
256 1762 431 1813 febrem,
454 1768 527 1803 aut
549 1763 778 1814 morbillos‚
800 1764 847 1804 in
877 1764 1062 1817 corporis
1089 1763 1287 1804 habitum
1316 1761 1565 1816 protrudere
1581 1761 1746 1794 tractandi.

100 1831 268 1884 satagit,
298 1831 495 1884 pendere,
526 1831 625 1871 licet
659 1831 881 1885 hucusque
910 1832 1073 1872 lateant
1107 1831 1185 1872 sub
1219 1831 1329 1872 cutis
1359 1829 1563 1883 tegmine.

101 1900 165 1940 Ut
186 1900 329 1953 itaque
349 1905 438 1940 tam
459 1900 694 1953 periculoso
716 1901 992 1955 symptomati
1017 1915 1163 1941 eamus
1185 1899 1365 1949 obviam,
1388 1898 1564 1952 emplas-

101 1972 169 2009 tro
190 1968 438 2021 epispastico
458 1968 624 2008 nuchae
644 1982 743 2008 mox
765 1969 974 2022 applicito,
990 1969 1100 2009 lecto
1122 1968 1436 2022 quamprimum
1453 1980 1564 2007 com-

102 2035 339 2076 mittendus
360 2040 423 2076 est
440 2051 451 2085 3
484 2035 673 2076 exhibito
694 2036 868 2089 insuper
887 2036 1168 2076 medicamine
1197 2036 1336 2088 aliquo
1361 2034 1564 2083 cardiaco,

102 2104 171 2145 cui
193 2104 322 2144 etiam
342 2103 575 2157 paregorici
605 2104 841 2157 pauxillum
862 2108 925 2144 est
953 2103 1286 2153 admiscendum,
1309 2116 1392 2155 quo
1423 2106 1465 2142 et
1491 2115 1564 2155 po-

102 2172 264 2214 tentius
299 2171 437 2212 morbi
477 2186 647 2212 causam
684 2172 887 2222 eliminet,
924 2176 1051 2225 atquc
1092 2172 1221 2212 etiam
1255 2170 1504 2219 tumultum,
1542 2183 1567 2209 a

103 2254 187 2296 quo
208 2240 342 2281 oritur
362 2253 650 2293 paroxysmus,
674 2239 914 2293 consopiat:
947 2238 1062 2279 verbi
1084 2237 1233 2292 gratia,
1255 2251 1385 2291 puero
1406 2236 1567 2277 trienni

105 2313 253 2363 guttae
289 2309 476 2362 quinque
511 2308 684 2348 laudaui
719 2307 870 2361 liquidi
900 2307 946 2347 in
988 2321 1120 2360 aquae
1154 2306 1410 2359 epidemicae
1445 2305 1565 2346 coch-

104 2377 209 2418 leari
238 2390 325 2417 uno
350 2377 440 2429 (aut
472 2376 574 2430 quid
605 2376 770 2430 simile,)
798 2380 898 2416 sunt
929 2375 1230 2429 propinandae.
1292 2374 1349 2414 Et
1379 2373 1567 2427 profecto

107 2445 295 2499 suspicor
326 2445 567 2496 admodum,
601 2446 670 2498 (ne
701 2445 839 2486 dicam
871 2449 1004 2485 certus
1033 2445 1150 2496 snm)
1183 2443 1377 2483 millenos
1409 2442 1568 2495 aliquot

106 2513 304 2564 infantes,
327 2517 370 2554 et
390 2513 619 2554 nonnullos
641 2514 770 2554 etiam
792 2518 930 2554 aetate
951 2512 1244 2566 provectiores,
1266 2511 1422 2551 idcirco
1452 2509 1568 2550 letho

105 2581 234 2623 fuisse
257 2582 389 2631 datos,
408 2581 521 2635 quod
541 2596 630 2622 11011
651 2580 750 2621 satis
780 2579 1155 2621 animadverterint
1177 2577 1348 2628 Medici,
1370 2577 1566 2631 hujusce-
1587 2583 1755 2634 quantun)

105 2650 222 2691 modi
242 2649 533 2691 convulsiones
549 2649 657 2690 nihil
677 2649 792 2690 aliud
812 2649 942 2689 fuisse
960 2662 1087 2702 quam
1107 2647 1353 2687 morborum
1370 2646 1459 2700 jam
1481 2645 1565 2686 dic·
1583 2627 1771 2712 ξὲῖεξὲῗζζη

106 2723 250 2760 torum
270 2718 563 2772 praenuncios.
602 2718 712 2758 Cum
733 2717 847 2758 enim
868 2717 1050 2757 Practici
1073 2716 1198 2770 paulo
1219 2714 1474 2755 incautiores
1494 2728 1566 2768 pa·
1583 2720 1727 2756 sympto-

107 2799 323 2840 roxysmos
343 2786 469 2827 hosce
489 2800 634 2827 revera
660 2785 1005 2841 symptomaticos
1026 2799 1101 2839 pro
1123 2783 1344 2825 affectibus
1365 2782 1566 2824 essentia·
1583 2764 1750 2832 2323}ssssss

107 2853 218 2895 libus
237 2854 437 2905 habeant,
460 2854 667 2896 enematis
692 2868 814 2908 saepe
835 2854 1025 2908 repetitis
1047 2858 1089 2894 et
1111 2852 1202 2893 aliis
1224 2843 1769 2917 01110111111011111113(ξιξξέἓξὲῑιι

111 2935 180 2963 eos
206 2923 404 2976 aggressi,
430 2923 700 2964 Variolarum
727 2922 941 2976 eruptioni
967 2922 1168 2970 officiunt,
1199 2934 1245 2961 ac
1271 2920 1449 2974 proinde
1475 2934 1567 2973 per·
1585 2937 1645 2962 tur.

806 3005 830 3030 r
851 3005 879 3044 y
