1985 3308
355 170 440 208 250
768 171 1024 212 THOMAE
1059 171 1399 212 SYDENHAM

191 284 302 313 szu-
356 275 430 316 ubi
455 275 613 316 scilicet
638 276 756 317 dolor
781 280 909 331 atque
935 277 1016 317 alia
1041 282 1326 331 symptomata
1351 275 1580 316 admodum
1605 273 1811 314 saeviunt.

196 335 296 356 RlTls.

356 346 416 386 At
437 360 547 396 vero,
570 346 605 386 si
625 346 691 386 vel
717 346 891 387 morbus
911 347 1124 387 remissior
1149 352 1191 387 et
1216 345 1390 386 minoris
1418 343 1605 398 periculi,
1626 342 1814 397 patiatur

355 418 404 453 ut
425 413 596 453 lentiori
616 413 723 467 pede
744 414 1002 467 progrediar,
1019 415 1084 454 vel
1105 413 1234 454 etiam
1255 413 1443 466 dejectae
1465 410 1580 464 aegri
1599 410 1706 450 vires
1728 423 1815 450 non

354 479 476 520 facile
497 480 635 521 ferant
657 481 1037 521 venae-sectionem
1063 486 1157 534 post
1179 486 1269 520 tam
1294 480 1436 520 brevia
1455 478 1674 520 intervalla
1695 492 1814 532 repe-

354 547 492 596 titam,
514 547 845 600 phlebotomiam
862 548 951 601 jam
973 548 1036 588 bis
1058 548 1314 588 celebratam
1336 562 1424 589 non
1446 548 1642 601 deinceps
1669 551 1816 600 repeto

354 614 435 654 nisi
462 615 686 667 interjecto
711 615 777 655 die
805 629 891 655 uno
920 620 993 655 aut
1020 616 1151 655 altero
1179 615 1292 655 inter
1319 615 1507 669 singulas
1534 615 1657 656 vices.
1720 614 1819 656 Qua

356 682 528 735 quidem
558 682 603 721 in
633 696 678 722 rc
709 696 903 722 normam
933 682 1039 722 mihi
1071 688 1214 723 statuo
1246 683 1672 733 contra-indicantia3
1716 682 1818 722 111110

355 764 508 803 nempe
549 750 685 790 morbi
720 750 979 798 violentiam,
1011 750 1111 790 inde
1151 764 1248 791 vero
1288 751 1538 791 imminutas
1578 751 1818 804 fractasque

356 818 471 870 aegri
494 818 599 857 vires
621 817 675 857 ad
695 817 875 857 invicem
902 817 1147 858 trutinatas.
1210 819 1267 858 Et
1290 833 1534 872 quanquam
1554 819 1601 858 in
1621 818 1818 859 curandis

355 884 512 924 morbis
543 884 761 936 integrum
792 884 899 924 mihi
921 898 1011 925 esse
1036 885 1144 935 volo,
1173 890 1222 926 ut
1248 886 1344 939 plus
1374 887 1568 927 minusve
1599 885 1819 939 sanguinis

155 961 194 990 In
211 959 328 1007 adultis
355 966 432 1005 pro
453 951 514 991 rei
541 952 705 991 ratione
728 952 987 991 demendum
1017 953 1286 1006 praecipiam,
1309 968 1404 994 raro
1429 958 1575 994 tamen
1603 953 1819 994 observavi

151 1012 221 1074 {forr}
235 1013 330 1083 ἔξω
358 1019 577 1059 Pleuresin
609 1019 903 1059 confirmatam
933 1019 979 1059 in
1011 1020 1167 1060 adultis
1198 1021 1353 1061 minori
1379 1036 1507 1074 quam
1538 1021 1821 1074 quadraginta

153 1090 199 1146 40-
216 1087 307 1116 circi-
357 1087 523 1127 circiter
543 1087 767 1126 unciarum
789 1087 1009 1140 sanguinis
1030 1087 1223 1141 impensa
1244 1094 1461 1138 sanatam,
1491 1089 1591 1129 licet
1612 1088 1657 1128 in
1678 1088 1819 1141 pueris

152 1135 318 1209 {ffugffifis
358 1154 487 1194 semel
507 1159 679 1194 tantum
701 1159 775 1194 aut
796 1154 861 1195 bis
884 1155 1064 1196 secuisse
1085 1169 1237 1196 venam
1258 1160 1306 1196 ut
1327 1156 1561 1209 plurimum
1591 1156 1817 1197 suffecerit.

152 1215 297 1254 5¹¹¹Pe¹¹⁵²²
357 1223 523 1276 Neque,
554 1236 660 1276 quae
687 1237 1000 1276 nonnunquam
1033 1223 1289 1276 supervenit,
1323 1223 1545 1264 diarrhoea
1575 1223 1819 1276 repetendis

155 1264 293 1286 sanatur.

155 1309 330 1339 Diar1-hoea
354 1292 444 1345 jam
472 1292 594 1332 dictis
615 1291 1026 1331 venae-sectionibus
1047 1291 1211 1331 obicem
1231 1290 1351 1344 ponit
1364 1308 1376 1340 5
1409 1305 1515 1344 quae
1538 1290 1710 1344 quidem
1729 1290 1821 1343 ipsa

154 1352 340 1424 {zll'ffeifssec
359 1359 438 1400 hac
459 1359 659 1400 methodo
674 1359 792 1400 brevi
813 1359 997 1410 sistetur,
1016 1359 1145 1400 etiam
1166 1373 1254 1399 non
1276 1358 1476 1399 adhibitis
1497 1357 1820 1399 medicamentis

157 1437 243 1484 tione
260 1417 318 1466 sis-
360 1427 732 1480 restringentibus.

155 1484 243 1509 tltur.

427 1496 506 1549 [9.]
543 1496 753 1536 Enemata
773 1495 838 1536 vel
858 1495 904 1536 in
927 1495 1109 1536 solidum
1131 1497 1296 1546 omitto,
1319 1496 1385 1536 vel
1405 1495 1603 1545 maxima,
1627 1509 1710 1548 qua
1729 1494 1822 1536 fieri

360 1568 510 1617 potest,
551 1563 664 1603 inter
713 1563 914 1616 repetitas
952 1564 1312 1604 venae-sectiones
1361 1562 1680 1616 intercapedine
1720 1575 1822 1603 curo

360 1631 603 1684 injicienda,
641 1644 773 1684 eaque
807 1644 896 1671 11011
931 1630 1014 1670 nisi
1045 1630 1355 1684 simplicissima
1389 1631 1463 1671 illa
1493 1645 1516 1671 e
1547 1630 1745 1671 saccharo
1774 1629 1821 1670 in

362 1699 472 1739 lacte
494 1699 646 1739 soluto.

157 1774 265 1814 Aeger
281 1785 297 1804 e
430 1766 536 1820 [10.]
575 1767 770 1807 Durante
797 1767 945 1808 morbo
965 1767 1009 1807 id
1031 1781 1123 1821 ago,
1145 1781 1200 1807 ne
1227 1780 1352 1820 aeger
1371 1766 1498 1807 nimis
1521 1769 1750 1814 exaestuet,
1774 1778 1822 1804 ac

159 1818 335 1889 {{'‹{'¹¹[,³(‘‚¹,J{⁰'
363 1834 539 1888 proinde
569 1834 750 1875 liberum
777 1835 838 1874 illi
872 1835 978 1876 facio
1008 1840 1057 1875 ut
1086 1836 1194 1875 lecto
1226 1834 1415 1887 quotidie
1446 1834 1669 1884 eximatur,
1691 1833 1820 1886 idque

158 1902 345 1975 {nenduslad
364 1902 417 1942 ad
448 1902 571 1943 horas
603 1903 776 1956 aliquot,
798 1908 923 1955 prout
957 1903 1064 1943 vires
1096 1903 1330 1952 suaserint,
1364 1902 1476 1955 quod
1508 1901 1679 1954 quidem
1709 1899 1822 1940 tanti

160 1955 253 2027 ‘132‘th
271 1956 287 1975 a
305 1955 328 1974 ¹·
364 1974 426 2010 est
447 1969 493 2009 in
513 1970 592 2010 hoc
619 1969 756 2010 morbi
789 1984 956 2023 genere,
979 1974 1041 2020 ut,
1071 1970 1105 2009 si
1134 1984 1258 2022 aeger
1282 1970 1392 2010 lecto
1418 1969 1581 2023 jugiter
1611 1969 1820 2021 affigatur,

363 2052 502 2091 neque
536 2038 640 2078 haec
671 2042 761 2078 tam
794 2039 913 2091 larga
947 2038 1167 2091 sanguinis
1203 2038 1433 2088 evacuatio,
1464 2051 1603 2090 neque
1637 2036 1824 2078 remedia

364 2106 446 2146 alia
461 2110 679 2159 utcunque
695 2106 1002 2159 refrigerantia,
1021 2106 1074 2147 ad
1096 2106 1209 2147 dicta
1229 2110 1516 2160 symptomata
1534 2103 1824 2159 perdomanda

363 2173 429 2213 vel
450 2173 676 2214 minimum
699 2173 926 2227 aliquando
946 2174 1183 2226 proficiant.

429 2240 537 2295 [11.]
575 2241 681 2281 Mox
722 2241 774 2281 ab
806 2241 960 2282 ultima
991 2241 1340 2291 venae-sectione,
1373 2240 1457 2281 nisi
1487 2240 1597 2280 forte
1632 2239 1749 2293 prius
1777 2237 1824 2278 id

365 2308 600 2361 contingat,
633 2313 919 2362 symptomata
954 2308 1099 2348 omnia
1127 2308 1366 2357 mitescent,
1399 2311 1442 2347 et
1472 2320 1597 2360 aeger
1631 2305 1720 2359 (qui
1749 2318 1824 2358 per

366 2377 525 2430 aliquot
553 2377 691 2417 adhuc
718 2377 806 2417 dies
835 2382 877 2418 et
906 2392 930 2418 a
955 2376 1189 2430 liquoribus
1221 2375 1456 2429 spirituosis
1488 2374 1823 2428 quibuscunque,

367 2449 409 2484 et
441 2459 465 2484 a
492 2445 765 2485 crassioribus
796 2445 913 2495 cibis,
937 2444 1144 2484 arcendus
1173 2444 1265 2495 est,)
1291 2442 1490 2496 pristinas
1510 2442 1618 2482 vires
1648 2456 1737 2482 non
1763 2441 1826 2481 ita

368 2512 442 2552 diu
471 2518 566 2565 post
594 2518 803 2553 resumet:
838 2527 920 2567 quo
949 2512 1120 2566 quidem
1150 2516 1342 2564 tempore
1369 2525 1458 2551 11011
1488 2510 1563 2551 abs
1593 2523 1639 2551 re
1670 2509 1750 2550 erit
1775 2513 1824 2549 ut

369 2579 485 2619 alvus
502 2579 687 2620 tenuiori
709 2580 849 2633 aliquo
871 2579 1103 2620 cathartico
1125 2573 1371 2619 solicitetur.

434 2647 542 2701 [12]
572 2648 669 2687 Jam
691 2662 788 2688 vero
806 2648 841 2687 si
863 2661 990 2701 quem
1011 2651 1190 2696 moveat,
1215 2646 1329 2699 quod
1348 2645 1447 2686 111110
1467 2646 1558 2686 viae
1578 2645 1824 2686 insistentes

370 2715 756 2767 expectorationem
785 2715 853 2768 xjx
881 2715 1053 2768 quidem
1084 2714 1359 2767 attingamUS,
1382 2713 1542 2754 nedum
1571 2712 1723 2766 quibus
1753 2712 1827 2753 illa

369 2783 605 2824 rationibus
626 2798 701 2837 per
712 2785 827 2824 varia
846 2784 985 2825 morbi
1005 2789 1198 2837 tempora
1219 2783 1272 2824 sit
1293 2782 1589 2836 promovenda,
1612 2780 1827 2835 operosius

172 2861 234 2892 Hic
250 2871 335 2891 mor-
372 2849 638 2901 disseramus,
662 2852 765 2892 sciat
792 2851 863 2892 ille
884 2852 988 2892 haee
1015 2866 1104 2892 non
1124 2865 1199 2905 per
1225 2851 1435 2892 incuriam
1465 2849 1588 2890 nobis
1610 2848 1825 2899 excidisse,

168 2905 354 2977 ξοῖζξιζξζξῢ
372 2917 446 2957 sed
467 2917 609 2959 dedita
630 2932 756 2971 opera
772 2919 929 2972 diuque
950 2920 1050 2960 satis
1073 2919 1270 2973 cogitata,
1293 2918 1489 2972 neglecta
1507 2917 1682 2958 tandem
1697 2916 1827 2957 fuisse
