1985 3308
518 145 857 186 PROCESSUS
890 145 1158 186 INTEGRI.
1481 152 1562 190 581

108 234 212 293 Post
251 252 433 306 primam
467 253 766 306 purgationem
803 253 1038 307 applicetur
1072 253 1349 306 emplastrum
1386 269 1566 309 sequens
1650 266 1704 297 De

107 322 272 375 regioni
293 321 536 362 lumborum
552 339 620 362 :——
1586 309 1760 382 ΜΙΞΞἙἝΜ

109 411 243 451 [Form.
261 411 387 452 20l.]y
420 409 460 460 R
490 411 681 456 Emplastri
699 411 740 444 de
759 410 886 451 Minio,
1591 403 1768 425 immemco

482 468 706 513 [Emplastri]
725 469 769 502 ad
789 469 974 511 Herniam,
990 482 1059 504 ana
1074 476 1188 515 partes
1205 471 1387 515 aequales3

296 527 543 560 Extendantur
565 538 667 572 super
691 527 842 560 alutam:
868 528 930 562 fiat
946 530 1170 574 emplastrum
1201 530 1335 574 regioni
1367 530 1566 563 lumborum

294 583 560 618 admovendum.

642 749 772 791 CAP.
805 751 1039 793 ΧΧΥΙΙΙ.ι

595 856 658 896 De
684 858 819 897 Colica
840 858 1071 911 Hysterica.

163 945 250 986 Es'r
271 944 428 998 speeies
450 945 670 999 quaedam,
694 961 767 987 seu
789 948 929 1000 potius
957 948 1126 1002 insigne
1148 963 1196 990 ac
1217 951 1337 991 valde
1358 951 1567 992 usitatum

105 1014 356 1055 Affectionis
390 1014 641 1067 Hystericae
673 1020 924 1068 symptoma,
957 1016 1025 1057 cui
1061 1017 1258 1057 comitem
1295 1032 1339 1058 se
1370 1018 1567 1072 adjungit

106 1082 225 1123 dolor
245 1082 354 1122 circa
374 1081 658 1122 scrobiculum
685 1083 820 1123 cordis
850 1084 1150 1136 atrocissimus,
1172 1086 1236 1127 uti
1266 1087 1395 1127 etiam
1416 1088 1566 1129 humo-

105 1165 202 1192 rum
222 1151 345 1191 viridi
365 1151 502 1192 colore
524 1166 598 1205 per
620 1151 893 1192 vomitionem
915 1154 1079 1207 ejectio.

171 1220 251 1274 [2.]
289 1219 446 1269 Primo,
479 1233 561 1273 quo
593 1219 768 1260 saburra
798 1220 1045 1260 vitiosorum
1075 1221 1304 1262 humorum
1333 1222 1379 1262 in
1410 1223 1567 1263 ventri·
1588 1231 1762 1262 Commo.

106 1288 202 1329 culo
223 1293 523 1329 contentorum
551 1287 692 1327 minus
720 1287 924 1340 impediat
951 1288 1182 1341 paregorici
1203 1289 1444 1339 efficaciam,
1469 1290 1569 1330 satis

106 1371 264 1410 magna
285 1356 500 1410 quantitas
521 1355 695 1409 liquoris
716 1355 911 1409 possetici
933 1356 1095 1396 affatim
1115 1356 1418 1410 ingurgitetur,
1442 1364 1570 1411 atque

105 1425 261 1466 iterum
294 1438 370 1478 per
402 1423 677 1464 vomitionem
711 1422 936 1476 rejiciatur,
973 1436 1126 1476 nempe
1168 1423 1358 1476 ejusdem
1394 1423 1569 1477 liquoris

108 1492 425 1546 sesquieongius
437 1508 448 1542 3
501 1505 584 1545 quo
623 1495 806 1544 peractO,
838 1490 1012 1531 laudani
1045 1491 1197 1543 liquidi
1233 1496 1382 1544 guttae
1417 1493 1569 1546 viginti

107 1560 296 1614 quinque
330 1559 375 1599 in
411 1573 545 1613 aquae
575 1558 833 1599 cinnamomi
865 1558 999 1609 fortis,
1031 1573 1166 1612 aquae
1196 1560 1466 1612 epidemicae,
1503 1562 1568 1602 vel

107 1627 214 1668 alius
234 1627 428 1677 vehiculi,
449 1627 578 1667 uncia
597 1641 684 1667 una
708 1626 1002 1680 propinentur.

172 1697 251 1751 [3.]
290 1697 345 1738 In
366 1711 448 1737 usu
467 1696 701 1750 paregorici
721 1696 800 1737 hoe
822 1697 1074 1749 notandum,
1093 1698 1206 1752 quod
1228 1712 1277 1739 eo
1299 1713 1435 1753 usque
1450 1715 1568 1754 repe-

106 1765 287 1807 tendum
317 1770 394 1816 est,
427 1765 561 1805 donec
597 1769 883 1819 symptomata
912 1765 1056 1806 omnia
1085 1766 1256 1819 penitus
1287 1768 1566 1818 cessaverint,-

107 1833 300 1874 debitum
320 1833 485 1873 interea
504 1837 673 1886 tempus
702 1833 1008 1887 interjiciendo,
1031 1838 1080 1874 ut
1102 1834 1334 1888 dijudicare
1354 1837 1567 1877 valeamus

108 1901 210 1955 quid
230 1901 345 1955 prior
366 1900 477 1941 dosis
499 1901 651 1951 effecit,
674 1905 904 1954 antequam
925 1915 1078 1942 novam
1099 1902 1358 1955 ingeramus.

172 1969 252 2024 [4.]
293 1969 338 2009 Si
359 1968 593 2021 sanguineo
613 1972 951 2021 temperamento
971 1969 1190 2022 praeditus
1211 1970 1266 2011 sit
1288 1985 1425 2024 aeger,
1447 1972 1513 2013 vel
1534 1973 1569 2013 si

108 2044 236 2080 antea
258 2037 338 2078 hoe
359 2041 644 2092 symptomate
665 2036 778 2077 haud
798 2037 985 2077 multum
1006 2037 1230 2079 infestatus
1251 2039 1379 2080 fuerit
1401 2054 1449 2081 ac
1469 2041 1566 2080 viri-

107 2106 188 2147 bus
208 2105 381 2155 fractus,
404 2104 484 2145 hoc
504 2104 549 2144 in
571 2118 671 2145 casu
699 2104 871 2157 sanguis
898 2104 1085 2158 primum
1106 2119 1128 2146 e
1149 2105 1321 2147 brachio
1343 2107 1567 2149 detrahen-

109 2175 201 2224 dus,
223 2180 453 2227 antequam
473 2172 744 2213 vomitorium
765 2173 1072 2227 praescriptum
1093 2174 1355 2228 propinetur.

170 2241 251 2297 [5.]
293 2242 387 2282 Hac
422 2241 513 2294 ipsa
546 2240 748 2281 methodo
789 2241 929 2281 clavus
965 2241 1202 2295 hystericus
1243 2249 1429 2285 curatur.
1494 2245 1569 2285 Sin

109 2324 207 2352 vero
229 2310 371 2351 Colica
392 2308 620 2363 Hysterica
645 2308 886 2350 diuturnior
906 2309 1049 2360 fuerit,
1071 2324 1146 2364 per
1172 2326 1444 2366 paroxysmos
1466 2314 1568 2354 affli-

111 2392 228 2432 gens,
256 2383 351 2417 tum
380 2377 426 2417 in
457 2391 604 2417 eorum
635 2376 879 2427 intervallis,
907 2377 991 2418 sive
1022 2383 1142 2419 extra
1170 2393 1484 2434 paroxysmum,
1507 2396 1569 2423 se-

112 2446 287 2500 quentia
306 2450 566 2498 usurpentur
582 2462 649 2485 :—

114 2564 246 2605 [Form.
267 2562 367 2603 202]
413 2561 451 2614 R
481 2563 660 2605 [Radicis]
680 2564 876 2599 Zedoariae
901 2566 1126 2600 subtilissime
1151 2567 1350 2611 pulveratae
1370 2568 1570 2605 drachmam

534 2634 654 2664 unam,

486 2692 567 2714 cum
600 2681 793 2714 sufficiente
824 2682 1018 2725 quantitate
1045 2683 1171 2728 Syrupi
1201 2695 1219 2717 e
1245 2684 1441 2720 eonditum
1465 2688 1571 2722 Citri-

534 2749 652 2777 orum;

303 2796 381 2830 Fiat
397 2796 506 2837 bolus,
519 2797 708 2830 sumendus
722 2809 824 2831 mane
841 2804 876 2831 et
888 2809 961 2832 sero
979 2810 1038 2844 per
1055 2801 1201 2845 triginta
1218 2801 1302 2843 dies,
1319 2804 1572 2848 superbibendo

301 2861 503 2899 sequentem
522 2854 730 2888 infusionem
745 2869 797 2888 :—

154 2936 166 2955 5
191 2931 241 2963 Cf.
258 2931 351 2961 form.
366 2932 416 2961 90.
505 2935 518 2951 Ζ
545 2931 593 2960 Cf.
615 2933 734 2961 observ.
755 2932 836 2961 Med.
856 2932 895 2961 iv.
916 2933 944 2962 7.
966 2932 1000 2960 l·›'
1021 2944 1083 2971 sq:
1112 2935 1240 2965 Dissert.
1258 2937 1356 2974 Epist.
1375 2939 1389 2976 §
1411 2939 1469 2968 126
1487 2951 1532 2979 sq.
