1985 3308
216 279 347 309 'russns

202 322 354 352 Ermmt.

183 365 279 394 Axxl
306 366 368 396 75.

183 429 214 452 et
231 424 355 463 ptisana

182 467 333 505 pectorali

181 509 369 548 refrigeran-

182 556 222 586 te,
236 553 367 583 curaba-

181 598 241 624 tur.

181 1035 250 1065 Nec
263 1045 329 1064 nar-

179 1079 288 1114 cotim,

180 1176 237 1195 nec
250 1166 348 1206 liquo-

179 1219 227 1238 res
242 1210 334 1248 spiri-

179 1252 272 1287 tuosi,

176 1862 233 1883 nec
249 1853 315 1882 dia-

175 1895 347 1933 pliorem-a,

175 1936 227 1967 hic
243 1944 310 1968 tuto

171 1982 355 2020 usurpaban
365 2001 372 2005 -

175 2028 227 2052 tur
243 2025 281 2053 ad
299 2035 348 2054 se-

174 2065 311 2097 dandam

174 2110 286 2140 tussim
299 2124 305 2145 ς

173 2160 201 2182 et
219 2163 326 2192 quare.

386 169 472 208 2:28
798 170 1054 212 THOMAE
1088 171 1428 213 SYDENHAM

388 274 597 314 exercitiis
618 279 811 316 uteretur
841 277 1080 328 moderatis,
1104 282 1145 318 et
1168 278 1382 318 fruerctm'
1412 290 1515 317 aura
1533 274 1741 326 liberiore,
1762 274 1845 329 pti-

389 356 535 382 sanam
555 344 808 396 pectoralem
829 344 1150 398 refrigerantem
1175 344 1355 385 subinde
1379 343 1592 384 hauriens.
1656 344 1844 384 Sufficie-

386 409 492 450 bant
522 410 724 451 nimirum
754 413 934 466 paucula
964 413 1066 453 haec
1094 419 1136 453 et
1162 413 1216 453 ad
1242 412 1410 452 Tussim
1439 411 1772 464 perdomandam
1802 417 1845 453 et

387 479 552 531 febrim,
589 481 752 535 aliaque
789 487 1084 535 symptomata,
1118 494 1224 534 quae
1259 480 1375 520 illam
1411 479 1602 520 comitari
1638 479 1844 530 solebant,

387 549 717 601 praevenienda:
751 550 858 589 sicut
892 549 1006 589 enim
1035 547 1293 588 abstinentia
1323 561 1347 587 a
1377 546 1573 587 carnibus
1604 552 1646 587 et
1674 547 1844 600 liquori-

387 616 466 657 bus
488 617 734 670 spirituosiS‚
756 623 849 657 tum
877 616 1005 657 etiam
1035 615 1378 668 refrigerantium
1399 629 1493 664 usu,
1514 615 1575 655 ita
1602 621 1844 669 contempe-

387 684 560 724 rabatur
581 685 751 737 sanguis
768 690 815 724 ut
836 683 1102 737 impressioni
1117 683 1255 723 febrili
1275 682 1459 736 ineptior
1479 688 1612 732 esset3
1638 683 1699 723 ita
1715 683 1843 723 etiam

387 752 572 792 exercitii
601 766 678 805 ope
699 751 857 792 fervida
883 751 954 791 illa
976 751 1195 804 sanguinis
1226 750 1402 800 effluvia,
1426 764 1545 803 quae,
1569 750 1732 803 quoties
1754 764 1842 791 cor·

384 823 497 874 poris
512 822 603 875 pori
625 837 649 862 a
668 822 890 875 repentino
908 821 1062 874 frigore
1079 821 1413 871 occluderentur,
1429 821 1544 861 intro
1560 826 1654 861 acta
1674 821 1842 861 Tussim

385 889 639 939 excitabant,
671 890 737 929 via
772 889 851 929 sibi
886 889 1071 929 naturali
1103 903 1149 929 ac
1186 889 1370 941 genuina
1405 889 1659 930 exhalabant
1692 904 1842 944 oppor-

383 957 542 1007 tunius,
565 963 607 998 et
628 971 724 998 cum
745 957 868 998 bonis
890 958 1004 1011 aegri
1024 957 1150 998 rebus
1173 957 1456 998 difflabantur.

445 1022 526 1079 [5.]
561 1024 728 1064 Tussim
750 1024 862 1078 quod
890 1024 1104 1078 spectabat
1126 1025 1369 1075 sedandam,
1391 1025 1509 1066 haud
1527 1025 1701 1066 vacabat
1731 1027 1840 1080 peri-

383 1091 477 1132 culo
498 1092 721 1133 narcoticis
743 1097 869 1146 atque
887 1092 1092 1146 anodynis
1112 1092 1228 1132 illam
1246 1093 1417 1145 aggredi
1431 1110 1442 1143 ς
1474 1107 1553 1134 nec
1568 1093 1711 1134 minus
1731 1094 1840 1147 peri-

382 1159 621 1210 clitabatiu’,
654 1161 688 1200 si
724 1160 817 1215 quis
856 1160 1088 1214 liquoribus
1125 1161 1359 1214 spirituosis
1395 1161 1623 1215 calidisque
1658 1162 1839 1203 medica-

383 1227 538 1267 mentis
559 1227 672 1267 idem
688 1228 920 1278 moliretur,
939 1242 1048 1277 cum,
1066 1232 1246 1281 utroque
1266 1229 1393 1270 modo
1407 1229 1610 1271 inviscata
1627 1234 1753 1283 atque
1773 1230 1840 1270 in-

383 1295 534 1337 durata
554 1296 696 1336 Tussis
720 1296 910 1346 materia,
933 1295 1089 1336 halitus
1119 1295 1202 1346 isti,
1226 1296 1297 1350 qui
1319 1311 1343 1336 a
1370 1297 1575 1350 sanguine
1599 1297 1761 1351 placide
1792 1311 1840 1338 ac

382 1365 537 1405 sensim
559 1365 821 1405 discedentes
842 1363 1060 1404 tussiendo
1080 1364 1125 1404 in
1147 1378 1269 1404 auras
1290 1368 1599 1414 evanescerent,
1617 1364 1706 1417 jam
1723 1363 1840 1404 exitu

381 1438 549 1486 negato,
580 1433 626 1473 in
662 1433 820 1474 cruoris
860 1448 998 1474 massa
1032 1433 1238 1487 praeclusi
1267 1433 1421 1474 febrim
1454 1433 1614 1474 ibidem
1654 1432 1837 1473 ciebant.

381 1501 524 1553 Atque
544 1499 624 1540 hoc
655 1514 957 1553 saepenumero
983 1515 1069 1541 non
1096 1501 1240 1554 paucis
1262 1515 1284 1542 e
1304 1501 1430 1555 vulgo
1460 1500 1838 1542 inconsultioribus

381 1567 559 1620 pessime
586 1568 721 1618 cessit,
745 1569 828 1622 qui,
857 1582 953 1609 cum
985 1568 1136 1621 spiritu
1166 1569 1252 1608 xini
1278 1569 1465 1610 ustulato
1491 1569 1666 1622 aliisque
1693 1569 1838 1610 calidis

378 1635 610 1688 liquoribus
627 1636 748 1676 Tussi
770 1637 931 1677 obicem
947 1650 1104 1689 ponere
1125 1636 1376 1687 niterentur,
1395 1638 1571 1678 affectus
1595 1637 1838 1690 pleuriticos

379 1709 420 1744 et
455 1704 847 1757 peripneumonieos
883 1704 1134 1754 inw'tabant,
1167 1709 1294 1758 atque
1334 1705 1484 1745 insana
1519 1706 1598 1746 hac
1632 1705 1838 1759 sapientia

378 1771 575 1811 morbiun
597 1786 671 1812 sua
692 1778 845 1812 natura
864 1772 1120 1813 letissimum
1143 1779 1183 1814 et
1205 1773 1326 1813 facile
1354 1772 1586 1813 sanabilem
1607 1773 1652 1813 in
1672 1773 1835 1826 pericu-

378 1838 516 1878 losum
537 1853 584 1880 ac
611 1854 733 1893 saepe
759 1840 959 1881 lethalem
983 1841 1356 1881 transformabant.
1417 1841 1512 1882 Nec
1531 1840 1674 1880 minus
1701 1840 1835 1881 hallu-

381 1906 633 1947 cinabantur
658 1908 769 1960 (licet
797 1908 930 1961 magis
952 1922 1049 1949 cum
1069 1909 1233 1950 ratione
1260 1909 1445 1949 insanire
1465 1908 1738 1961 viderentur)
1764 1909 1836 1962 qui

380 1976 612 2027 provocatis
654 1975 876 2016 sudoribus
916 1976 1053 2017 morbi
1093 1990 1261 2017 causam
1299 1975 1579 2016 exterminare
1612 1975 1811 2016 volebant
1823 1992 1835 2025 ς

381 2043 569 2096 quamxis
591 2044 704 2083 enim
736 2058 822 2084 non
845 2044 1112 2095 diffiteamur,
1136 2045 1309 2085 sudores
1343 2049 1492 2097 sponte
1512 2048 1835 2097 prorumpentes

378 2110 492 2151 haud
513 2125 606 2151 raro
628 2125 727 2165 prae
749 2113 923 2153 cacteris
945 2112 1268 2166 quibuscunque
1294 2111 1512 2166 praesidiis
1534 2125 1703 2152 causam
1724 2125 1834 2152 mor-

376 2179 543 2219 bificam
576 2180 794 2233 expellere,
817 2181 950 2234 liquet
971 2187 1128 2231 tamen,
1151 2196 1241 2231 nos,
1265 2181 1367 2221 dum
1392 2181 1437 2221 in
1457 2180 1508 2220 iis
1536 2180 1834 2234 extorquendis

378 2264 535 2300 sumus,
578 2250 828 2303 sanguinem
879 2250 1118 2301 incendere,
1162 2256 1203 2291 et
1255 2264 1378 2304 quem
1430 2263 1592 2290 servare
1641 2250 1834 2290 volumus

378 2332 563 2371 aegrum,
584 2318 701 2359 letho
723 2318 821 2359 dare
842 2333 974 2372 posse.

440 2387 519 2440 [6.]
560 2386 826 2441 Quandoque
847 2401 957 2438 vero,
979 2402 1066 2428 non
1097 2392 1266 2427 tantum
1295 2386 1368 2426 ubi
1399 2386 1541 2426 minus
1569 2386 1650 2427 rite
1677 2390 1832 2427 tracta-

375 2461 492 2494 retur
515 2455 698 2505 morbus,
718 2470 800 2509 quo
823 2455 979 2496 scilicet
1001 2470 1126 2509 supra
1143 2455 1438 2508 descripsimus
1460 2455 1599 2502 modo,
1617 2455 1690 2495 sed
1704 2455 1833 2496 etiam

376 2537 684 2576 nonnunquam
711 2538 787 2564 sua
817 2530 979 2578 sponte,
1006 2525 1202 2577 (maxime
1232 2525 1277 2564 in
1299 2523 1610 2565 delicatioribus
1632 2538 1679 2565 ac
1699 2525 1832 2566 tenel-

377 2591 500 2643 lulis,)
526 2606 641 2632 nunc
667 2592 812 2632 statim
834 2592 885 2632 ab
917 2592 1052 2642 initio,
1075 2605 1190 2632 nunc
1211 2596 1303 2645 post
1327 2591 1438 2631 diem
1469 2605 1604 2630 unum
1626 2596 1699 2631 aut
1730 2591 1832 2632 alte-

377 2673 483 2708 rum,
507 2659 627 2699 Tussi
653 2660 973 2713 superveniebat
994 2660 1141 2700 caloris
1163 2674 1210 2700 ac
1238 2659 1403 2712 frigoris
1433 2658 1675 2699 vicissitudo
1707 2672 1831 2712 quae-

377 2727 486 2777 dam,
509 2728 668 2780 capitis,
695 2728 820 2778 dorsi,
843 2734 968 2782 atque
996 2733 1166 2768 artuum
1197 2727 1326 2777 dolor,
1349 2726 1402 2767 ad
1433 2726 1604 2766 sudores
1632 2740 1830 2767 nonnun-

377 2808 501 2845 quam
534 2795 768 2848 propensio,
800 2801 929 2836 noctu
964 2795 1170 2845 maxime,
1207 2796 1328 2848 (quae
1360 2793 1502 2834 omnia
1532 2793 1689 2846 pariter
1719 2808 1831 2848 sym-

376 2867 563 2911 ptomata
580 2863 728 2901 febrim
747 2862 873 2915 hujus
891 2862 1218 2903 constitutionis
1235 2862 1482 2915 plerumque
1499 2862 1786 2914 sequebantur
1797 2863 1826 2914 5)

376 2926 526 2978 quibus
558 2942 678 2981 saepe
710 2929 1021 2982 adjungebatur
1042 2930 1182 2970 lateris
1214 2930 1343 2979 dolor,
1367 2943 1674 2982 nonnunquam
1701 2929 1830 2970 etiam
