1985 3308
227 234 282 264 Dr,
300 234 376 264 Lm:

204 277 392 307 Veserm-:2³-

200 1313 314 1342 Diaeta
330 1316 362 1342 et

200 1356 361 1395 reliquum

201 1408 286 1437 acgn
303 1408 385 1437 regl-

201 1451 284 1470 men.

203 2234 308 2264 Morbi
325 2234 377 2264 de-

199 2277 338 2317 scriptio.

203 2515 372 2545 CanTio.

411 117 496 157 592
816 117 1072 159 THOMAE
1107 116 1447 170 SYDENHAM

407 226 498 266 lum
517 224 810 280 reprimendus
831 229 895 265 est
915 224 1236 265 medicamentis
1256 223 1496 263 catharticis
1517 222 1651 264 donec
1672 223 1864 266 debitum

409 294 589 348 gradum
610 293 808 346 attingat.

471 361 549 416 [5.]
589 360 918 414 Quamprimum
947 362 1232 412 symptomata
1256 358 1522 408 cessaverint,
1545 359 1689 399 statim
1709 359 1863 400 immu-

402 434 550 470 tentur
579 428 800 469 indusium
831 431 873 467 et
903 426 987 467 tori
1015 426 1173 476 lintea3
1205 430 1250 466 at
1279 426 1365 466 sint
1396 439 1446 466 ea
1467 440 1573 479 quae
1603 426 1720 479 prius
1739 441 1861 467 usur-

404 502 505 550 pata
524 496 697 536 fuerint.

471 564 549 617 [6.]
591 563 637 602 Si
673 561 894 602 diarrhoea
925 561 1227 614 supervenerit,
1265 560 1394 614 (quod
1427 561 1677 614 plerumque
1712 560 1863 602 accidit

406 636 635 684 antequam
657 629 846 670 salivatio
866 629 976 669 bene
1005 629 1227 681 assurgat,)
1251 634 1356 669 tunc
1378 628 1565 668 sistenda
1589 633 1653 668 est
1673 642 1755 668 usu
1772 628 1863 669 lau-

406 698 507 738 dani
531 697 694 751 liquidi,
716 697 778 737 ita
805 697 929 737 dosin
958 696 1154 750 augendo
1182 700 1310 749 atque
1336 695 1567 749 repetendo
1593 700 1643 736 ut
1671 695 1863 736 debitum

405 780 509 819 opus
531 765 732 806 absolvat.

469 832 579 888 [7.]ὶι
614 833 660 873 Si
680 847 725 874 os
754 833 1032 883 exulceretur,
1055 847 1164 886 aqua
1190 846 1381 872 rosarum
1404 832 1778 882 Damascenarum,
1799 831 1865 872 vel

403 901 513 942 lacte
534 915 668 954 aquae
688 901 903 955 permisto,
924 901 991 941 vel
1011 901 1206 954 sequenti
1227 900 1412 950 decocto,
1433 899 1548 940 idem
1573 899 1782 940 colluatur
1797 915 1865 940 :—

405 989 538 1030 [Form.
559 989 658 1029 228]
710 989 750 1033 R
779 991 922 1024 Radicis
939 990 1122 1030 Althaeae,

781 1047 917 1081 Hordei
934 1047 1108 1087 mundati,
1125 1055 1193 1080 ana
1208 1045 1349 1081 unciam
1368 1059 1488 1089 unam,

780 1104 964 1138 Seminum
981 1105 1220 1150 Cydoniorum
1236 1106 1464 1139 semiunciam
1478 1119 1485 1145 3

591 1161 712 1205 Coque
737 1160 931 1194 sufficiente
955 1162 1151 1206 quantitate
1176 1173 1287 1206 aquae
1309 1162 1352 1196 ad
1377 1163 1484 1196 libras
1508 1162 1612 1196 duas:
1646 1163 1774 1203 misce3
1806 1163 1866 1197 fiat

591 1219 821 1263 gargarisma‚
839 1229 907 1263 quo
924 1219 1062 1263 saepius
1078 1224 1208 1252 utatur.

469 1298 550 1354 [8.]
584 1299 739 1339 Diaeta
769 1304 811 1339 et
846 1298 1058 1352 reliquum
1091 1298 1206 1352 aegri
1235 1299 1428 1352 regimen
1465 1299 1613 1340 eadem
1644 1313 1692 1340 ac
1721 1299 1767 1339 in
1797 1313 1863 1340 ca-

403 1367 538 1407 tharsi
558 1367 818 1420 imperanda,
835 1366 920 1407 nisi
941 1367 1054 1420 quod
1073 1366 1220 1420 primis
1242 1366 1402 1420 aliquot
1419 1365 1568 1406 diebus
1587 1366 1751 1420 liquore
1770 1380 1864 1420 pos-

405 1435 547 1485 setico,
565 1435 743 1488 jusculis
772 1435 1000 1485 avenaceis,
1022 1434 1278 1484 hordeaceis,
1301 1448 1349 1475 ac
1377 1435 1574 1475 cerevisia
1600 1434 1723 1475 tenui
1749 1438 1883 1488 tepe-¹
1908 1435 1915 1458 ἵ

403 1503 528 1553 facta,
551 1503 781 1543 nutriatur.

463 1569 546 1625 [9.]
583 1570 664 1610 His
686 1569 882 1610 omnibus
898 1570 979 1610 rite
999 1571 1193 1623 peractis,
1215 1570 1395 1622 (etiamsi
1417 1575 1703 1624 symptomata
1722 1570 1866 1610 omnia

401 1638 662 1688 evanuerint,
692 1652 739 1678 ac
772 1637 952 1678 subinde
985 1638 1158 1678 morbus
1190 1637 1360 1691 penitus
1392 1637 1607 1690 profligari
1637 1636 1861 1688 videatur,)

402 1721 484 1760 quo
519 1707 662 1746 minus
694 1706 920 1747 recidivam
961 1706 1222 1759 postliminio
1257 1706 1458 1759 patiatur,
1494 1719 1620 1758 aegro
1654 1704 1784 1744 semel
1818 1704 1865 1744 in

403 1774 639 1827 septimana
658 1788 733 1827 per
756 1779 936 1827 quatuor
955 1774 1021 1814 vel
1043 1788 1115 1814 sex
1134 1774 1244 1814 vices
1272 1773 1471 1814 mercurii
1491 1772 1625 1813 dulcis
1642 1771 1862 1825 serupulus

401 1856 513 1882 unus
549 1842 824 1892 exhibendus,
851 1847 1070 1895 utcunque
1102 1842 1212 1882 bene
1246 1856 1289 1882 se
1321 1841 1489 1891 habeat,
1516 1846 1557 1881 et
1586 1840 1752 1881 etiamsi
1774 1840 1864 1893 jam
1911 1854 1918 1892 g

402 1908 528 1949 domo
550 1909 804 1962 egrediatur.

940 2035 1066 2075 CAP.
1100 2034 1326 2075 XXXVI.i

950 2143 1014 2182 De
1033 2143 1181 2182 Fluore
1201 2142 1320 2182 Albo.

465 2231 596 2273 QUOD
629 2232 774 2283 effluit,
797 2232 923 2273 modo
954 2233 1111 2283 album,
1134 2232 1259 2273 modo
1290 2232 1508 2286 pallidum,
1530 2233 1696 2283 flavum,
1718 2232 1863 2284 viride,

405 2304 479 2339 aut
501 2299 754 2353 subnigrum
768 2317 779 2350 ;
812 2301 938 2341 modo
960 2314 1054 2341 acre
1075 2306 1118 2341 et
1139 2300 1340 2350 erodens,
1371 2305 1531 2340 tetrum
1548 2299 1801 2354 quandoque
1822 2305 1865 2341 et

406 2367 664 2420 graveolens.
709 2368 990 2409 Decoloratur
1009 2369 1162 2419 facies,
1189 2368 1302 2409 dolet
1324 2368 1446 2421 spina
1466 2367 1578 2408 dorsi
1591 2385 1602 2417 ;
1634 2367 1863 2422 prosterni-

404 2439 476 2474 tur
498 2435 742 2488 appetentia
754 2452 765 2485 3
788 2435 898 2476 oculi
918 2435 1129 2489 pedesque
1154 2434 1486 2476 intumescuntk.

470 2504 548 2558 [2.]
588 2505 795 2545 Mittatur
816 2505 988 2558 sanguis
1009 2519 1032 2545 e
1051 2504 1225 2546 brachio
1247 2504 1301 2545 ad
1320 2505 1468 2545 uncias
1491 2509 1598 2545 octo.

406 2593 541 2634 [Form.
564 2592 677 2634 229.]ι
707 2592 746 2636 R
777 2594 974 2628 Pilularum
992 2574 1201 2627 Cochiarum
1221 2594 1398 2637 Majornm
1419 2594 1597 2638 scrupulos
1615 2593 1713 2633 duos,

778 2653 934 2686 Castorei
953 2664 1062 2697 grana
1079 2652 1159 2694 duo,

783 2709 940 2743 Balsami
959 2710 1147 2743 Pernviani
1165 2716 1284 2755 guttas
1301 2716 1367 2744 tres
1383 2724 1390 2750 ;

449 2794 465 2817 ¹¹
492 2796 540 2825 Cf.
558 2799 630 2826 ibid.
649 2799 663 2835 ᾗ
682 2798 721 2826 36
740 2807 784 2836 sq.
1165 2799 1284 2827 linteolo
1299 2802 1439 2835 esf-eptae.
1455 2802 1485 2827 et
1501 2807 1618 2826 rursum
1635 2798 1787 2826 exiccatae
1803 2798 1858 2825 hu-
1904 2816 1907 2818 -

449 2837 455 2858 i
483 2839 531 2869 Cf.
551 2840 648 2877 Epist.
666 2841 808 2878 Respons.
828 2841 851 2870 I.
871 2842 884 2877 ,δ
904 2841 942 2869 35
961 2850 1006 2879 sq.
1166 2851 1272 2869 morem
1289 2842 1427 2870 ostendit.

448 2879 460 2898 k
486 2881 608 2919 intuma]
630 2882 710 2910 Add.
723 2882 769 2912 ed.
786 2883 847 2918 ⁷93,
867 2883 953 2912 Color
969 2884 1106 2912 colltwiei
1208 2879 1216 2902 ¹
1242 2882 1292 2912 Cf.
1311 2882 1437 2912 formm.
1456 2882 1506 2918 74,
1527 2882 1595 2912 132.

1919 1515 1934 1558 2

1905 1561 1940 1844 ξ
