1985 3308
497 139 837 181 PROCESSUS
869 138 1137 181 INTEGRI.
1459 140 1542 181 613

153 245 232 300 [6.]
246 251 263 269 ⁸
288 244 501 286 Indicatio
521 244 710 286 curativa
728 244 774 284 in
795 258 844 285 eo
864 244 1057 294 vertitur,
1078 247 1128 284 ut
1149 243 1332 284 coctioni
1352 244 1543 285 consula·
1572 253 1627 284 Dn
1645 254 1735 286 Pon-

86 318 170 363 tur,
192 312 547 367 indigestionibus
568 312 758 362 sublatis,
781 325 856 352 seu
882 312 930 351 fit
957 324 1032 364 per
1051 310 1291 364 pharmaca,
1315 324 1389 351 seu
1408 311 1544 352 victus
1605 306 1708 328 ΛΟΜ·

85 381 308 431 rationem,
332 395 406 421 seu
427 380 784 428 exercitationem,
807 393 882 420 seu
903 379 984 420 alia
1004 392 1056 419 ex
1074 378 1166 419 istis
1189 378 1413 432 quaelibet,
1437 392 1544 432 quae

87 461 159 488 sex
179 461 246 488 res
266 448 590 488 non-naturales
610 447 909 500 indigitantur.

151 515 230 569 [72]
269 515 580 565 Venae-sectio,
613 514 830 564 catharsis,
867 527 915 554 ac
947 512 1218 567 diaphoresis,
1249 526 1424 566 scopum
1455 527 1544 554 non
1561 524 1749 573 Venae-sec-

86 582 326 636 attingent3
357 582 455 623 licet
484 582 536 622 iis
565 582 636 636 qui
666 596 818 622 renum
845 581 971 621 simul
1001 581 1174 631 calculo,
1197 584 1240 621 ct
1270 580 1421 621 exinde
1451 585 1544 622 orto
1562 568 1749 604 t10,cathar-

1562 610 1605 639 sis
1633 614 1664 640 et
1677 611 1743 640 dia-

85 649 219 690 mictu
251 650 497 702 sanguineo,
529 649 737 698 laborant,
768 662 856 688 non
883 648 957 688 abs
989 662 1034 688 re
1067 647 1147 688 erit
1174 648 1305 688 semel
1337 648 1383 688 in
1416 649 1543 702 septi·
1561 633 1713 692 phineus,

84 730 213 757 mana
253 717 393 757 alvum
427 730 586 756 manna
626 715 873 765 subducere,
910 719 953 756 et
993 715 1171 769 singulis
1212 714 1409 756 noctibus
1448 720 1544 770 post
1561 695 1723 768 221¹Jtffih'

85 784 384 836 purgationem
404 783 696 836 paregoricum
718 782 953 824 exhibereb.

149 850 229 904 [8.]
267 850 585 891 Medicamenta
607 864 712 904 quae
732 851 972 904 praedictae
993 850 1242 891 indicationi
1264 850 1543 902 satisfaciunt,
1563 860 1715 910 Medica--

85 931 135 958 ea
156 922 256 958 sunt
278 931 384 971 quae
411 918 626 958 moderate
654 919 806 968 calent,
830 923 872 958 et
899 919 964 959 vel
992 919 1238 968 amaricant,
1260 919 1326 959 vel
1352 919 1546 971 linguam
1563 904 1732 986 ἓξὲῗίῗλὼ

85 984 239 1024 leniter
259 984 441 1025 feriunt:
475 984 576 1024 talia
597 989 710 1034 sunt,
733 984 894 1025 radices
916 985 1142 1038 angelicae,
1165 986 1330 1036 enulae,
1352 986 1452 1026 folia
1473 986 1545 1027 ab·

86 1051 247 1101 sinthii‚
261 1051 470 1092 centaurii
483 1051 670 1102 minoris,
686 1051 999 1106 chamaedryos,
1014 1053 1325 1107 chamaeptyos,
1335 1058 1414 1094 etc.
1423 1070 1435 1104 3
1454 1054 1545 1107 qui-

84 1119 165 1160 bus
182 1119 280 1159 addi
295 1123 473 1173 possunt
488 1119 825 1161 Antist-orbatica
842 1120 966 1170 dicta,
984 1124 1033 1160 ut
1048 1120 1210 1161 radices
1225 1121 1404 1174 raphani
1419 1121 1545 1161 rusti-

85 1185 194 1235 cani,
216 1185 316 1226 folia
340 1185 597 1226 cochleariae
618 1186 841 1236 hortensis,
864 1187 1064 1227 nasturtii
1086 1187 1282 1241 aquatici,
1305 1192 1405 1238 etc.;
1438 1202 1545 1242 quae
1565 1198 1680 1229 Cautio
1695 1198 1729 1228 in

84 1258 230 1294 tamen
251 1253 417 1307 parcius
438 1253 685 1307 usurpanda
714 1254 905 1304 veniunt,
929 1253 1028 1306 quia
1054 1254 1192 1295 morbi
1219 1255 1359 1295 fomiti
1379 1256 1544 1296 aculeos
1563 1241 1748 1314 {lifts-sumen-

86 1321 277 1362 subdunt
308 1325 351 1362 et
381 1321 565 1361 calorem
597 1325 768 1374 augent,
791 1335 890 1374 prae
919 1321 1012 1361 istis
1043 1321 1135 1361 aliis
1157 1336 1263 1377 quae
1288 1322 1384 1363 miti
1408 1323 1545 1364 calore

85 1393 213 1442 atque
246 1388 529 1428 amaritudine
561 1388 846 1428 ventriculum
878 1388 1164 1429 corroborant.
1229 1389 1360 1430 Haud
1393 1390 1546 1432 inutile

85 1460 150 1496 est
172 1455 450 1496 electuarium
472 1468 650 1509 sequens
666 1471 735 1496 :—

1563 355 1734 387 Commo.

87 1576 222 1618 [For-m.
240 1578 338 1619 266]
351 1581 363 1595 ⁰
396 1574 438 1628 R
465 1577 661 1611 conservae
679 1576 904 1611 Coehleariae
923 1577 1110 1611 Hortensis
1126 1578 1394 1622 sesquiunciam,

461 1633 692 1677 [Conservae]
713 1634 889 1668 Absinthii
907 1634 1071 1675 Romani,

462 1692 696 1735 [Conservae]
708 1691 908 1725 Flavedinis
924 1692 1186 1733 Aurantiorum,
1198 1702 1265 1726 ana
1276 1692 1417 1726 unciam
1428 1704 1548 1734 unam,

461 1750 652 1794 Angelicae
670 1748 856 1790 Conditae,

463 1807 576 1840 Nucis
594 1806 799 1840 Moschatae
817 1807 1002 1848 Conditae,
1019 1818 1088 1840 ana
1104 1807 1344 1850 semiunciam,

464 1862 654 1896 Theriacae
672 1862 911 1896 Andromachi
930 1863 1114 1897 drachmas
1130 1870 1210 1905 treS,

465 1919 621 1952 Pulveris
639 1920 699 1952 Ari
718 1920 910 1964 Compositi
927 1919 1109 1954 drachmas
1127 1920 1224 1962 duas,

463 1987 542 2009 cum
559 1976 749 2010 sufficiente
767 1977 963 2020 quantitate
982 1976 1108 2021 Syrupi
1124 1978 1371 2012 Aurantiorum
1385 1992 1392 2019 3

279 2032 360 2065 Fiat
384 2031 620 2072 electuarium,
638 2031 680 2065 de
698 2042 765 2076 quo
783 2037 898 2065 sumat
916 2032 1100 2066 drachmas
1118 2033 1204 2067 duas
1221 2034 1274 2067 bis
1292 2035 1328 2068 in
1346 2035 1413 2076 die,
1430 2047 1546 2081 super-

277 2089 428 2123 bibendo
445 2089 619 2133 sequentis
635 2100 746 2134 aquae
765 2089 957 2124 destillatae
975 2090 1168 2125 cochlearia
1181 2093 1333 2136 quinque
1353 2095 1405 2127 vel
1419 2105 1479 2128 sex
1492 2109 1548 2128 :—

91 2208 226 2252 [Form.
243 2209 364 2251 ’267.]“Ι
391 2206 431 2257 R
460 2207 602 2241 Radicis
621 2206 784 2252 Raphani
803 2206 987 2240 Rusticani
1004 2207 1135 2241 incisae
1152 2209 1272 2242 uncias
1289 2214 1368 2251 tres,

467 2263 680 2307 [Foliorum]
701 2263 924 2297 Cochleariae
939 2263 1124 2299 Hortensis
1141 2266 1336 2310 manipulos
1354 2266 1549 2311 duodecim,

467 2320 684 2365 [Foliorum]
704 2319 877 2354 Nasturtii
894 2321 1069 2365 Aquafici,

469 2379 679 2420 [Foliorum]
701 2379 966 2425 Beccabungae,

469 2435 680 2475 [Foliorum]
703 2435 849 2476 Salviae,

469 2492 681 2535 [Foliorum]
702 2491 883 2532 Menfflae,
901 2503 968 2526 ana
985 2493 1181 2537 manipulos
1198 2500 1355 2539 quatuor,

468 2549 624 2582 Cortices
641 2549 887 2582 Aurantiorum
905 2560 976 2590 sex,

468 2606 586 2639 Nuces
605 2605 807 2639 Moschatas
825 2611 988 2640 contusas
1006 2605 1103 2645 duas,

469 2662 665 2696 Cerevisiae
685 2662 950 2696 Brunsvicensis
967 2662 1072 2695 libras
1089 2662 1270 2697 duodecim
1286 2678 1293 2705 ;

283 2720 505 2753 Distillentur
530 2718 670 2763 organis
702 2719 959 2759 communibus,
979 2718 1088 2752 donec
1113 2720 1332 2756 solummodo
1357 2723 1464 2759 librae
1489 2738 1551 2761 sex

283 2788 393 2822 aquae
411 2777 594 2810 eliciantur
609 2786 670 2820 pro
688 2786 764 2809 usu.

138 2855 154 2872 a
180 2850 229 2881 of.
253 2852 325 2880 ema.
345 2852 359 2888 ς
378 2850 417 2880 28
436 2859 480 2889 sq.
896 2852 910 2869 c
935 2848 984 2879 Cf.
1005 2848 1160 2880 form.94.

141 2892 158 2913 b
184 2891 629 2930 ef.sczaed.n[0nft.111.§4
645 2901 690 2931 sq.
894 2889 910 2911 <¹
937 2891 986 2920 Cf.
1004 2892 1127 2923 forrum.
1145 2895 1196 2927 42,
1215 2895 1265 2924 94.
