1985 3308
214 151 735 193 OBSERVATIONUM
767 151 1142 192 MEDICARUM
1177 158 1217 190 Υ.
1251 161 1277 197 1,
1302 161 1333 190 2.
1415 155 1498 194 207

655 308 780 349 CAP.
814 309 893 349 II.c

243 417 385 456 Febris
409 417 608 457 Continuat
631 413 853 455 annorumd
878 415 1002 465 1673,
1027 415 1151 464 1674,
1177 415 1300 456 1675.

101 516 247 566 HAEC,
269 517 444 570 perinde
470 522 596 571 atque
624 517 695 557 alii
716 516 950 570 epidemici,
972 530 1070 556 mox
1098 515 1149 555 ab
1171 515 1366 568 ingressu
1387 514 1498 555 socia
1518 520 1548 549 N
1552 527 1677 552 aseeuto

40 583 223 624 habebat
270 590 567 638 symptomata,
610 599 716 639 quae
762 584 919 624 indicia
957 584 1072 624 haud
1118 583 1298 623 obscura
1338 582 1496 622 dabant
1513 565 1702 644 J'gffibeoffffl'ss'

40 652 243 706 majorem
277 658 318 692 et
359 653 628 705 spirituosam
664 652 798 704 magis
833 656 937 691 tunc
973 664 1062 690 esse
1102 649 1496 698 inflammationem,
1517 649 1691 721 ἰτῐίξῖῗίἲῐὲὶᾞ·

41 733 167 772 quam
194 720 268 760 ubi
289 721 461 761 morbus
492 721 626 773 magis
648 721 897 761 adoleverat.
960 718 1133 759 Etenim
1165 718 1300 771 primo
1329 732 1411 770 quo
1432 717 1496 757 111-
1517 744 1567 769 na,
1587 712 1693 774 (j‘ugffi'

39 787 218 828 vadcbat
247 803 371 838 anno,
394 789 457 829 uti
486 794 527 829 et
555 803 650 829 vere
677 789 941 841 insequente,
965 791 1250 840 symptomata
1276 786 1499 839 pleuritica
1517 786 1703 849 f‘gflssfg‘llffff

40 856 166 897 Febri
183 857 548 910 superveniebant,
564 862 605 897 et
627 856 799 909 sanguis
821 869 843 895 e
864 855 980 895 venis
1003 859 1215 894 extractus
1237 854 1401 906 (saltem
1424 867 1499 906 pro

40 924 176 977 prima
206 931 247 965 et
279 925 465 965 secunda
484 925 601 977 vice‚)
633 924 951 977 pleuriticorum
979 921 1188 962 referebat
1221 921 1472 974 sanguinem
1487 938 1498 971 3

0 1037 1 1045 ἵ
40 995 84 1031 at
106 991 252 1032 morbo
278 992 368 1045 jam
393 992 640 1045 provectiori
672 991 892 1032 cessabant
924 1004 973 1030 ea
1000 990 1122 1043 signa
1151 989 1499 1029 inflammationis

0 1055 1 1061 ’
39 1057 296 1099 intensioris.

105 1126 184 1180 [2.]
223 1127 396 1167 Praeter
442 1130 726 1180 symptomata
765 1126 954 1166 febribus
994 1125 1201 1166 universis
1242 1125 1497 1174 eommunia,
1520 1135 1673 1184 Sympto3

38 1191 149 1232 hanc
183 1191 359 1233 Febrem
399 1193 481 1233 ista
516 1193 814 1246 sequebantur.
877 1194 938 1234 Ut
971 1194 1203 1247 plurimum
1239 1193 1499 1233 afficiebatur
1519 1179 1694 1261 ’ἐῗὲξξῗίᾞέ“

39 1274 163 1313 aeger
199 1261 339 1302 dolore
379 1261 527 1314 capitis
558 1266 600 1302 et
631 1261 744 1301 dorsi
780 1262 880 1302 satis
917 1263 1060 1311 atroci,
1097 1267 1267 1314 stupore
1302 1261 1418 1311 item,
1455 1267 1496 1301 et
1517 1263 1649 1293 culiaria

39 1327 180 1369 dolore
202 1329 474 1369 articulorum
496 1334 750 1383 artuumque
771 1330 947 1378 tensivo,
968 1330 1055 1370 imo
1083 1334 1123 1369 et
1145 1329 1276 1369 totius
1298 1329 1494 1381 eorporis,
1516 1316 1681 1380 trgssfensen-

38 1402 81 1437 at
102 1397 261 1437 mitiori
292 1398 509 1451 aliquanto
538 1412 665 1451 quam
691 1398 997 1438 rheumatismo
1027 1397 1281 1437 laborantes
1343 1397 1497 1436 Primis

38 1464 185 1505 diebus
214 1466 325 1506 calor
356 1472 397 1506 et
433 1466 567 1519 frigus
599 1466 679 1507 sibi
706 1466 888 1506 invicem
916 1465 1211 1515 succedebant,
1244 1465 1499 1519 quandoque

38 1533 166 1573 etiam
187 1533 363 1574 ineunte
390 1534 539 1574 morbo
561 1548 685 1588 aeger
711 1534 757 1574 in
778 1533 1098 1574 sudatiunculas
1123 1536 1212 1572 erat
1238 1532 1497 1585 propensior.

38 1602 220 1656 Lingua,
252 1603 326 1643 ubi
352 1603 498 1644 Febris
529 1618 604 1644 suo
636 1604 761 1657 genio
790 1608 879 1644 erat
910 1603 1126 1656 permissa,
1158 1617 1237 1643 nec
1266 1602 1387 1652 sicca,
1416 1616 1496 1642 1100

38 1685 63 1712 a
86 1672 222 1712 colore
250 1673 435 1713 naturali
463 1673 647 1713 multum
678 1673 891 1724 recedens,
914 1673 996 1713 nisi
1019 1672 1131 1725 quod
1160 1671 1296 1724 magis
1325 1670 1496 1721 alberet,

36 1753 174 1794 neque
196 1741 285 1780 sitis
313 1741 497 1781 multum
518 1741 720 1795 urgebat:
755 1742 867 1795 quod
895 1742 926 1781 si
951 1741 1211 1782 excalefieret
1241 1754 1365 1793 aeger
1385 1740 1499 1780 ultra

37 1808 292 1848 ordinariam
313 1809 458 1849 Febris
490 1814 659 1860 sortem,
682 1809 831 1863 lingua
861 1809 1096 1849 aridissima
1126 1813 1215 1848 erat
1247 1822 1343 1848 cum
1371 1809 1497 1848 flave-

37 1875 135 1917 dine
152 1876 350 1916 subfusca
365 1894 376 1926 3
409 1877 499 1916 sitis
522 1877 650 1917 etiam
671 1877 990 1927 intendebatur,
1007 1877 1228 1929 ruinaque,
1248 1889 1354 1929 quae
1376 1875 1498 1915 aliter

37 1943 218 1983 colorem
238 1944 324 1984 fere
344 1944 583 1984 naturalem
605 1959 767 1985 servare
789 1945 962 1994 solebat,
985 1945 1152 1985 intense
1172 1943 1366 1984 rubebat.

95 2010 241 2051 Febris
271 2011 336 2050 his
367 2016 538 2051 tantum
569 2017 741 2064 gravata
772 2012 1079 2066 symptomatis,
1112 2012 1147 2051 si
1177 2011 1311 2064 perite
1341 2015 1496 2050 tracta-

36 2084 166 2128 retur,
199 2079 266 2118 die
297 2079 459 2119 decimo
491 2085 641 2132 quarto
672 2093 798 2132 aegro
828 2079 1087 2120 valedicebat
1103 2096 1114 2128 ;
1145 2078 1494 2132 pertinacissima,

35 2147 174 2200 primo
194 2152 287 2199 post
309 2147 566 2187 vicesimum.

101 2214 180 2268 [3.]
219 2215 340 2255 Inter
374 2215 550 2268 hujusce
582 2214 728 2255 Febris
759 2219 1044 2269 symptomata
1079 2213 1292 2255 eminebat
1321 2213 1495 2253 affectus
1513 2223 1658 2272 Affectus

37 2283 208 2336 quidam
237 2284 390 2324 comati
420 2283 538 2323 haud
566 2284 778 2324 dissimilis
791 2301 803 2334 3
837 2299 920 2337 quo
951 2289 1167 2337 correptus
1196 2297 1320 2335 aeger
1351 2268 1694 2341 obstu-{¹(¹,¹¹¹1‘]¹a‘'¹t¹(¹)¹Rus

35 2351 163 2404 pebat
199 2351 500 2405 delirabatque,
538 2352 623 2392 imo
659 2353 713 2392 ad
749 2353 1005 2406 septimanas
1043 2352 1202 2405 aliquot
1239 2349 1494 2391 dormitabat
1512 2352 1594 2422 panc
1614 2354 1672 2383 Fv-

35 2433 357 2472 nonnunquam,
378 2433 456 2459 nec
478 2419 560 2459 nisi
580 2420 717 2460 valido
739 2420 919 2460 clamore
941 2419 1334 2473 cxpergiscebatur,
1368 2432 1391 2457 a
1413 2432 1495 2471 quo
1513 2405 1696 2475 ,ζῖἰζὲὴξῖζῃ

37 2499 160 2540 aegre
194 2487 399 2527 excitatus
436 2488 577 2528 oculos
611 2488 824 2541 aperiebat
857 2493 1041 2538 tantum,
1074 2493 1116 2528 et
1148 2492 1243 2541 post
1279 2486 1660 2561 111ςο8111111ἒῧᾟ1γζ1ῗῃ

37 2554 119 2595 sive
141 2555 496 2595 medicamentum
519 2556 602 2596 sive
623 2561 773 2610 potum
795 2557 861 2597 cui
884 2562 1135 2606 assueverat,
1158 2570 1256 2595 mox
1283 2555 1329 2594 in
1351 2559 1493 2607 stupo-
1513 2566 1650 2615 aph-onia

34 2636 126 2663 rem
158 2623 435 2673 dilabebatur,
469 2624 530 2664 ita
563 2625 815 2678 quandoque
847 2612 1106 2678 profundum
1141 2629 1190 2664 ut
1226 2624 1272 2663 in
1312 2608 1677 2675 aphoniades1nens3

37 2690 245 2732 desineret
267 2692 590 2733 absolutissima.

101 2758 179 2812 [4.]
219 2758 305 2800 Qui
342 2759 400 2799 sic
430 2759 567 2800 fuerat
605 2759 780 2800 affectus
817 2774 954 2813 aeger,
985 2759 1060 2800 ubi
1092 2759 1144 2800 ad
1180 2773 1223 2799 se
1254 2758 1392 2809 rediit,
1426 2758 1493 2799 die

37 2825 230 2867 vicesimo
251 2832 395 2868 octavo
415 2828 480 2868 vel
507 2828 725 2880 trigesimo
750 2829 887 2881 coepit
915 2828 1203 2869 convalescere
1216 2845 1227 2878 ς
1259 2828 1380 2881 cujus
1410 2828 1493 2880 pri-

81 2925 94 2939 ε
120 2921 217 2952 Deest
231 2922 290 2952 hoc
306 2933 375 2962 cap.
394 2923 426 2952 in
443 2923 512 2953 edd.
531 2924 594 2959 ’66‚
612 2924 674 2953 '68.
779 2922 791 2941 ‘¹
815 2935 919 2954 annor.
932 2923 1001 2963 Se]
1020 2924 1110 2964 hujus
1128 2926 1356 2954 Constitutiom's
1369 2923 1414 2953 ed.
1430 2923 1492 2954 ’76.
