1985 3308
434 151 521 191 494
853 145 1110 189 THOMAE
1145 145 1486 188 SYDENHAM

233 269 418 301 DnNovm:
434 261 538 299 nata
565 257 631 307 sit,
653 270 733 298 nec
754 256 844 297 sine
871 255 1040 308 ingenti
1063 258 1159 295 tum
1182 253 1414 303 molimine,
1436 257 1531 293 tum
1560 251 1675 305 aegri
1695 251 1896 305 periculo,

234 315 412 388 Ῑξοῗέζέυ
434 326 535 367 inde
569 330 696 380 queat
732 323 974 373 deturbari,
1019 336 1166 375 aegros
1206 334 1323 361 meos
1364 319 1541 360 sollicite
1576 332 1730 360 moneo
1761 332 1817 359 ne
1853 333 1897 360 se

235 419 411 449 Commo.
435 397 573 438 nudos
593 396 762 446 lectulo,
784 394 867 436 nisi
887 398 1019 435 noctu
1039 397 1224 442 tantum,
1242 391 1513 432 committant
1533 407 1540 431 :
1573 391 1687 444 quod
1708 390 1743 431 si
1762 405 1898 444 usque

435 466 539 508 adeo
575 464 784 506 debilitati
820 478 844 503 a
883 461 1032 502 morbo
1066 460 1226 501 fuerint
1267 464 1316 500 ut
1357 464 1497 500 erecto
1537 474 1711 514 corpore
1752 460 1898 502 sedere

433 538 663 589 nequeant,
696 531 897 586 permitto
937 534 986 570 ut
1022 529 1087 570 vel
1128 542 1253 582 super
1292 529 1453 569 lectum
1487 529 1640 583 ipsum,
1672 531 1738 571 vel
1773 545 1899 585 super

435 603 673 657 grabatum,
694 600 838 641 vestiti
865 599 1048 653 jaceant,
1071 597 1208 651 capite
1238 597 1462 652 paululum
1483 598 1644 639 elevato
1661 616 1672 649 3
1704 613 1784 640 nec
1806 599 1898 641 sino

434 675 483 713 ut
504 672 622 712 focus
645 670 698 710 sit
718 666 978 709 luculentior
997 666 1043 706 in
1065 665 1261 707 cubiculo
1284 681 1411 720 quam
1433 666 1502 707 cui
1529 681 1655 721 aeger
1675 671 1780 709 tunc
1801 681 1900 709 cum

435 753 563 780 sanus
585 741 688 786 erat,
712 740 965 777 assueverat.

498 806 606 860 [16.]
644 805 788 858 Atque
820 808 870 844 ut
909 803 990 844 hoc
1029 802 1222 856 regimen
1262 803 1437 844 omnino
1469 803 1706 844 tenendum
1747 808 1811 846 est
1847 804 1900 846 ab

431 874 555 915 initio
585 875 631 914 in
662 872 841 926 singulis
868 872 948 913 hac
979 871 1114 912 Febre
1141 871 1358 925 correptis,
1385 872 1436 925 (si
1455 872 1663 913 foeminas
1684 872 1730 913 in
1751 873 1900 927 primis

431 941 644 997 puerperii
677 940 826 981 diebus
868 939 1171 981 decumbentes
1211 939 1422 993 excipias)
1459 940 1521 980 ita
1559 941 1796 982 necessario
1837 946 1901 982 est

431 1009 742 1064 imperandum,
763 1008 839 1049 ubi
860 1008 913 1049 ad
935 1022 1123 1062 aegrum,
1147 1022 1273 1062 quem
1295 1007 1348 1049 ob
1370 1008 1562 1061 regimen
1583 1009 1701 1063 justo
1723 1009 1901 1051 calidius

431 1078 664 1133 phrenesis,
685 1077 917 1131 petechiae,
941 1082 1014 1118 aut
1042 1090 1280 1130 purpureae
1307 1077 1499 1118 maculae
1527 1077 1800 1129 obsederunt,
1827 1082 1902 1120 aut

433 1147 516 1188 alia
537 1147 706 1201 quaevis
728 1146 925 1187 efferatae
946 1145 1296 1186 inflammationis
1317 1145 1488 1196 indicia,
1512 1146 1741 1187 accersitur
1761 1147 1901 1188 Medi-

434 1230 532 1257 cus:
564 1215 645 1257 hoc
677 1215 794 1256 enim
820 1214 868 1254 in
896 1218 1025 1264 statu,
1047 1213 1365 1268 quantumlibet
1397 1214 1617 1268 sanguinis
1639 1215 1902 1267 detrahatur,

433 1284 705 1338 quantumvis
725 1283 873 1324 leviter
893 1287 1065 1336 tegatur
1086 1296 1249 1336 οοιῬΠΞ,
1265 1282 1507 1336 quicunque
1524 1282 1698 1324 demum
1713 1283 1900 1338 liquores

433 1353 732 1406 refrigerantes
767 1352 1032 1405 ingerantm,
1063 1366 1153 1392 non
1184 1351 1301 1405 prius
1333 1351 1552 1392 sedabitur
1582 1351 1742 1403 Febris,
1775 1367 1903 1406 quam

436 1435 561 1475 aeger
592 1435 635 1462 se
665 1421 821 1462 lectulo
851 1420 1038 1461 interdiu
1069 1419 1351 1470 abstinuerit;
1384 1433 1482 1460 cum
1513 1420 1627 1461 calor
1654 1421 1903 1462 circumam-

435 1490 592 1531 bientis
633 1489 742 1530 aeris
782 1489 894 1529 inter
934 1488 1122 1541 stragula
1162 1488 1348 1528 conclusi
1385 1488 1638 1541 sanguinem
1671 1489 1766 1542 plus
1803 1489 1904 1530 satis

438 1559 636 1612 exagitet,
659 1562 701 1599 et
721 1557 1038 1611 procumbentis
1067 1557 1251 1610 corporis
1281 1557 1386 1597 situs
1414 1557 1721 1598 vehementiori
1740 1558 1906 1612 impetu

440 1627 624 1669 eundem
644 1627 690 1667 in
718 1631 844 1679 caput
872 1625 1096 1679 impingat.
1158 1626 1218 1666 At
1238 1625 1308 1666 hic
1328 1625 1404 1665 ubi
1424 1625 1643 1679 phrenesis
1665 1625 1718 1667 ob
1740 1627 1904 1668 metho-

441 1696 544 1736 dum
575 1695 880 1749 imperitiorem
916 1694 1045 1735 semel
1076 1693 1267 1743 invaluit,
1302 1707 1381 1734 nec
1414 1693 1555 1734 subito
1589 1694 1718 1735 deleri
1749 1699 1903 1749 potest,

440 1778 519 1805 nec
539 1768 686 1804 tutum
713 1768 776 1804 est
802 1762 983 1816 repetita
1013 1761 1127 1802 ultra
1154 1761 1312 1802 limites
1340 1761 1620 1815 praescriptos
1647 1762 1713 1803 vel
1732 1762 1905 1816 phlebo-

439 1832 572 1873 tomia
602 1832 666 1872 vel
697 1831 951 1885 purgatione
983 1830 1173 1884 ejusdem
1204 1830 1468 1870 curationem
1500 1830 1698 1884 aggredi;
1730 1831 1906 1873 tandem

441 1914 538 1941 vero
561 1914 636 1940 suo
662 1904 852 1953 tempore
880 1912 1038 1952 suaque
1070 1903 1220 1952 sponte
1251 1912 1328 1951 ope
1354 1897 1457 1938 dicti
1483 1898 1702 1951 regiminis
1722 1899 1905 1942 recedet.

441 1968 512 2009 Ad
552 1983 678 2021 quam
718 1973 864 2008 tamen
906 1966 1184 2009 amovendam
1218 1966 1328 2006 nihil
1362 1966 1539 2020 perinde
1580 1967 1744 2008 confert
1780 1972 1907 2022 atque

442 2036 558 2090 aegri
598 2041 725 2090 caput
766 2036 857 2076 radi
870 2053 881 2086 3
934 2035 1047 2089 quod
1087 2035 1231 2088 itaque
1273 2048 1437 2088 semper
1475 2035 1699 2088 praecipio,
1740 2036 1907 2077 nuHum

442 2107 721 2161 emplastrum
752 2107 991 2157 admovens,
1025 2105 1099 2146 sed
1133 2104 1336 2159 pileolum
1370 2108 1543 2145 tantum
1574 2105 1688 2159 quod
1717 2105 1908 2147 ablatum

442 2190 590 2216 rasura
625 2175 876 2229 capillitium
910 2173 1182 2228 spissitudine
1216 2172 1514 2226 quadantenus
1547 2178 1804 2227 compenset,
1833 2179 1908 2215 aut

442 2244 594 2284 saltem
615 2247 743 2296 caput
774 2257 798 2283 a
824 2242 980 2295 frigore
1009 2245 1184 2282 externo
1214 2241 1395 2281 mimiat.
1459 2241 1555 2282 Hac
1575 2241 1776 2283 methodo
1797 2256 1907 2284 cere-

441 2311 568 2352 brum
588 2311 864 2365 refrigeratur
891 2309 1123 2351 admodum
1153 2314 1195 2350 et
1223 2313 1449 2360 recreatur,
1471 2309 1533 2350 ita
1553 2314 1602 2350 ut
1631 2310 1789 2351 sensim
1810 2310 1907 2352 cali-

444 2381 517 2422 das
538 2380 832 2434 impressiones
853 2379 1083 2433 phrenesin
1104 2378 1336 2419 excitantes
1360 2382 1485 2431 queat
1505 2378 1686 2420 vincere.

509 2448 618 2502 [17.]
632 2448 646 2475 t
676 2448 732 2488 Et
750 2461 857 2502 quae
879 2447 930 2488 de
951 2446 1193 2500 phrenitide
1214 2446 1283 2487 hic
1301 2447 1514 2498 dicuntur,
1533 2447 1584 2488 de
1600 2452 1764 2489 comate
1781 2447 1909 2488 etiam

444 2516 543 2557 huic
576 2516 702 2557 Febri
736 2516 1050 2570 supervenienti
1086 2514 1199 2556 dicta
1238 2520 1379 2566 sunto,
1413 2516 1459 2556 in
1496 2530 1578 2569 quo
1619 2521 1669 2557 ut
1709 2516 1756 2556 in
1797 2515 1910 2556 dicta

444 2586 684 2639 phrenitide
705 2585 883 2626 materia
904 2584 1081 2625 Febrih's
1102 2584 1147 2624 in
1168 2577 1294 2637 caput
1316 2598 1484 2624 sursum
1500 2585 1647 2635 fertur,
1665 2598 1712 2625 ac
1734 2584 1934 2639 proinde*

449 2654 499 2706 (si
519 2654 691 2707 linguae
713 2654 953 2695 albedinem
975 2653 1184 2706 excipias)
1209 2652 1328 2693 nulla
1358 2653 1514 2693 adsunt
1542 2653 1688 2694 Febris
1710 2654 1843 2707 signa,
1866 2657 1910 2694 at

447 2736 571 2775 aeger
601 2722 800 2776 apyrexia
828 2735 999 2776 prorsus
1029 2721 1113 2761 frui
1143 2721 1323 2761 videtur.
1385 2721 1439 2761 In
1469 2721 1549 2762 hoc
1570 2721 1728 2775 pariter
1755 2721 1911 2761 affectu

448 2804 494 2830 ac
526 2791 572 2830 in
603 2791 697 2841 alio,
731 2790 975 2840 cathartica,
999 2789 1242 2839 sudorifera,
1264 2789 1522 2840 vesicatoria,
1546 2795 1673 2843 atque
1703 2789 1747 2829 id
1774 2803 1910 2842 genus

448 2859 540 2908 alia,
578 2873 665 2900 non
706 2864 876 2900 tantum
917 2858 1035 2898 nullo
1077 2872 1174 2898 cum
1214 2857 1371 2908 fructu,
1409 2858 1481 2899 sed
1517 2872 1570 2899 ne
1607 2857 1777 2911 quidem
1819 2857 1909 2898 sine

969 2944 977 2963 t
1006 2943 1101 2972 Deest
1121 2944 1134 2981 ξ
1157 2943 1193 2973 17
1212 2942 1242 2972 in
1261 2942 1307 2972 cd.
1328 2942 1389 2972 '8(i.

1950 0 1961 140 afflam„§
