1985 3308
376 114 460 153 562
792 117 1050 158 THOMAE
1085 118 1427 159 SYDENHAM

191 228 246 257 DE
263 228 364 258 Mon-
455 221 534 276 [4.]
575 222 621 263 Si
640 228 735 277 post
757 222 1056 265 Morbillorum
1077 225 1308 266 discessum
1327 224 1469 274 febris,
1490 225 1725 278 respirandi
1746 225 1852 267 diffi-

217 279 343 347 ,Βηω-Ξ·
391 290 540 341 cultas,
558 295 601 332 et
622 292 704 332 alia
724 282 1009 346 symptomata
1024 292 1423 345 peripneumoniam
1439 292 1694 332 mentientia
1710 306 1853 346 super-

190 340 361 423 ἒζέῐῗξῗέἑ,
391 358 597 410 venerint,
619 360 791 412 sanguis
811 359 1041 400 liberaliter
1062 358 1345 399 extrahendus
1367 372 1390 398 e
1410 358 1596 409 brachio,
1615 360 1756 409 semel,
1773 359 1852 410 bis,

189 426 372 475 &0·›S¹‚110<÷1-
390 426 456 466 vel
475 431 552 479 ter,
573 432 700 481 prout
722 441 827 480 opus
847 427 989 476 fuerit,
1012 426 1282 467 convenienti
1309 426 1444 479 spatio
1470 426 1720 480 interposito
1740 427 1854 468 inter

187 475 373 552 ξῗὲἕῖἓὲῃ
391 492 578 546 singulas
598 492 958 534 venae-sectiones
970 510 981 542 3
1005 498 1132 546 atque
1153 493 1283 533 etiam
1304 493 1610 534 continuentur
1630 494 1854 536 decoctum

188 553 274 586 dum,
389 561 599 613 pectorale
631 574 758 613 supra
789 560 1062 613 descriptum,
1093 564 1142 600 ut
1173 565 1216 600 et
1246 559 1412 609 lohoch,
1441 560 1506 600 vel
1536 561 1677 601 oleum
1708 575 1852 615 amyg-

390 628 581 668 dalarum
612 628 800 668 dulcium
825 642 900 682 per
925 642 981 668 se.
1044 627 1166 669 Circa
1192 627 1306 669 diem
1332 627 1631 669 duodecimum
1658 629 1710 670 ab
1736 629 1852 670 inva-

389 696 505 737 sione
526 696 759 737 cathartico
778 696 956 737 lenienti
976 701 1197 749 purgetur.

453 762 531 816 [5.]
570 763 815 814 Diarrhoea,
868 777 975 817 quae
1025 764 1249 805 Morbillos
1300 765 1468 818 excipit,
1514 766 1853 807 venae-sectione

388 836 574 872 sanatur.

976 975 1102 1015 CAP.
1136 973 1254 1015 XV.b

974 1083 1038 1122 De
1067 1083 1256 1122 Variolis.

181 1177 325 1226 Vari01a5
442 1172 745 1212 ΒιεΤΙΝοΤΑΕο
762 1177 876 1223 sunt,
890 1173 955 1213 vel
969 1173 1262 1213 Confluentes:
1287 1177 1329 1213 et
1343 1172 1389 1212 in
1403 1172 1629 1213 Distinctis
1642 1172 1851 1215 invadunt

181 1220 354 1292 ζζῗζὲἒὲ
383 1240 497 1294 rigor
528 1246 570 1282 et
597 1241 758 1292 horror,
791 1242 903 1282 calor
933 1241 1140 1291 intensus,
1173 1241 1321 1295 capitis
1356 1246 1398 1282 et
1425 1241 1538 1281 dorsi
1574 1241 1693 1282 dolor
1726 1242 1851 1282 vehe-

180 1310 325 1378 ἓξὲξ
383 1322 517 1359 mens,
549 1309 823 1360 vomituritio,
854 1309 901 1350 in
934 1310 1091 1350 adultis
1130 1310 1284 1363 ingens
1319 1309 1366 1349 in
1402 1308 1575 1349 sudores
1610 1310 1848 1363 propensio,

178 1389 318 1421 historia.
388 1376 446 1428 (et
476 1375 578 1416 hinc
607 1377 784 1418 minime
809 1377 1077 1418 confluxuras
1105 1391 1194 1417 esse
1224 1377 1323 1418 licet
1349 1377 1586 1431 conjicere,)
1622 1377 1740 1418 dolor
1770 1378 1849 1418 sub

384 1441 617 1484 scrobiculo
648 1443 797 1494 cordis,
825 1444 861 1484 si
887 1458 1020 1484 manu
1048 1450 1280 1497 prematur,
1304 1451 1452 1498 stupor
1479 1450 1522 1485 et
1553 1446 1848 1496 somnolentia,

382 1524 695 1565 nonnunquam
722 1517 764 1553 et
790 1512 974 1552 insultus
1000 1512 1223 1566 epileptici,
1245 1512 1292 1552 in
1311 1512 1548 1553 infantibus
1573 1513 1822 1566 praesertim
1836 1530 1848 1563 ς

383 1579 535 1632 quibus
564 1580 611 1630 si,
638 1580 876 1621 dentitione
903 1586 1086 1634 peracta,
1113 1581 1409 1635 corripiantur,
1432 1581 1478 1621 in
1504 1581 1728 1634 procinctu
1758 1596 1849 1623 esse

381 1649 575 1689 Variolas
607 1649 739 1702 possis
772 1649 1026 1703 praedicere,
1058 1650 1120 1690 ita
1151 1656 1213 1700 ut,
1247 1651 1281 1690 si
1308 1651 1418 1691 forte
1450 1650 1660 1690 insultum
1693 1651 1847 1704 epilep-

381 1716 515 1757 ticum
537 1716 614 1757 sub
636 1731 852 1771 vesperam
872 1718 1102 1771 patiantm²‚
1122 1720 1315 1772 sequenti
1337 1733 1487 1759 aurora
1507 1719 1552 1759 in
1574 1724 1847 1773 conspectum

382 1798 425 1825 se
440 1785 616 1826 daturae
637 1786 721 1826 sint
735 1786 944 1836 Variolae,
967 1787 1091 1826 mites
1112 1792 1161 1827 ut
1177 1786 1411 1840 plurimum
1433 1792 1475 1826 et
1496 1786 1708 1827 rarissime
1729 1785 1845 1827 Con-

379 1852 574 1892 fluentes.
644 1853 722 1906 [2]
762 1853 927 1894 Quarto
955 1853 1159 1894 inclusive
1193 1853 1244 1894 ab
1278 1854 1496 1894 invasione
1528 1853 1594 1894 die
1629 1855 1845 1906 (nonnun-

381 1935 509 1973 quam
531 1921 675 1971 serius,
692 1936 787 1962 raro
808 1927 953 1962 tamen
975 1927 1075 1962 ante
1096 1922 1246 1975 illum,)
1267 1927 1499 1976 erumpunt
1511 1939 1523 1972 ;
1551 1936 1634 1976 quo
1654 1927 1846 1976 tempore

379 1990 443 2030 vel
458 1990 716 2031 minuuntur
731 1996 1028 2044 symptomata,
1049 1992 1115 2032 vel
1134 2005 1305 2045 prorsus
1327 1997 1597 2032 evanescunt.
1650 1992 1705 2032 In
1722 2005 1844 2044 erup-

377 2057 494 2098 tione
516 2064 661 2099 autem
682 2058 915 2099 subrubrae
942 2059 1078 2113 primo
1103 2060 1313 2113 pustulae,
1335 2059 1685 2099 tenuissimarum
1707 2059 1844 2099 acicu-

376 2126 515 2166 laran
543 2131 704 2180 puncta
728 2132 973 2180 aequantes,
996 2128 1174 2181 sparsim
1199 2141 1242 2168 se
1263 2127 1451 2181 produnt
1472 2141 1548 2181 per
1574 2126 1737 2177 faciem,
1760 2127 1844 2168 col-

376 2193 479 2244 lum,
501 2198 662 2247 pectus,
681 2199 723 2235 et
745 2208 895 2248 corpus
915 2195 1162 2236 universum
1175 2211 1186 2245 3
1218 2200 1324 2235 tunc
1345 2195 1391 2235 in
1411 2194 1606 2235 faucibus
1623 2195 1753 2245 dolor,
1772 2195 1845 2248 qui

375 2276 473 2302 cum
501 2263 683 2316 pustulis
715 2263 988 2317 surgentibus
1020 2269 1214 2318 augetur.
1284 2264 1363 2317 [3.]
1403 2263 1581 2304 Circiter
1602 2268 1798 2304 octavum
1819 2278 1844 2304 a

373 2330 511 2383 primo
531 2331 696 2372 insultu
718 2332 829 2372 diem
856 2332 1078 2373 intervalla
1105 2332 1389 2385 pustularum,
1410 2332 1527 2386 prius
1558 2332 1666 2383 alba,
1689 2332 1842 2374 rubere

368 2397 459 2450 jam
480 2398 704 2452 incipiunt,
727 2399 773 2439 in
793 2404 1007 2440 tumorem
1029 2399 1178 2449 attolli,
1203 2405 1245 2440 et
1268 2399 1411 2440 dolore
1425 2400 1589 2440 tensivo
1606 2400 1738 2449 affici;
1771 2413 1841 2441 ex-

373 2465 614 2505 tenduntur
643 2466 882 2519 palpebrae,
919 2472 975 2517 et,
1006 2471 1056 2507 ut
1085 2467 1223 2507 vesica
1253 2467 1414 2517 inflata,
1444 2467 1586 2507 oculos
1620 2467 1839 2508 claudunt.

375 2532 597 2574 Proximae
619 2548 643 2574 a
662 2534 769 2575 facie
789 2535 1083 2576 intumescunt
1104 2550 1269 2586 manus,
1288 2535 1494 2589 digitique
1511 2535 1836 2584 distenduntur3

373 2601 570 2651 pustulae
590 2602 725 2651 faciei,
748 2606 874 2642 antea
894 2602 1030 2643 laeves
1062 2608 1103 2643 et
1135 2603 1299 2653 rubrae,
1318 2603 1409 2657 jam
1439 2616 1610 2657 asperae
1637 2603 1839 2658 (primum

375 2669 671 2710 maturationis
699 2670 934 2723 indicium,)
960 2675 1003 2710 et
1031 2670 1278 2711 subalbidae
1304 2676 1536 2724 apparent,
1570 2684 1743 2711 succum
1773 2671 1837 2711 in-

376 2749 501 2789 super
521 2736 698 2787 luteum,
716 2738 853 2778 colore
875 2752 899 2778 a
918 2738 1012 2779 favo
1032 2752 1121 2779 non
1141 2738 1430 2790 abludentem‚
1449 2743 1664 2779 evomunt.
1697 2739 1837 2779 Faciei

420 2838 436 2861 b
462 2841 512 2870 Cf.
544 2844 663 2873 Obserr.
688 2845 770 2874 Med.
796 2845 838 2875 iii.
871 2846 908 2879 2;
945 2846 1075 2875 Dissert.
1180 2850 1194 2865 (⁸
1219 2846 1390 2876 Distinctae
1401 2844 1470 2885 3a]
1487 2844 1536 2874 Cf.
1552 2846 1673 2876 Observ.
1691 2845 1772 2876 Med.
1791 2845 1834 2876 iii.

375 2884 475 2921 Epist.
494 2886 509 2921 ξ
528 2886 545 2913 3
564 2895 630 2924 sq.;
658 2888 762 2917 Sched.
779 2888 890 2917 Monit.
907 2888 951 2917 II.
1137 2888 1164 2918 2.
1183 2889 1201 2917 2
1219 2897 1264 2926 sq.
