1985 3308
220 269 274 300 De
292 270 382 300 Pon-

251 322 356 344 AGRA.

210 674 353 705 Animus

211 719 333 758 corpori

209 760 365 800 compati-

211 807 272 839 tur,
290 803 375 832 unde

210 855 304 884 aeger
320 855 375 875 va-

209 897 264 916 rus
280 888 380 927 passi-

211 931 324 959 onibus
341 931 396 959 ob-

210 973 325 1003 noxius
339 978 394 1004 est.

210 1152 318 1182 Morbi
334 1163 387 1183 ca-

211 1196 380 1236 tastrophe.

414 153 501 193 416
820 154 1077 196 THOMAE
1111 154 1452 196 SYDENHAM

413 274 492 301 nec
523 260 587 300 sui
618 261 708 313 jam
743 261 871 302 fuerit
909 275 1091 315 compos,
1124 262 1284 301 alienae
1319 261 1409 313 opis
1444 272 1613 312 prorsus
1647 257 1870 311 indigen85

415 328 488 368 sed
513 333 555 368 et
576 328 645 368 hic
671 328 833 369 accedit
854 329 1120 369 miseriarum
1148 327 1363 377 cumulus,
1381 326 1494 380 quod
1515 326 1696 366 durante
1722 339 1872 379 parox-

412 409 533 450 ysmo
554 396 721 436 animus
749 396 878 437 etiam
903 397 995 448 (ceu
1023 395 1219 448 contagio
1247 394 1442 447 afflatus,)
1472 407 1522 434 eo
1549 407 1682 448 usque
1709 392 1873 446 corpori

414 464 682 516 compatitur,
701 468 750 504 ut
770 463 887 504 haud
907 463 1029 503 facile
1051 464 1104 503 sit
1127 462 1245 502 dictu
1265 466 1363 502 utro
1383 461 1536 502 horum
1558 475 1682 514 aeger
1702 460 1872 501 calami-

412 531 546 571 tosius
569 531 722 571 doleat.
782 531 885 571 Non
906 530 1020 570 enim
1040 529 1196 569 rectius
1218 529 1449 581 Podayrae,
1473 543 1600 582 quam
1620 529 1872 578 iracundiae,

413 612 688 652 paroxysmus
710 598 848 638 omnis
871 597 953 637 dici
979 601 1133 650 potest,
1157 610 1253 636 cum
1275 610 1396 636 mens
1422 601 1464 637 et
1485 597 1593 637 ratio
1613 610 1748 649 usque
1769 595 1874 636 adeo

415 666 467 706 ab
495 666 711 706 infirmato
741 678 913 718 corpore
942 668 1210 714 enerventur,
1238 669 1287 704 ut
1314 665 1380 705 vel
1405 664 1615 705 levissimo
1643 664 1875 704 affectuum

414 738 536 774 motu
570 733 847 786 impellantur
883 738 925 772 et
960 733 1182 773 vacillent:
1226 733 1342 773 unde
1376 747 1465 773 non
1499 733 1635 786 magis
1670 733 1759 786 ipse
1795 732 1876 774 sibi

416 816 543 854 quam
572 801 663 841 aliis
692 800 829 853 gravis
857 804 933 840 est.
996 800 1112 841 Quid
1138 800 1251 853 quod
1279 806 1321 841 et
1346 800 1522 841 caeteris
1551 813 1717 854 quoque
1744 800 1874 854 passi-

415 868 567 908 onibus
599 872 663 908 est
691 867 912 918 obnoxius,
940 868 1085 908 timori
1111 868 1318 918 videlieet,
1348 868 1718 920 sollicitudinique,
1748 872 1875 921 atque

415 935 506 975 aliis
548 935 591 975 id
629 936 795 988 genus?
837 950 863 975 a
903 935 1056 988 quibus
1090 935 1249 989 pariter
1282 940 1520 989 torquetur,
1551 935 1684 976 (101100
1723 935 1874 976 morbo

415 1008 705 1053 evanescente,
735 1003 902 1044 animus
935 1017 1114 1057 quoque,
1141 1004 1322 1057 pristina
1351 1004 1660 1057 tranquillitate
1691 1007 1873 1057 recepta,

413 1085 502 1111 una
523 1071 798 1111 convalescet.

481 1139 588 1192 [ll]
627 1139 819 1179 Tandem
847 1152 985 1192 aeger,
1018 1139 1081 1192 (ut
1108 1139 1388 1180 funestissimi
1414 1139 1543 1193 hujus
1570 1139 1710 1180 morbi
1739 1143 1874 1180 catas-

413 1208 596 1260 trophen
633 1208 764 1248 semel
803 1208 1052 1261 expediam,)
1091 1208 1319 1249 xisceribus
1360 1223 1384 1248 a
1417 1208 1621 1249 materiae
1660 1207 1874 1261 peccantis

413 1275 621 1316 incubatu
653 1276 959 1329 complexuque
988 1276 1050 1316 ita
1084 1276 1206 1316 laesis
1237 1281 1286 1316 ut
1318 1276 1561 1316 secretionis
1597 1289 1757 1328 organa
1785 1288 1874 1315 non

415 1344 594 1397 amplius
631 1358 706 1384 suo
741 1358 919 1384 munere
954 1343 1077 1396 fungi
1113 1348 1284 1396 queant,
1315 1343 1430 1383 unde
1467 1348 1509 1383 et
1546 1341 1718 1394 sanguis
1755 1340 1875 1394 quasi

414 1411 516 1452 limo
544 1416 586 1451 et
607 1411 872 1452 faeculentiis
899 1412 1080 1452 refertus
1107 1416 1291 1464 stagnat,
1315 1415 1355 1451 et
1377 1410 1555 1450 materia
1580 1423 1758 1463 peccans
1784 1422 1874 1448 non

410 1480 514 1533 jam,
546 1484 595 1519 ut
635 1479 735 1519 olim
777 1479 949 1528 solebat,
981 1479 1027 1518 in
1067 1478 1250 1532 corporis
1293 1477 1580 1518 extremitates
1621 1475 1874 1529 disploditur

416 1552 544 1599 atque
568 1547 782 1599 rejicitur3
815 1546 989 1586 tandem
1021 1546 1240 1599 (inquam,)
1266 1544 1287 1586 ὁ
1308 1544 1395 1600 τρὶς
1422 1543 1567 1588 ἅθλιος
1587 1544 1718 1583 vitam
1746 1542 1874 1583 afflic-

414 1614 624 1654 tissimam
657 1619 700 1654 et
726 1614 816 1667 jam
845 1614 918 1653 diu
948 1628 1036 1654 11011
1063 1614 1234 1654 vitalem
1265 1627 1361 1653 cum
1392 1618 1543 1663 morte,
1572 1624 1874 1652 aerumnarum

394 1682 573 1735 ¹requie,
595 1682 775 1722 feliciter
796 1687 1042 1722 commutat.

215 2106 328 2136 Plures
341 2106 388 2136 di-

214 2149 294 2178 vites
307 2154 336 2178 et
349 2160 397 2179 sa-

215 2192 338 2231 pientes

215 2244 311 2273 quam
322 2246 398 2275 pau-

214 2287 304 2316 peres
322 2284 352 2308 et

215 2320 318 2349 fatuos
335 2321 383 2350 in—

214 2364 347 2393 teremit.

482 1749 590 1802 [15.]
628 1750 688 1789 At
704 1762 801 1789 vero
827 1749 954 1802 (quod
971 1749 1075 1788 mihi
1097 1749 1285 1802 ahisque,
1302 1748 1400 1789 licet
1421 1754 1511 1788 tam
1531 1747 1727 1788 fortunae
1745 1760 1873 1800 quam

416 1817 579 1869 ingenii
601 1816 769 1857 dotibus
786 1817 1054 1857 mediocriter
1073 1818 1306 1866 instructis,
1320 1817 1400 1857 hoc
1417 1816 1564 1856 morbo
1579 1815 1872 1856 laborantibus

417 1884 565 1924 solatio
594 1897 683 1924 esse
713 1884 874 1937 possit,)
909 1884 969 1923 ita
999 1884 1208 1934 vixerunt,
1232 1889 1358 1937 atque
1394 1884 1456 1924 ita
1484 1883 1660 1924 tandem
1691 1888 1874 1923 mortem

415 1951 626 2001 obierunt,
660 1951 806 2004 magni
850 1965 983 2003 regeS,
1026 1951 1244 2004 dynastae,
1288 1951 1552 1991 exercituum
1592 1949 1873 2002 classiumque

415 2018 555 2068 duces,
593 2018 842 2071 philosophi,
879 2018 1033 2071 aliique
1074 2018 1139 2058 his
1181 2018 1337 2059 similes
1377 2017 1492 2058 haud
1530 2017 1668 2071 pauci.
1729 2015 1874 2056 Verbo

417 2085 566 2136 dicam,
593 2086 829 2126 articularis
856 2086 974 2126 hicce
1002 2086 1174 2127 morbus
1204 2085 1331 2139 (quod
1358 2085 1426 2125 vix
1454 2085 1506 2126 de
1531 2084 1674 2138 quovis
1703 2084 1784 2124 alio
1813 2083 1872 2124 af-

415 2155 675 2207 firmaveris,)
715 2154 864 2195 divites
894 2155 1036 2207 plures
1070 2154 1288 2195 interemit
1321 2168 1447 2207 9113111
1482 2166 1700 2207 paupereS,
1731 2152 1873 2205 plures

417 2223 626 2276 sapientes
668 2236 795 2275 quam
835 2223 974 2262 fatuos
987 2239 999 2272 3
1050 2222 1220 2262 Natura
1261 2222 1381 2275 quasi
1417 2221 1551 2274 digito
1590 2223 1872 2269 monstrante,

418 2306 544 2345 quam
580 2306 732 2345 parum
769 2291 916 2344 iniqua
956 2290 1010 2330 sit
1046 2291 1238 2330 omnium
1278 2304 1429 2343 parens
1465 2294 1507 2330 et
1543 2288 1714 2338 arbitra,
1747 2301 1875 2340 quam

416 2360 608 2414 partibus
643 2373 730 2399 11011
772 2358 954 2408 studeat,
987 2372 1085 2398 eum
1121 2372 1190 2398 eos
1227 2358 1380 2410 quibus
1422 2356 1578 2397 alicubi
1613 2355 1760 2405 defuit,
1793 2354 1874 2395 alio

417 2427 558 2480 aliquo
579 2427 789 2467 bonorum
811 2439 965 2478 genere
993 2425 1250 2465 cumulatius
1273 2425 1407 2465 ditare
1429 2424 1573 2474 soleat,
1595 2422 1874 2476 profusiorem

417 2508 514 2534 vero
536 2508 636 2547 erga
663 2494 764 2533 alios
792 2493 1129 2533 munificentiam
1154 2506 1288 2546 acqua
1315 2492 1526 2532 malorum
1546 2495 1666 2544 parte
1687 2489 1875 2530 admixta

419 2561 553 2602 diluat
582 2567 624 2601 et
649 2565 962 2613 contemperet:
996 2560 1100 2601 adeo
1127 2564 1177 2600 ut
1200 2559 1359 2613 ubique
1389 2559 1583 2613 gentium
1609 2562 1703 2598 rata
1729 2557 1783 2597 sit
1806 2557 1875 2597 lex

419 2638 545 2685 atque
565 2631 831 2680 inviolabilis,
853 2630 1022 2670 nullum
1042 2630 1259 2670 hominem
1281 2629 1346 2669 vel
1368 2633 1393 2650 ‘¹
1407 2643 1457 2669 ex
1484 2628 1602 2669 omni
1628 2631 1747 2680 parte
1774 2625 1873 2666 bea-

418 2700 555 2749 tum,’'
578 2699 750 2752 [Horat.
774 2698 848 2737 Od.
871 2697 913 2737 ii.
935 2698 1001 2737 16.
1017 2698 1106 2750 27]
1126 2698 1191 2737 vel
1215 2711 1288 2750 per
1309 2697 1451 2737 omnia
1472 2695 1672 2736 miserum
1695 2707 1742 2734 ac
1763 2693 1873 2734 cala-

421 2767 635 2817 mitosum,
667 2779 787 2819 posse
817 2764 1009 2814 inveniri,
1042 2763 1230 2817 singulos
1262 2768 1406 2804 autem
1434 2767 1661 2814 utramque
1693 2760 1874 2814 experiri

422 2839 590 2874 sortem.
634 2834 755 2875 Quae
775 2833 878 2874 boni
899 2837 1026 2886 atque
1047 2832 1150 2872 mali
1170 2830 1516 2884 contemperatio,
1533 2827 1756 2881 fragilitati
1774 2840 1872 2868 1108-

421 2905 511 2940 trae
529 2905 570 2940 ct
591 2900 840 2941 mortalitati
856 2900 917 2940 ita
937 2899 1116 2953 propria,
1131 2899 1253 2940 nobis
1266 2898 1442 2939 fortasse
1456 2895 1643 2950 apprime
1656 2893 1869 2935 conducit.
