1985 3308
230 260 369 291 Fan-:s

225 303 377 334 Is'rmux.

208 344 392 375 Ass-onus:

231 389 370 418 ’fil-³64.

209 598 249 628 In
264 609 394 639 provec-

206 641 341 672 tioribus

205 683 377 714 fermenta-

205 726 249 755 tio
265 728 386 757 cardia-

209 778 319 799 corum
336 776 367 800 et

209 813 354 842 corrobo-

208 855 307 883 rantis
325 855 372 884 di-

205 902 292 925 aetae
300 897 394 926 bene-

208 937 279 968 ficio
296 941 391 969 susti-

208 982 320 1012 nenda.

203 1950 296 1981 Aie'ris
312 1963 383 1983 mu-

199 1995 275 2023 tatio
293 1995 341 2025 his

199 2039 375 2069 necessaria

200 2084 256 2114 est,
269 2080 338 2118 jam

200 2122 337 2160 perfecta

200 2166 365 2201 sanguinis

199 2205 368 2246 despuma-

200 2248 298 2285 ti0ne;
314 2258 384 2282 aute

200 2290 257 2321 hoc
275 2300 354 2324 tein-

196 2343 256 2372 pus
273 2337 378 2367 minus

201 2380 356 2410 convenit.

412 149 469 188 84
767 162 771 165 ’
792 149 1049 191 ΤΗΟΜΑΕ
1082 146 1423 190 SYDENHAM

412 259 539 310 atque
559 256 758 298 humores
781 257 826 298 in
851 255 996 311 primis
1027 255 1103 295 viis
1125 254 1390 295 stabulantes
1412 252 1725 306 exturbentur)
1749 251 1815 294 vel
1835 252 1871 293 si

416 324 544 377 (quod
582 325 856 379 praecipuum
896 324 989 376 est,)
1028 322 1073 363 in
1109 322 1415 363 constitutione
1450 320 1685 375 epidemica
1719 333 1870 360 venae·

412 391 541 432 sectio
562 392 810 443 celebretur,
833 393 906 433 fiet
935 396 982 431 ut
1003 389 1175 431 morbus
1196 389 1242 430 in
1266 389 1563 443 longissimum
1583 393 1748 442 tempus
1775 401 1871 442 pro-

410 464 563 509 currat,
587 466 713 514 atque
734 459 903 501 interim
924 464 971 499 ut
994 457 1108 511 aegri
1130 457 1241 499 mille
1267 456 1595 512 symptomatisa,
1612 456 1746 510 iisque
1761 455 1871 510 peri-

411 527 691 578 culosissimis,
713 532 994 581 exponantur.

476 594 584 648 [37.]
625 595 669 635 Si
701 609 799 636 vero
839 593 1129 635 febricitantes
1169 592 1442 646 provectioris
1484 591 1636 633 aetatis
1677 591 1780 641 sint,
1819 604 1871 631 ex

411 666 592 716 utroque
617 663 765 703 morbo
797 660 1056 715 (Tertianasb
1088 660 1181 701 dico
1202 660 1501 710 Autumnales,
1523 674 1570 700 ac
1593 659 1868 711 Qum-tanais)

412 744 499 770 non
541 731 677 770 solum
708 728 1015 778 diuturnitatis,
1052 742 1199 768 verum
1231 727 1361 767 etiam
1396 727 1527 781 ipsius
1559 727 1709 767 mortis
1745 740 1872 780 grave

409 797 645 850 periculum
667 797 875 837 imminet.
915 795 1000 836 Hic
1021 795 1164 848 itaque
1186 794 1408 835 Medicum
1431 794 1536 834 illud
1558 808 1684 846 agere
1704 799 1871 847 oportet

415 864 463 915 (si
486 873 643 917 nequec
660 864 814 905 cortice
835 863 1086 912 Peruviauo,
1099 876 1178 902 nec
1201 861 1281 902 alia
1296 861 1440 915 quavis
1456 862 1657 902 methodo
1673 861 1871 902 morbum

411 931 657 972 submovere
678 931 886 983 valuerit)
906 936 955 970 ut
976 930 1170 970 Naturae
1193 928 1372 969 saltemd
1388 929 1601 983 suppetias
1621 929 1743 979 ferat,
1758 943 1871 970 eam-

412 1012 493 1051 que
514 998 596 1038 illis
618 998 885 1039 adminiculis
912 997 1115 1047 sublevet,
1140 997 1292 1050 quibus
1310 997 1363 1037 ad
1383 997 1606 1050 negotium
1628 1012 1753 1038 suum
1777 1011 1871 1050 per-

411 1066 623 1118 agendum
645 1081 750 1120 opus
779 1065 991 1106 habuerit.
1054 1065 1180 1105 Certe
1206 1064 1321 1105 enim
1346 1065 1392 1106 in
1421 1065 1583 1106 effoetis
1612 1064 1870 1118 corporibus,

409 1133 490 1173 nisi
509 1134 780 1175 fermentatio
797 1133 1080 1174 cardiacorum
1099 1138 1141 1174 et
1159 1133 1470 1174 corroborantis
1487 1133 1651 1174 diaetae
1669 1134 1731 1186 (ut
1744 1133 1871 1173 Vinie

409 1201 683 1252 Absinthitis,
701 1216 748 1242 ac
771 1202 813 1242 id
835 1215 969 1254 genus
991 1200 1219 1254 similium,)
1244 1201 1450 1242 beneficio
1472 1201 1746 1252 sustineatur,
1764 1200 1870 1242 illud

409 1269 582 1318 accidet,
616 1274 666 1309 ut
702 1269 829 1322 aegri,
865 1269 1038 1310 incertis
1074 1274 1201 1323 atque
1230 1269 1482 1310 frustraneis
1512 1268 1773 1323 paroxysmis
1807 1268 1869 1309 di-

407 1337 558 1387 vexati,
583 1337 874 1387 debilitentur,
897 1342 1024 1390 atque
1054 1337 1228 1377 morbus
1255 1350 1439 1391 eousque
1462 1336 1600 1387 duret,
1623 1336 1757 1377 donec
1777 1336 1870 1376 lan-

409 1404 536 1457 guida
565 1405 681 1458 prius
706 1405 888 1456 Natura,
909 1419 1162 1459 paroxysmo
1192 1405 1333 1459 aliquo
1364 1405 1554 1459 graviore
1584 1409 1790 1458 correpta,
1813 1404 1869 1445 ad

407 1472 666 1513 ebullitionis
697 1477 866 1526 tempus
897 1473 1138 1526 pertingere
1169 1487 1257 1514 non
1286 1474 1418 1527 possit
1431 1490 1443 1523 ,-
1476 1472 1664 1526 adeoque
1699 1472 1746 1512 in
1776 1472 1868 1526 ipso

407 1540 770 1581 exhorrescentiae
797 1546 988 1594 tempore
1014 1541 1127 1581 diem
1148 1555 1275 1581 suum
1300 1541 1457 1582 obeant
1486 1540 1662 1594 aegroti.
1722 1540 1869 1593 Atque

405 1607 484 1648 hoc
506 1607 551 1647 in
573 1608 745 1649 senibus
772 1622 861 1649 non
891 1623 988 1650 raro
1016 1623 1099 1650 usu
1120 1609 1249 1659 venit,
1274 1609 1346 1662 qui
1376 1609 1507 1662 longa
1533 1608 1867 1649 catharticorum

405 1676 510 1716 serie
533 1676 743 1717 debilitati
757 1677 957 1718 fuerunt:
989 1676 1075 1718 imo
1101 1679 1163 1730 (ut
1186 1677 1414 1731 aliquando
1434 1677 1572 1717 visum
1593 1677 1686 1729 est,)
1711 1676 1757 1716 in
1776 1676 1870 1730 ipso

402 1744 468 1783 vel
489 1744 723 1797 primorum
752 1759 1101 1799 paroxysmorum
1122 1745 1261 1798 rigore
1288 1745 1459 1798 penitus
1482 1744 1745 1794 defecerunt,
1768 1758 1868 1786 cum

404 1812 592 1853 exhibito
617 1813 809 1854 cardiaco
839 1813 940 1854 satis
961 1813 1061 1854 forti
1089 1813 1241 1854 saltem
1269 1813 1322 1854 ad
1350 1817 1521 1866 tempus
1549 1812 1720 1866 aliquod
1740 1812 1868 1853 susti-

403 1880 496 1920 neri
517 1881 771 1933 potuissent.

467 1949 574 2003 [38]
613 1949 724 1990 Cum
755 1950 928 2004 sanguis
955 1955 1125 2003 tempus
1146 1949 1253 1991 illud
1282 1950 1470 2004 exegerit
1493 1948 1607 2004 quod
1638 1946 1692 1990 ad
1713 1948 1867 2003 despu-

400 2017 632 2058 mationem
662 2032 783 2059 suam
810 2019 1112 2072 perficiendam
1139 2019 1383 2072 requiritur,
1406 2018 1693 2059 necessarium
1721 2021 1785 2058 est
1815 2022 1867 2058 ut

398 2085 667 2137 provectioris
689 2087 839 2127 aetatis
856 2087 983 2140 aegri,
998 2087 1147 2128 eodem
1167 2087 1257 2140 ipso
1279 2092 1469 2140 tempore
1489 2086 1554 2127 vel
1570 2086 1696 2140 paulo
1717 2090 1858 2134 antea,

399 2152 612 2205 insignem
653 2154 839 2207 aliquam
880 2155 990 2196 ae'ris
1037 2154 1323 2195 mutationem
1365 2154 1560 2203 subeant,
1603 2153 1688 2194 sive
1733 2152 1864 2206 (quod

400 2220 541 2272 potius
581 2222 817 2274 optandum
858 2223 997 2275 esset,)
1040 2222 1087 2262 in
1127 2222 1372 2262 calidiorem
1417 2222 1602 2274 aliquam
1642 2220 1860 2273 regionem

401 2289 732 2342 commigrando,
770 2289 854 2330 sive
886 2289 1093 2330 mutando
1125 2290 1275 2330 saltem
1305 2289 1447 2329 locum
1483 2289 1530 2329 in
1561 2302 1645 2342 quo
1677 2288 1863 2341 primum

402 2356 480 2397 hoc
510 2357 657 2398 morbo
688 2358 871 2411 correpti
898 2363 1012 2398 sunt.
1074 2358 1238 2398 Mirum
1267 2371 1367 2397 sane
1398 2362 1461 2397 est
1493 2361 1703 2409 quantum
1724 2355 1862 2396 valeat

401 2423 504 2464 haec
542 2425 652 2466 aeris
687 2425 870 2466 mutatio
906 2425 959 2466 ad
994 2425 1192 2465 morbum
1227 2425 1343 2465 hunc
1378 2438 1550 2478 prorsus
1587 2423 1861 2476 abigendum.

402 2491 583 2532 Interim
610 2498 660 2533 ut
692 2498 792 2533 ante
812 2493 929 2533 hunc
957 2492 1159 2546 temporis
1191 2492 1418 2533 articulum
1445 2496 1518 2533 aer
1547 2495 1752 2541 mutetur,
1773 2505 1863 2532 non

400 2564 572 2599 tantum
607 2574 695 2601 non
729 2561 1017 2601 necessarium
1052 2565 1115 2601 est
1151 2560 1204 2600 ad
1240 2560 1469 2600 sanitatem
1509 2572 1560 2600 ex
1593 2559 1674 2600 hoc
1713 2558 1863 2600 morbo

402 2627 721 2678 restituendam,
745 2628 819 2668 sed
840 2633 882 2669 et
916 2628 1058 2668 minus
1087 2628 1299 2669 convenit.
1361 2627 1543 2668 Etiamsi
1564 2626 1680 2668 enim
1701 2626 1794 2680 quis
1814 2627 1861 2667 in

401 2694 617 2746 regionem
646 2700 1025 2750 quantumcunque
1054 2696 1284 2737 australem
1312 2701 1354 2737 et
1388 2695 1569 2737 calidam
1601 2695 1861 2750 migraverit,

443 2835 454 2847 '¹
470 2834 692 2873 symptmnmis]
705 2838 878 2865 —matibns
888 2836 956 2866 edd.
970 2836 1101 2872 '66‚'68.
1203 2834 1215 2852 ‘¹
1239 2834 1363 2874 saltem]
1382 2844 1443 2865 om.
1461 2834 1530 2864 edd.
1549 2834 1612 2870 ’66›
1627 2834 1689 2864 '68-

443 2871 455 2888 '³
485 2876 564 2903 Ter-t.
582 2875 648 2915 Suu]
667 2886 727 2905 0111.
746 2877 813 2906 edd.
833 2879 894 2909 ⁹66.
909 2879 972 2907 ¹68.
1202 2882 1214 2896 ‘
1238 2884 1270 2907 u!
1293 2880 1362 2907 Vini
1379 2876 1447 2917 “j-a]
1463 2887 1525 2907 om.
1543 2877 1590 2907 ed.
1609 2877 1670 2907 '66-

444 2916 455 2929 ‘
479 2919 504 2945 Si
523 2928 613 2955 neque
628 2918 695 2956 &tul
715 2929 774 2948 om.
794 2920 861 2949 edd.
882 2921 944 2955 ⁸66,
964 2921 1026 2950 ’68-
