1985 3308
411 185 469 224 40
827 184 1084 226 THOMAE
1118 182 1459 225 SYDENHAM

241 299 370 354 ramus
413 291 561 333 eadem
582 291 780 333 conclusa
807 305 855 332 ac
881 291 961 345 ipsi
988 291 1162 332 inimica
1190 294 1447 340 secernatur,
1469 289 1532 330 ve]
1560 292 1610 330 ut
1633 287 1807 342 sanguis
1825 287 1874 328 in

212 342 396 414 Αἳῖοτζῗζ,
413 374 565 401 novam
590 360 775 413 aliquam
798 359 1012 400 diathesin
1032 359 1298 399 immutetur.

240 427 397 474 ’fil-'92⁰—
479 427 559 481 [2.]
588 428 732 480 Atque
752 427 797 467 in
819 427 899 467 hoc
920 427 1093 479 negotio
1109 426 1244 480 magis
1262 425 1418 466 arridet
1431 425 1560 466 latius
1575 429 1617 466 et
1635 423 1873 477 generalius

214 489 359 560 {aggf
416 496 691 535 commotionis
725 494 991 544 vocabulum,
1023 509 1150 547 quam
1184 494 1250 535 vel
1269 493 1615 546 fermentationis,
1643 493 1710 533 vel
1734 491 1874 532 ebulli-

214 578 310 612 atque
416 564 567 609 tionis,·
609 563 763 616 quippe
805 562 918 615 quod
966 562 1107 602 inanis
1152 560 1417 617 λογομαχίας
1457 561 1721 602 occasionem
1755 573 1874 613 prae-

215 617 369 687 ξ’,ἶιῗὲζῖζζζζζ
417 630 595 680 scindat,
619 644 745 683 quam
766 629 955 670 fortassis
980 628 1222 669 istiusmodi
1252 642 1372 669 voces
1398 630 1521 681 (quae
1551 628 1715 668 etiamsi
1746 626 1876 680 expli-

214 700 290 730 bula
307 700 366 729 ¹¹¹5-
417 698 627 739 cationem
647 711 739 737 non
760 696 1074 737 incommodam
1097 696 1342 745 admittant,
1358 700 1503 736 tamen
1525 696 1668 735 minus
1684 694 1877 748 propriae

214 752 465 824 ss‡}{?1¹1⁰1<·e-ac
486 765 683 806 nonnihil
705 765 893 804 duriores
915 764 1133 804 nonnullis
1153 763 1381 815 videntur,)
1405 763 1521 803 haud
1543 763 1644 803 satis
1666 766 1876 802 caverent.

216 828 400 909 ἓζῑέἒῖἒξξ.
419 832 622 874 Quamvis
673 832 788 872 enim
839 831 997 871 cruoris
1047 830 1094 870 in
1134 830 1341 870 Febribus
1383 829 1624 879 commotio,
1664 829 1879 883 liquorum

219 918 341 952 pantur.
417 899 719 953 vegetabilium
751 899 852 938 alias
877 898 1263 947 fermentationem,
1295 898 1397 938 alias
1429 898 1558 938 ctiam
1583 897 1878 938 ebullitionem

420 967 657 1008 aemuletur
672 983 684 1016 3
728 980 816 1006 non
847 966 1004 1006 desunt
1037 965 1316 1005 nihilominus
1351 965 1424 1018 qui
1464 964 1644 1005 eandem
1673 978 1761 1005 non
1791 978 1880 1006 uno

418 1034 544 1074 modo
581 1034 632 1074 ab
668 1038 849 1087 utraque
883 1034 1118 1087 plurimum
1151 1033 1320 1074 differre
1357 1033 1634 1074 arbitrantur.
1695 1033 1762 1074 De
1798 1031 1880 1073 fer-

418 1101 682 1143 mentatione
717 1116 854 1141 unum
897 1102 1130 1142 alterumve
1173 1101 1225 1142 ab
1266 1101 1349 1141 illis
1391 1105 1584 1141 sumatur
1624 1099 1879 1153 exemplum.

219 1182 257 1229 131
275 1181 391 1220 quibus
420 1170 575 1219 Primo,
608 1170 706 1210 licet
746 1169 1120 1210 fermentescentia
1150 1169 1313 1222 liquida
1345 1169 1536 1209 vinosam
1570 1167 1785 1221 quandam
1815 1167 1881 1208 in-

216 1225 402 1305 ἓζξῗῇξῖῗ-Π·
420 1237 558 1278 dolem
583 1238 644 1277 ita
673 1238 862 1278 nancisci
893 1238 1056 1278 soleant
1086 1242 1137 1278 ut
1169 1237 1366 1291 spiritum
1397 1237 1619 1277 ardentem
1650 1250 1701 1276 ex
1729 1235 1882 1277 iisdem

217 1309 376 1357 ¹{ulliti0a
421 1305 648 1346 destillatio
685 1306 840 1355 eliciat,
873 1310 1001 1359 atque
1041 1305 1087 1345 in
1119 1311 1285 1346 acetum
1327 1305 1449 1345 facile
1483 1304 1732 1354 desciscant,
1769 1303 1883 1357 quod

216 1352 401 1423 ξῖξξζζζζᾞζζῃ
419 1374 558 1427 ipsum
590 1373 750 1426 insigni
786 1387 906 1414 acore
938 1374 1082 1427 pollet,
1119 1378 1162 1414 et
1199 1373 1395 1427 spiritum
1428 1372 1597 1413 acidum
1628 1371 1883 1412 destillando

215 1438 385 1509 {fg-33¹³&
422 1441 619 1491 exhibet,
651 1445 850 1482 neutram
876 1446 1024 1482 tamen
1055 1441 1263 1495 ejusmodi
1289 1440 1573 1481 mutationem
1600 1440 1647 1479 in
1675 1438 1884 1492 sanguine

420 1510 626 1550 hactenus
648 1509 912 1550 observatam
932 1510 1061 1550 fuisse
1083 1508 1363 1550 contendunt.

477 1577 643 1618 Deinde
665 1577 827 1617 adverti
853 1577 1000 1618 volunt
1027 1577 1140 1630 quod
1168 1591 1266 1617 cum
1286 1576 1333 1616 in
1357 1575 1593 1629 liquoribus
1621 1574 1777 1615 vinosis
1801 1574 1885 1615 fer-

419 1646 625 1686 mentatio
658 1650 700 1685 et
737 1645 958 1699 depuratio
991 1645 1140 1686 eodem
1172 1649 1363 1698 tempore
1390 1648 1663 1697 peragantur,
1690 1646 1733 1683 et
1765 1642 1885 1696 quasi

419 1714 591 1767 paribus
627 1713 821 1767 passibus
861 1713 1106 1767 procedant,
1142 1712 1364 1766 depiu'atio
1397 1718 1543 1753 tamen
1577 1711 1798 1764 sanguinis
1837 1710 1885 1751 in

422 1782 628 1822 Febr-ibus
650 1782 840 1835 ejusdem
863 1782 1173 1823 aestuationem
1194 1795 1283 1822 non
1303 1780 1544 1830 comitetur,
1560 1779 1631 1820 sed
1654 1793 1884 1832 consequa-

422 1856 505 1900 tur,
523 1850 567 1890 id
582 1850 694 1904 quod
711 1851 755 1890 in
768 1864 1019 1905 paroxysmo
1036 1849 1194 1891 Febrili
1209 1864 1283 1903 per
1305 1849 1478 1889 sudores
1496 1849 1647 1898 soluto,
1664 1848 1730 1888 vel
1744 1847 1884 1888 oculo-

421 1932 518 1958 rum
538 1918 784 1959 testimonio
804 1924 949 1972 patere
970 1918 1228 1959 existimant.

489 1986 567 2039 [3.]
607 1986 734 2028 Quod
769 1991 913 2027 autem
941 1986 995 2027 ad
1025 1986 1319 2027 ebullitionem
1351 1984 1519 2035 attinet,
1554 1983 1762 2024 difficilior
1801 1982 1885 2023 illis

424 2053 527 2094 haec
555 2054 722 2095 videtur
750 2054 957 2107 analogia,
989 2068 1180 2108 quaeque
1211 2052 1516 2107 experientiam
1543 2052 1674 2093 habet
1699 2064 1885 2092 summo-

424 2135 522 2174 pere
553 2122 853 2175 refragantem,
886 2122 932 2162 in
967 2122 1114 2162 multis
1145 2121 1349 2162 nimirum
1381 2120 1559 2168 casibus,
1592 2119 1756 2173 quoties
1796 2133 1885 2159 non

426 2189 529 2230 adeo
565 2190 760 2231 effraenis
796 2195 859 2231 est
892 2190 1051 2231 cruoris
1085 2204 1304 2243 orgasmus
1336 2193 1386 2229 ut
1422 2189 1667 2229 ebullitionz's
1702 2187 1884 2241 appella·

425 2258 586 2298 tionem
617 2259 767 2299 mereri
800 2259 945 2312 possit.
1006 2258 1171 2299 Verum
1195 2262 1295 2298 utut
1333 2257 1400 2306 sit,
1436 2258 1591 2311 (neque
1622 2255 1738 2296 enim
1769 2255 1885 2296 hisce

425 2326 719 2366 controversiis
750 2340 819 2367 me
848 2326 1064 2367 ullatenus
1094 2324 1323 2366 immisceri
1349 2324 1515 2378 patiar,)
1541 2322 1885 2377 quandoquidem

413 2391 746 2444 fermentationis
777 2399 818 2435 ct
847 2394 1092 2435 ebzillz'tzfonis
1126 2393 1330 2435 vocabula
1359 2392 1471 2446 apud
1503 2391 1758 2432 recentiores
1789 2391 1884 2432 Me-

426 2460 539 2501 dicos
586 2462 819 2515 plurimum
859 2462 1146 2512 invaluerunt,
1190 2474 1270 2514 ego
1308 2474 1474 2514 quoque
1515 2459 1664 2500 eadem
1705 2458 1885 2500 subinde

426 2542 628 2582 usurpare
655 2544 742 2570 non
765 2530 1059 2580 dubitaverim,
1083 2528 1312 2570 dummodo
1335 2542 1384 2569 ex
1407 2529 1497 2582 jam
1519 2527 1642 2568 dictis
1664 2527 1764 2568 satis
1786 2541 1884 2568 con-

429 2601 510 2636 stet
540 2611 659 2637 voccs
689 2598 792 2638 istas
829 2598 874 2637 in
904 2598 983 2638 hoc
1014 2602 1202 2638 tractatu
1233 2596 1398 2638 clariori
1438 2595 1702 2637 solummodo
1743 2595 1885 2635 dicen-

429 2662 577 2703 dorum
601 2665 868 2718 explicationi
891 2665 1106 2706 inservire.

228 2740 374 2788 febru-is*
487 2730 616 2771 Porro
637 2732 848 2773 Febrilein
873 2733 984 2773 hanc
1006 2733 1226 2786 sanguinis
1258 2732 1584 2773 commotionem
1608 2731 1661 2772 ob
1683 2730 1886 2771 materiae

227 2793 392 2821 sangulnls

225 2826 397 2854 commotio
429 2797 647 2848 eujusdam
677 2799 994 2854 heterogeueae,
1026 2801 1189 2855 ipsique
1220 2801 1414 2841 Naturae
1446 2799 1719 2849 adversantis,
1753 2812 1884 2839 secre-

226 2867 408 2938 {gliigffia-
429 2863 588 2903 tionem
617 2865 668 2905 ab
697 2868 844 2908 eadem
872 2869 1088 2919 concitari,
1111 2883 1237 2910 omne
1266 2883 1400 2922 genus
1427 2868 1610 2909 febrium
1634 2880 1740 2921 quae
1762 2880 1884 2920 erup-

901 2958 914 2969 ⁰
939 2955 974 2982 Ῑιι
992 2956 1098 2993 quibus
1115 2952 1183 2993 isc]
1203 2964 1264 2983 om.
1283 2954 1329 2983 ed.
1348 2953 1408 2985 ⁴76.
