1985 3308
173 798 446 847 EPISTOLA
484 798 876 847 DEDICATORIA
913 797 1212 848 EDITIONIS
1251 798 1514 846 TERTIAE.

628 1047 913 1078 AMICISSIMO
938 1047 1054 1077 VIRO

244 1166 342 1212 D¹¹⁰
393 1166 730 1214 JOHANNI
786 1165 1249 1225 MAPLETOFT,
1298 1165 1448 1224 M.D.,

478 1294 535 1328 IN
561 1294 819 1329 COLLEGIO
846 1294 1223 1330 GRESHAMENSI

313 1418 478 1459 APUD
526 1419 957 1460 LONDINENSES
1002 1418 1386 1469 PROFESSORI,

205 1550 446 1582 NEC-NON
481 1552 795 1582 SOCIETATIS
831 1552 1046 1583 REGIAE
1083 1551 1288 1582 IBIDEM
1324 1552 1493 1582 SOCIO.

175 1692 299 1731 DUO
334 1692 493 1732 omnino
524 1696 632 1742 sunt,
664 1692 968 1733 Humanissime
1008 1693 1093 1743 Vir,
1128 1693 1177 1733 de
1209 1693 1352 1745 quibus
1384 1693 1450 1732 hic
1481 1693 1582 1733 milii

127 1759 271 1799 Tecum
298 1760 497 1812 agendum
527 1764 588 1800 est
601 1778 613 1799 .·
637 1761 833 1812 primum,
854 1765 901 1801 ut
929 1774 1074 1800 causas
1103 1774 1314 1813 exponam,
1337 1761 1481 1813 quibus
1506 1762 1582 1800 im-

115 1827 264 1879 pulsus
284 1828 524 1868 Tractatum
544 1829 650 1868 hunc
669 1841 800 1868 meum
819 1829 863 1867 in
874 1828 1086 1880 publicum
1106 1829 1179 1868 edo
1195 1845 1208 1875 ,·
1240 1830 1425 1879 alterum,
1443 1842 1583 1881 quam-

124 1895 260 1935 obrem
280 1895 447 1935 eundem
472 1895 556 1936 Tuo
568 1897 829 1948 potissimum
845 1896 1015 1936 Nomini
1036 1897 1254 1937 dicandum
1275 1910 1426 1938 censeo.
1487 1898 1584 1937 Pri-

119 1976 228 2002 mum
259 1963 367 2015 quod
396 1964 555 2014 attinet,
587 1965 816 2004 tricesimus
833 1965 958 2016 jama
984 1965 1123 2017 ayitur
1153 1979 1283 2005 annus
1313 1979 1338 2005 a
1369 1978 1444 2017 quo
1474 1966 1583 2005 Lon-

122 2029 262 2069 dinum
274 2033 419 2081 petens
438 2034 484 2070 ut
504 2031 599 2071 inde
619 2032 820 2072 Ooeonium
841 2032 969 2072 denuo
981 2032 1280 2084 proficiscerer,
1302 2033 1342 2085 (a
1363 2046 1440 2085 quo
1452 2033 1584 2084 primi

124 2097 217 2137 belli
238 2098 454 2138 calamitas
473 2111 535 2138 me
556 2099 614 2138 ad
639 2113 766 2139 annos
795 2100 950 2152 aliquot
971 2099 1250 2154 distinuerat,)
1271 2102 1313 2140 in
1337 2102 1470 2141 virum
1491 2101 1583 2140 doc-

122 2167 322 2206 tissimum
350 2170 390 2205 et
419 2167 595 2206 maoeime
619 2167 846 2219 inqenuum,
868 2167 983 2206 D'‘²‘²⁷¹
1003 2169 1221 2208 Doctorem
1246 2169 1438 2207 Thomam
1463 2169 1582 2218 Come,

127 2234 211 2286 (qui
223 2247 304 2286 per
321 2247 387 2274 eos
408 2235 532 2274 etiam
553 2248 692 2284 annos,
711 2238 831 2287 atque
852 2235 909 2274 ad
927 2236 1032 2275 hunc
1051 2248 1175 2288 usque
1196 2236 1314 2285 diem,
1330 2236 1585 2275 Medicinam

122 2315 273 2355 magna
303 2314 393 2342 cum
423 2302 657 2343 celebritate
675 2302 921 2357 factitavit,)
950 2305 1094 2345 Fratri
1122 2319 1208 2345 meo
1239 2309 1334 2345 tunc
1354 2306 1585 2358 aeyrotanti

123 2370 403 2419 consulentem,
436 2371 646 2422 auspicato
681 2371 926 2418 inciderem;
979 2373 1047 2425 qui
1082 2373 1243 2425 quidem
1276 2373 1353 2423 vir,
1375 2386 1457 2425 pro
1487 2377 1585 2413 nota

122 2449 198 2477 sua
219 2437 472 2478 humanitate
495 2439 774 2491 suavitateque
794 2453 962 2489 morum,
984 2454 1046 2480 me
1057 2444 1324 2492 percontatus
1344 2444 1415 2490 est,
1438 2442 1503 2480 cui
1523 2453 1585 2480 me

125 2504 283 2544 demum
317 2505 413 2555 arti,
450 2506 646 2546 intercisa
668 2508 764 2559 jam
803 2512 987 2559 repetens
1025 2508 1176 2558 studia,
1212 2512 1449 2560 sumptaque
1489 2512 1585 2560 toya

123 2573 248 2623 virili,
262 2586 461 2625 pararem
482 2575 683 2615 addicere.
736 2576 828 2629 Eyo
848 2590 941 2616 vero
962 2577 1141 2616 incertus
1161 2577 1295 2616 adhuc
1315 2577 1453 2626 animi,
1476 2580 1515 2616 et
1536 2576 1586 2617 de

125 2640 294 2680 Medica
315 2641 420 2681 Arte
449 2655 498 2681 ne
522 2643 585 2682 vel
609 2644 815 2683 somnians
836 2644 1008 2697 quidem,
1031 2645 1139 2684 tanti
1167 2645 1248 2684 viri
1278 2645 1444 2684 hortatu
1465 2648 1586 2697 atque

126 2708 376 2748 authoritate
397 2713 622 2760 permotus,
653 2712 786 2751 nescio
817 2725 894 2764 quo
918 2711 1015 2763 fato
1047 2725 1145 2762 meo,
1177 2724 1239 2751 me
1271 2712 1329 2751 ad
1360 2725 1449 2752 eam
1477 2712 1584 2752 serio

127 2775 301 2816 accinxi.
362 2775 423 2815 Et
441 2789 552 2827 sane,
573 2778 610 2816 si
640 2778 800 2830 quando
831 2780 931 2819 haec
961 2782 1101 2818 nostra
1132 2780 1345 2820 conamina
1374 2780 1439 2820 vel
1464 2780 1584 2819 mini-

329 2926 340 2938 ¹¹
364 2921 452 2962 jam]
472 2932 513 2953 sc.
531 2933 613 2954 anno
632 2924 724 2961 1675,
742 2934 805 2964 quo
822 2924 898 2954 haec
916 2924 1043 2964 scripsit
1061 2924 1153 2964 Syd.;
1177 2925 1248 2955 vide
1264 2935 1296 2965 p.
1313 2924 1384 2956 270.
