1985 3308
419 155 500 194 100
835 153 1090 194 ΤΙΙΟΜΑΕ
1126 153 1466 194 SYDENHAM

242 273 371 303 anms
415 261 501 302 mio
535 261 581 301 in
614 266 757 302 actum
793 275 841 302 ac
877 262 995 315 quasi
1030 262 1076 301 in
1111 261 1251 301 lucem
1284 261 1439 311 educit,
1474 274 1621 301 eorum
1654 260 1872 310 essentias,

220 316 390 389 gffffsss‘ss
416 330 688 386 quidditates,
721 344 768 371 30
799 330 1058 370 differentias
1095 330 1389 370 constitutivas
1432 328 1646 369 altissimis
1686 327 1874 368 tenebris

212 402 394 457 45³⁷&va
415 398 594 440 obvelat.
677 398 794 438 Hinc
826 396 1106 451 unaquaeque
1139 397 1398 447 morborum,
1435 411 1523 437 non
1563 396 1706 436 minus
1748 409 1875 449 quam

247 446 298 480 ‘²5’
328 446 396 495 ‘36ss
414 466 663 507 animalium
685 470 759 506 aut
780 465 1095 519 vegetabilium,
1118 465 1276 519 species
1298 465 1542 505 affectiones
1571 464 1650 505 sibi
1672 463 1873 517 proprias,

414 540 651 588 perpetuas,
675 548 722 574 ac
747 534 905 586 pariter
932 533 1144 583 univocas,
1169 533 1220 573 ab
1243 533 1426 573 essentia
1454 547 1530 573 sua
1556 536 1874 587 promanantes,

212 608 287 639 Non
305 620 380 640 cau-
414 603 565 644 sortita
585 607 661 642 est.
722 601 876 654 Neque
896 601 1070 641 interim
1090 614 1348 654 magnopere
1372 600 1542 654 urgebit
1568 601 1650 641 ista
1671 599 1875 654 quaestio,

212 653 397 688 sarum,sed
476 671 483 678 ·
1297 668 1304 675 .
1345 669 1351 675 .
1479 669 1486 675 .

211 695 352 724 methodi
417 686 488 724 qui
521 670 693 710 demum
727 669 974 709 morborum
1000 668 1166 709 medela
1194 668 1563 709 adminlstrabitur
1589 669 1692 709 dum
1725 681 1876 709 causae

210 738 374 810 {sspggissn'
416 740 603 793 ipsorum
653 752 730 778 nos
771 737 937 777 latent?
991 736 1336 789 quandoquidem
1385 750 1474 776 non
1525 750 1761 786 causarum,
1803 735 1878 776 sed

213 823 364 862 probatae
416 805 605 846 methodi
637 804 927 845 convenientis
957 809 1084 857 atque
1113 804 1373 857 experientia
1404 803 1702 857 comprobatae
1733 803 1876 856 cogni-

209 865 399 937 {gffffliffiff’
416 874 546 923 tione,
570 873 801 913 affectuum
830 872 1110 925 phu-imorum
1139 871 1303 912 curatio
1331 871 1575 912 absolvitur.
1645 871 1752 925 [lO.]
1793 871 1878 912 Sed

210 950 365 989 plurimo-
415 946 464 981 ut
494 941 547 980 ad
574 954 664 980 rem
692 940 939 980 redeamus:
983 940 1184 993 quoniam
1213 939 1462 979 similarium
1490 938 1684 979 omnium
1708 938 1876 979 morbo-

210 1002 395 1065 ζξῖζζζζξῗζ
414 1023 510 1049 rum
532 1014 649 1049 ortus
679 1022 703 1048 a
731 1007 987 1061 qualitatum
1015 1007 1080 1047 vel
1107 1007 1339 1060 primarum
1371 1007 1436 1048 vel
1465 1006 1748 1048 secundarum
1774 1006 1877 1047 vitio

211 1082 272 1108 tur.
419 1076 547 1130 (quod
583 1076 720 1116 solum
753 1075 799 1115 in
834 1075 914 1116 hac
947 1089 1089 1115 rerum
1127 1075 1308 1128 caligine
1344 1075 1467 1116 nobis
1499 1075 1628 1128 licet,)
1669 1074 1877 1115 deducere

212 1152 315 1182 Pestis
330 1157 377 1182 est
414 1145 610 1194 solemus,
624 1157 754 1198 prope
776 1148 839 1184 est
861 1148 910 1184 ut
931 1143 1100 1184 credam
1122 1143 1294 1184 Pestem
1314 1144 1571 1197 peculiarem
1594 1157 1640 1184 ac
1663 1143 1728 1183 sui
1749 1157 1877 1197 gene-

211 1194 390 1277 ξέἒζζξεῗᾞ
414 1212 473 1253 ris
495 1212 668 1253 Febrim
689 1226 791 1262 esse,
810 1225 916 1265 quae
938 1226 962 1252 a
977 1212 1283 1265 particularum
1301 1212 1520 1265 sanguinis
1537 1210 1877 1264 spirituosiorum

210 1281 382 1353 {gfffcsffllffi
412 1280 750 1321 inflammatione
784 1280 993 1333 originem
1025 1280 1155 1330 ducit,
1188 1286 1338 1333 utpote
1375 1281 1495 1335 cujus
1527 1285 1708 1320 naturae
1742 1279 1876 1320 subti-

211 1350 610 1406 gui11isgp1-lissimae,
633 1363 733 1403 prae
758 1349 969 1390 tenuitate
999 1363 1086 1399 sua,
1109 1349 1293 1389 maxime
1320 1349 1664 1403 proportionatae
1685 1362 1733 1389 ac
1755 1348 1877 1388 adae-

211 1408 359 1481 ffiffssffi·
415 1422 567 1471 quatae
602 1417 813 1458 videntur.
877 1417 1004 1459 Quod
1044 1417 1079 1457 si
1120 1417 1357 1458 subtilitate
1394 1431 1477 1470 qua
1516 1421 1656 1471 potest
1691 1416 1878 1457 maxima

212 1493 358 1524 fiamma—
414 1486 557 1540 pollet,
599 1486 663 1538 (ut
697 1486 744 1525 in
784 1485 990 1539 principio
1032 1490 1074 1526 et
1111 1491 1227 1526 statu
1267 1486 1586 1527 constitutionis
1623 1484 1878 1539 epidemicae

211 1541 393 1618 ἕζζᾟὲζι
415 1555 555 1596 videre
584 1555 677 1607 est,)
711 1554 851 1595 subito
888 1569 935 1595 ac
969 1555 1090 1609 quasi
1123 1569 1173 1595 ex
1205 1555 1432 1608 improm'so
1467 1555 1649 1595 calorem
1684 1554 1878 1594 nativum

211 1632 294 1652 cens.
415 1623 603 1677 dissipat,
622 1627 664 1663 et
687 1637 862 1676 aegrum
884 1636 906 1663 e
928 1623 1067 1663 medio
1089 1623 1201 1663 tollit
1221 1640 1228 1663 :
1262 1623 1534 1664 cadaveribus
1556 1621 1730 1663 interim
1750 1621 1878 1676 hujus

414 1692 552 1733 morbi
571 1691 728 1733 ferocia
757 1696 847 1732 tam
875 1692 1016 1732 subito
1038 1692 1324 1732 extinctorum
1352 1692 1528 1732 maculis
1554 1691 1777 1745 purpureis
1797 1705 1878 1731 un·
1935 1693 1938 1695 ’

415 1759 626 1813 diquaque
667 1759 901 1813 conspersis
944 1764 1071 1812 atque
1116 1760 1295 1799 foedatis
1309 1777 1320 1809 3
1372 1773 1525 1812 nempe
1566 1759 1682 1799 fibris
1718 1758 1879 1799 cruoris

414 1843 514 1883 prae
543 1829 739 1870 intestini
773 1829 994 1869 conflictus
1027 1829 1228 1869 violentia
1257 1828 1575 1878 dissilientibus,
1603 1833 1645 1868 et
1674 1841 1879 1880 compage

414 1897 546 1951 ipsius
573 1911 745 1950 prorsus
777 1896 994 1937 dissoluta.
1064 1896 1171 1950 [11.]
1210 1897 1354 1949 Atque
1382 1896 1487 1936 haec
1515 1895 1747 1948 tragoedia,
1778 1909 1879 1948 prae

414 1965 542 2019 hujus
579 1965 698 2018 quasi
730 1965 925 2005 flammae
962 1964 1199 2005 subtilitate
1241 1965 1406 2015 eximia,
1446 1965 1573 2005 etiam
1611 1964 1701 2004 sine
1737 1964 1880 2017 aliqua

415 2033 634 2086 sanguinis
668 2033 826 2074 Febrili
855 2032 1116 2083 ebullitione,
1145 2033 1210 2073 vel
1244 2032 1417 2073 alterius
1447 2031 1726 2086 aegritudinis
1760 2045 1879 2085 prae-

416 2101 610 2141 sensione
641 2100 777 2141 cietur
789 2118 800 2150 3
840 2114 958 2142 secus
981 2115 1107 2154 quam
1134 2106 1184 2141 ut
1210 2101 1444 2154 plurimum
1465 2100 1631 2148 accidit,
1653 2099 1728 2140 ubi
1753 2113 1880 2140 causa

414 2168 633 2209 morbifica
652 2168 795 2209 minus
823 2169 991 2209 subtilis
1025 2169 1180 2220 existit,
1204 2173 1246 2209 et
1269 2169 1387 2222 quasi
1415 2168 1621 2210 obtusiori
1641 2168 1727 2208 telo
1748 2168 1879 2208 vitam

415 2237 594 2291 impetit.
658 2237 926 2278 Discriminis
948 2237 1099 2278 modus
1120 2237 1335 2291 pinguiori
1361 2237 1552 2291 exemplo
1574 2237 1633 2277 sic
1655 2235 1878 2277 adumbre-

415 2311 513 2346 tur:
558 2305 592 2345 si
629 2319 741 2356 acus,
778 2305 844 2345 vel
880 2305 983 2358 quid
1018 2305 1146 2355 aliud,
1185 2305 1356 2358 cuspide
1393 2304 1603 2358 graciliori
1637 2303 1879 2358 praeditum

416 2373 627 2426 pulvinari
648 2378 925 2426 supponatur,
949 2387 996 2414 30
1017 2373 1056 2413 vi
1079 2373 1288 2426 adigatur,
1310 2373 1430 2423 illud,
1453 2386 1585 2426 aeque
1611 2385 1658 2412 ac
1680 2371 1732 2412 ab
1755 2371 1879 2412 obtu-

419 2441 526 2482 siore
546 2442 834 2482 instrumento
856 2441 1050 2482 similiter
1078 2441 1240 2491 adacto,
1264 2441 1310 2481 in
1331 2440 1512 2482 sublime
1539 2454 1628 2480 non
1655 2439 1878 2490 attollitur,

419 2509 493 2549 sed
519 2510 769 2563 perforatur.
839 2509 946 2563 [12]
985 2509 1147 2550 Verum
1179 2509 1387 2563 ejusmodi
1420 2508 1644 2549 subitanea
1676 2507 1881 2549 extinctio

419 2578 553 2618 rarius
575 2579 769 2628 occurrit,
790 2592 870 2619 nec
890 2578 974 2618 nisi
999 2579 1061 2630 (ut
1084 2592 1210 2632 supra
1238 2578 1281 2633 [ξ
1304 2578 1364 2631 8.]
1394 2577 1644 2629 innuimus,)
1669 2577 1779 2618 circa
1798 2576 1879 2616 ini-

419 2645 528 2686 tium
551 2646 700 2697 Pestis,
717 2646 783 2687 vel
802 2646 1130 2687 incrementum.
1178 2646 1353 2687 Etenim
1374 2647 1438 2699 (ut
1458 2646 1504 2686 in
1526 2645 1617 2685 aliis
1639 2644 1876 2697 Febribus,)

420 2714 670 2768 plerumque
685 2715 800 2768 rigor
814 2720 940 2769 atque
956 2715 1106 2756 horror
1120 2714 1305 2768 primum
1320 2714 1494 2764 invadit,
1511 2727 1637 2767 quem
1654 2713 1767 2754 calor
1781 2726 1880 2753 mox

222 2787 336 2846 {ebt-cs
421 2781 586 2834 excipit,
610 2787 651 2822 et
673 2783 882 2836 tantisper
904 2783 1102 2833 excurrit,
1126 2783 1260 2823 donec
1280 2782 1511 2836 particulae
1533 2781 1692 2822 cruoris
1712 2781 1878 2821 inflam-

220 2830 325 2902 Ῑιεζῖἓζ
336 2873 374 2902 ab
421 2854 560 2890 matae
581 2851 753 2903 proxido
774 2851 969 2891 Naturae
998 2851 1131 2891 ductu
1152 2851 1205 2891 ad
1227 2850 1491 2891 emunctoria
1511 2849 1809 2899 amandentur,
1832 2861 1880 2889 ac

222 2915 346 2945 inflam-
421 2916 580 2959 ibidem
606 2919 674 2971 (ad
695 2919 829 2959 instar
857 2919 1164 2973 phlegmonum
1193 2919 1516 2973 communium,)
1541 2918 1587 2959 in
1613 2932 1693 2972 pus
1712 2921 1879 2958 vertan-
