1985 3308
467 123 808 166 PROCESSUS
841 123 1112 165 INTEGRI.
1436 127 1523 167 533

57 231 175 272 modo
195 231 356 273 DEUS
386 231 572 285 Optimus
600 231 815 273 Maximus
841 232 1101 273 concessisset
1123 229 1282 284 vitam)
1315 232 1525 284 expectari
1554 242 1729 273 Emmms

50 300 258 351 potuisset
279 300 593 352 Phthisioloyia.
1559 284 1714 357 3230.-

119 367 230 414 Quid
255 367 300 407 in
326 367 533 418 Febribus,
563 367 756 416 Variolis,
784 367 1007 418 Morbillis,
1033 367 1166 407 acutis
1198 367 1383 418 caeteris,
1411 371 1457 407 ut
1488 371 1526 407 et
1575 378 1707 400 ronam.

58 436 272 485 chronicis,
288 435 485 475 sanandis
500 436 629 476 valuit
649 436 797 488 optimc
816 436 985 475 meritus
1000 435 1136 476 Autor
1152 439 1300 486 noster,
1317 439 1528 490 sequentes

57 503 244 544 indicant
264 504 460 556 payinae.
520 504 717 557 Regimen
748 507 787 545 et
818 504 956 544 diaeta
987 504 1258 544 instituuntur
1288 504 1529 555 aptissima;

47 572 392 624 praescribuntur
410 573 591 613 remedia
603 586 756 624 pauca,
777 573 851 613 sed
869 573 1110 623 necessaria,
1127 586 1200 613 nec
1219 573 1264 613 in
1277 573 1529 613 Pharmaco-

49 640 243 692 polarum
277 640 433 680 lucrum
463 641 708 692 eoecoyitata,
735 653 807 680 nec
839 641 954 681 inani
986 641 1248 681 ostentationi
1279 641 1527 693 composita:

56 706 277 747 sitibundis
298 707 433 759 aeqris
453 707 604 759 (eodem
624 707 740 747 modo
758 721 834 760 quo
855 712 894 748 et
914 709 1000 761 ipse
1020 709 1131 748 sitim
1146 722 1261 749 suam
1281 710 1531 762 restinyuere

55 775 201 815 solitus
220 775 339 827 erat,)
360 775 595 815 cerevisiam
612 779 768 815 tenuem
785 775 945 828 affatim
966 781 1005 817 et
1016 791 1098 829 pro
1116 777 1233 818 libitu
1249 778 1530 829 hauriendam,

57 842 164 882 unde
183 842 284 882 mire
304 842 545 894 reficiuntur
560 847 599 883 et
618 842 931 896 refliqerantur,
947 845 1156 892 concedit;
1188 859 1260 886 nec
1280 847 1534 887 immanitate

52 909 154 960 plus
166 923 287 962 quam
308 910 486 951 barbara
498 911 692 964 precibus
707 925 844 952 eorum
864 912 1025 962 surdus,
1044 917 1284 966 opozemata
1301 917 1339 954 et
1348 914 1530 967 julapia,

49 992 159 1031 prae
197 980 361 1032 inyrato
400 993 546 1033 sapore
575 980 788 1033 fastidita,
829 981 1038 1021 substituit
1050 998 1064 1029 ,·
1106 983 1328 1023 maoeimam
1368 982 1534 1023 adhibet

62 1047 277 1098 cautelam,
299 1061 349 1089 ne
369 1053 613 1090 eoeaestuans
639 1050 773 1100 nimis,
795 1050 859 1089 vel
876 1050 969 1103 iyne
990 1050 1259 1101 luculentiori,
1281 1051 1345 1091 vel
1369 1055 1532 1104 stragu-

59 1115 191 1155 lorum
212 1129 342 1167 onere,
357 1118 455 1169 plus
476 1118 609 1158 adhuc
630 1118 902 1168 incalesceret,
924 1119 988 1158 vel
1007 1132 1032 1157 a
1051 1119 1288 1170 propinatis
1297 1117 1449 1171 forsan
1468 1133 1532 1160 re-

58 1183 204 1224 mediis
223 1198 312 1224 eum
333 1185 376 1225 in
396 1185 524 1237 finem
544 1190 589 1226 ut
607 1200 688 1238 per
703 1199 832 1238 poros
860 1186 1090 1226 eliminetur
1121 1188 1296 1227 materia
1322 1187 1532 1239 morbifica

60 1251 190 1291 cruda
207 1253 341 1293 adhuc
356 1257 395 1293 et
416 1254 670 1301 inconcocta;
693 1268 797 1306 quae
819 1258 965 1304 tamen,
984 1256 1062 1294 hac
1078 1242 1177 1294 data
1199 1268 1313 1306 ansa,
1329 1257 1530 1296 concitato

59 1324 171 1360 motu
192 1321 398 1361 cerebrum
411 1323 531 1375 petit,
555 1323 659 1362 unde
674 1323 903 1375 phrenesis,
926 1326 998 1363 aut
1019 1336 1146 1373 coma,
1169 1327 1241 1363 aut
1268 1327 1531 1364 extravasato

60 1389 258 1440 sanquine
274 1389 494 1441 deturpant
508 1390 632 1429 cutim
644 1390 827 1429 maculae
832 1403 1080 1442 purpureae,
1090 1394 1161 1430 aut
1176 1391 1406 1443 eruptiones
1416 1392 1533 1444 (quas

61 1456 238 1508 vocant,)
273 1456 457 1496 minares
490 1457 635 1496 collum
665 1460 704 1496 et
730 1461 877 1509 pectus
907 1457 1038 1497 ubivis
1070 1458 1266 1498 obsident.
1333 1459 1535 1512 Nunquid

61 1523 120 1564 ad
144 1525 337 1564 amussim
356 1525 487 1577 mayis
515 1525 678 1578 depinyi
697 1529 866 1578 poterat
890 1539 1011 1578 quam
1039 1527 1300 1569 Variolarum
1324 1528 1533 1568 historia?

59 1592 307 1646 Eruptionis
332 1593 438 1633 diem
466 1594 510 1633 in
536 1594 695 1634 utravis
721 1594 852 1647 specie
885 1595 1072 1648 designat
1089 1613 1100 1634 .·
1125 1596 1390 1647 pustularum
1421 1597 1533 1649 inqe-

64 1661 178 1701 nium
208 1660 266 1700 ad
291 1674 464 1714 unquem
490 1661 708 1709 describit;
740 1676 816 1715 quo
848 1666 1025 1715 tempore
1055 1663 1241 1716 incipiat,
1269 1667 1309 1703 et
1340 1665 1535 1717 quamdiu

67 1729 329 1769 continuetur
358 1730 562 1780 salivatio,
588 1744 664 1783 quo
696 1731 844 1771 iterum
866 1730 998 1783 faciei
1029 1745 1296 1784 manuumque
1328 1735 1462 1773 tumor
1492 1745 1535 1772 se

55 1796 240 1850 prodat;
273 1797 374 1852 quid
385 1798 548 1838 tandem
569 1798 744 1850 quolibet
761 1799 826 1838 die
843 1799 1151 1851 expectandum,
1170 1799 1321 1840 diserte
1341 1801 1533 1852 eoeplicat.

63 1864 407 1917 Pareyoricorum
427 1879 542 1905 usum
568 1866 658 1918 (quo
676 1867 936 1906 emolumento
945 1867 1136 1919 judicent
1148 1867 1363 1921 Practici,)
1371 1868 1536 1920 primus

53 1932 293 1985 persuasit:
335 1933 487 1972 malum
518 1934 728 1985 ingerendi
753 1934 947 1973 cardiaca
973 1938 1066 1974 ante
1094 1936 1343 1987 eruptionem
1366 1949 1528 1987 morem,

63 2000 170 2040 unde
189 2013 308 2053 saepe
329 2002 570 2042 accersitum
579 2000 717 2053 fuerit
742 2002 1036 2054 Confluentium
1052 2016 1193 2055 yenus,
1215 2004 1359 2044 merito
1371 2005 1536 2056 primus

64 2067 328 2120 improbavit.
390 2069 544 2109 Melius
565 2073 699 2109 autem
720 2070 820 2110 haec
846 2082 896 2110 eoe
916 2070 1004 2122 ipso
1014 2069 1147 2122 fonte.
1216 2071 1364 2112 Valeas
1384 2073 1535 2126 itaque,

64 2136 209 2176 Amice
228 2136 389 2188 Lector,
412 2141 451 2178 et
470 2137 600 2178 sicubi
619 2142 804 2179 scateant
824 2138 1005 2189 mendae,
1027 2139 1226 2192 ignoscas.

135 2221 302 2275 [1693]
1304 2225 1349 2266 s,
1382 2224 1476 2267 ΜΛ

111 2305 126 2324 ⁴¹
151 2307 181 2336 S.
199 2305 263 2346 M]
280 2307 300 2336 i.
314 2316 340 2336 e.
360 2306 436 2336 D'u'
453 2307 573 2338 Doctor
588 2307 749 2338 Monfort:
776 2307 848 2338 vide
869 2308 1077 2339 miscellanca
1096 2309 1246 2347 literaria,
1263 2310 1317 2340 eui
1333 2320 1449 2341 nomen
1469 2312 1531 2342 The

73 2350 278 2380 Gentleman's
295 2350 474 2390 hlagazine,
491 2351 550 2382 vol.
567 2350 633 2382 xiii.
651 2362 703 2392 pp.
721 2352 794 2388 529,
813 2353 886 2381 530.
