<?xml version="1.0" encoding="UTF-8"?>
<!DOCTYPE html PUBLIC "-//W3C//DTD XHTML 1.0 Transitional//EN"
    "http://www.w3.org/TR/xhtml1/DTD/xhtml1-transitional.dtd">
<html xmlns="http://www.w3.org/1999/xhtml" xml:lang="en" lang="en">
 <head>
  <title>
</title>
<meta http-equiv="Content-Type" content="text/html;charset=utf-8" />
  <meta name='ocr-system' content='tesseract 3.04.00' />
  <meta name='ocr-capabilities' content='ocr_page ocr_carea ocr_par ocr_line ocrx_word'/>
</head>
<body>
  <div class='ocr_page' id='page_1' title='image "./thomaesydenhammd00sydeuoft_0531.png"; bbox 0 0 1985 3308; ppageno 0'>
   <div class='ocr_carea' id='block_1_1' title="bbox 0 244 8 685">
    <p class='ocr_par' dir='ltr' id='par_1_1' title="bbox 0 244 8 685">
     <span class='ocr_line' id='line_1_1' title="bbox 0 244 8 685; textangle 90"><span class='ocrx_word' id='word_1_1' title='bbox 0 659 7 685; x_wconf 66' lang='lat' dir='ltr'>s:</span> <span class='ocrx_word' id='word_1_2' title='bbox 0 590 7 617; x_wconf 61' lang='lat' dir='ltr'>C</span> <span class='ocrx_word' id='word_1_3' title='bbox 0 522 8 548; x_wconf 75' lang='lat'>›-.‹</span> <span class='ocrx_word' id='word_1_4' title='bbox 0 451 8 478; x_wconf 81' lang='lat' dir='ltr'>et&gt;</span> <span class='ocrx_word' id='word_1_5' title='bbox 0 381 8 407; x_wconf 74' lang='lat' dir='ltr'>ee»</span> <span class='ocrx_word' id='word_1_6' title='bbox 0 308 7 334; x_wconf 69' lang='lat' dir='ltr'>m</span> <span class='ocrx_word' id='word_1_7' title='bbox 0 244 7 276; x_wconf 87' lang='lat'>-.—</span> 
     </span>
    </p>
   </div>
   <div class='ocr_carea' id='block_1_2' title="bbox 0 782 7 1158">
    <p class='ocr_par' dir='ltr' id='par_1_2' title="bbox 0 782 7 1158">
     <span class='ocr_line' id='line_1_2' title="bbox 0 782 7 1158; textangle 90"><span class='ocrx_word' id='word_1_8' title='bbox 2 1152 6 1158; x_wconf 91' lang='lat'>.</span> <span class='ocrx_word' id='word_1_9' title='bbox 1 1067 7 1097; x_wconf 60' lang='grc' dir='ltr'>-ο</span> <span class='ocrx_word' id='word_1_10' title='bbox 0 1003 7 1028; x_wconf 55' lang='grc' dir='ltr'>τι,</span> <span class='ocrx_word' id='word_1_11' title='bbox 1 926 6 959; x_wconf 45' lang='grc' dir='ltr'>-ψ</span> <span class='ocrx_word' id='word_1_12' title='bbox 1 866 7 891; x_wconf 51' lang='grc' dir='ltr'>ω,</span> <span class='ocrx_word' id='word_1_13' title='bbox 0 782 7 823; x_wconf 52' lang='grc' dir='ltr'><em>τ</em></span> 
     </span>
    </p>
   </div>
   <div class='ocr_carea' id='block_1_3' title="bbox 456 131 1568 174">
    <p class='ocr_par' dir='ltr' id='par_1_3' title="bbox 456 131 1568 174">
     <span class='ocr_line' id='line_1_3' title="bbox 456 131 1568 174; baseline -0.002 0"><span class='ocrx_word' id='word_1_14' title='bbox 456 132 779 174; x_wconf 85' lang='lat' dir='ltr'><strong>SCHEDULA</strong></span> <span class='ocrx_word' id='word_1_15' title='bbox 810 131 1162 174; x_wconf 86' lang='lat' dir='ltr'><strong>MONITORIA</strong></span> <span class='ocrx_word' id='word_1_16' title='bbox 1193 132 1229 172; x_wconf 94' lang='grc' dir='ltr'>Ι.</span> <span class='ocrx_word' id='word_1_17' title='bbox 1486 134 1568 173; x_wconf 80' lang='lat'>495</span> 
     </span>
    </p>
   </div>
   <div class='ocr_carea' id='block_1_4' title="bbox 107 237 1780 2813">
    <p class='ocr_par' dir='ltr' id='par_1_4' title="bbox 109 237 1774 1165">
     <span class='ocr_line' id='line_1_4' title="bbox 112 237 1774 300; baseline -0.001 -19"><span class='ocrx_word' id='word_1_18' title='bbox 112 240 296 281; x_wconf 84' lang='lat' dir='ltr'>maximo</span> <span class='ocrx_word' id='word_1_19' title='bbox 316 240 513 294; x_wconf 88' lang='lat' dir='ltr'>periculo,</span> <span class='ocrx_word' id='word_1_20' title='bbox 535 243 798 294; x_wconf 81' lang='lat' dir='ltr'>usurpantur</span> <span class='ocrx_word' id='word_1_21' title='bbox 810 256 822 289; x_wconf 73' lang='lat'>5</span> <span class='ocrx_word' id='word_1_22' title='bbox 858 237 1100 279; x_wconf 77' lang='lat' dir='ltr'>istiusmodi</span> <span class='ocrx_word' id='word_1_23' title='bbox 1130 238 1245 279; x_wconf 91' lang='lat' dir='ltr'>enim</span> <span class='ocrx_word' id='word_1_24' title='bbox 1276 238 1570 280; x_wconf 86' lang='lat' dir='ltr'>evacuationes</span> <span class='ocrx_word' id='word_1_25' title='bbox 1590 247 1774 300; x_wconf 56' lang='lat' dir='ltr'>DgNovu.</span> 
     </span>
     <span class='ocr_line' id='line_1_5' title="bbox 112 291 1767 363; baseline -0.001 -15"><span class='ocrx_word' id='word_1_26' title='bbox 112 313 294 349; x_wconf 89' lang='lat' dir='ltr'>mortem</span> <span class='ocrx_word' id='word_1_27' title='bbox 327 308 490 362; x_wconf 89' lang='lat' dir='ltr'>saepius</span> <span class='ocrx_word' id='word_1_28' title='bbox 531 322 659 362; x_wconf 90' lang='lat' dir='ltr'>quam</span> <span class='ocrx_word' id='word_1_29' title='bbox 699 307 994 362; x_wconf 89' lang='lat' dir='ltr'>symptomatis</span> <span class='ocrx_word' id='word_1_30' title='bbox 1034 307 1160 361; x_wconf 85' lang='lat' dir='ltr'>hujus</span> <span class='ocrx_word' id='word_1_31' title='bbox 1194 306 1458 347; x_wconf 81' lang='lat' dir='ltr'>curationem</span> <span class='ocrx_word' id='word_1_32' title='bbox 1499 307 1570 347; x_wconf 88' lang='lat' dir='ltr'>ad·</span> <span class='ocrx_word' id='word_1_33' title='bbox 1592 291 1767 363; x_wconf 52' lang='grc' dir='ltr'>Ιξέἔξέξυ</span> 
     </span>
     <span class='ocr_line' id='line_1_6' title="bbox 112 375 1571 430; baseline -0.001 -13"><span class='ocrx_word' id='word_1_34' title='bbox 112 376 311 417; x_wconf 89' lang='lat' dir='ltr'>sciscunt.</span> <span class='ocrx_word' id='word_1_35' title='bbox 355 376 657 427; x_wconf 79' lang='lat' dir='ltr'><strong>Quamobrem,</strong></span> <span class='ocrx_word' id='word_1_36' title='bbox 674 381 770 430; x_wconf 92' lang='lat' dir='ltr'>post</span> <span class='ocrx_word' id='word_1_37' title='bbox 786 375 1079 416; x_wconf 81' lang='lat' dir='ltr'>evacuationes</span> <span class='ocrx_word' id='word_1_38' title='bbox 1097 375 1314 427; x_wconf 80' lang='lat' dir='ltr'>generales</span> <span class='ocrx_word' id='word_1_39' title='bbox 1330 388 1405 428; x_wconf 90' lang='lat' dir='ltr'>per</span> <span class='ocrx_word' id='word_1_40' title='bbox 1421 388 1571 416; x_wconf 79' lang='lat' dir='ltr'>venae-</span> 
     </span>
     <span class='ocr_line' id='line_1_7' title="bbox 112 442 1574 498; baseline 0 -14"><span class='ocrx_word' id='word_1_41' title='bbox 112 445 343 485; x_wconf 87' lang='lat' dir='ltr'>seetionem</span> <span class='ocrx_word' id='word_1_42' title='bbox 365 449 406 485; x_wconf 90' lang='lat' dir='ltr'>et</span> <span class='ocrx_word' id='word_1_43' title='bbox 422 444 719 498; x_wconf 79' lang='lat' dir='ltr'>purgationem</span> <span class='ocrx_word' id='word_1_44' title='bbox 735 444 879 494; x_wconf 86' lang='lat' dir='ltr'>factas,</span> <span class='ocrx_word' id='word_1_45' title='bbox 895 442 1209 496; x_wconf 87' lang='lat' dir='ltr'>quantumlibet</span> <span class='ocrx_word' id='word_1_46' title='bbox 1231 443 1311 483; x_wconf 91' lang='lat' dir='ltr'>hoc</span> <span class='ocrx_word' id='word_1_47' title='bbox 1333 447 1574 496; x_wconf 88' lang='lat' dir='ltr'>symptoma</span> 
     </span>
     <span class='ocr_line' id='line_1_8' title="bbox 111 510 1573 566; baseline -0.001 -14"><span class='ocrx_word' id='word_1_48' title='bbox 111 516 301 553; x_wconf 82' lang='lat' dir='ltr'>astantes</span> <span class='ocrx_word' id='word_1_49' title='bbox 328 512 657 566; x_wconf 84' lang='lat' dir='ltr'>perterrefaciat,</span> <span class='ocrx_word' id='word_1_50' title='bbox 680 516 772 553; x_wconf 86' lang='lat' dir='ltr'>tota</span> <span class='ocrx_word' id='word_1_51' title='bbox 797 526 864 552; x_wconf 92' lang='lat' dir='ltr'>res</span> <span class='ocrx_word' id='word_1_52' title='bbox 890 511 1084 552; x_wconf 83' lang='lat' dir='ltr'>Naturae</span> <span class='ocrx_word' id='word_1_53' title='bbox 1106 515 1149 551; x_wconf 92' lang='lat' dir='ltr'>et</span> <span class='ocrx_word' id='word_1_54' title='bbox 1176 510 1358 564; x_wconf 86' lang='lat' dir='ltr'>tempori</span> <span class='ocrx_word' id='word_1_55' title='bbox 1379 510 1573 551; x_wconf 91' lang='lat' dir='ltr'>commit-</span> 
     </span>
     <span class='ocr_line' id='line_1_9' title="bbox 110 579 1573 634; baseline -0.001 -13"><span class='ocrx_word' id='word_1_56' title='bbox 110 579 242 621; x_wconf 87' lang='lat' dir='ltr'>tenda</span> <span class='ocrx_word' id='word_1_57' title='bbox 282 584 371 621; x_wconf 90' lang='lat' dir='ltr'>est:</span> <span class='ocrx_word' id='word_1_58' title='bbox 422 580 520 621; x_wconf 89' lang='lat' dir='ltr'>licet</span> <span class='ocrx_word' id='word_1_59' title='bbox 565 580 679 620; x_wconf 87' lang='lat' dir='ltr'>enim</span> <span class='ocrx_word' id='word_1_60' title='bbox 726 585 897 634; x_wconf 86' lang='lat' dir='ltr'>stupore</span> <span class='ocrx_word' id='word_1_61' title='bbox 944 593 1069 633; x_wconf 83' lang='lat' dir='ltr'>aeger</span> <span class='ocrx_word' id='word_1_62' title='bbox 1109 579 1183 619; x_wconf 90' lang='lat' dir='ltr'>diu</span> <span class='ocrx_word' id='word_1_63' title='bbox 1221 579 1436 629; x_wconf 88' lang='lat' dir='ltr'>laborarit,</span> <span class='ocrx_word' id='word_1_64' title='bbox 1477 583 1573 632; x_wconf 87' lang='lat' dir='ltr'>post</span> 
     </span>
     <span class='ocr_line' id='line_1_10' title="bbox 111 646 1572 701; baseline -0.001 -12"><span class='ocrx_word' id='word_1_65' title='bbox 111 647 452 701; x_wconf 89' lang='lat' dir='ltr'>aliquammultos</span> <span class='ocrx_word' id='word_1_66' title='bbox 483 653 629 688; x_wconf 87' lang='lat' dir='ltr'>tamen</span> <span class='ocrx_word' id='word_1_67' title='bbox 660 648 748 689; x_wconf 87' lang='lat' dir='ltr'>dies</span> <span class='ocrx_word' id='word_1_68' title='bbox 779 647 1003 701; x_wconf 86' lang='lat' dir='ltr'>pristinam</span> <span class='ocrx_word' id='word_1_69' title='bbox 1034 647 1262 688; x_wconf 90' lang='lat' dir='ltr'>sanitatem</span> <span class='ocrx_word' id='word_1_70' title='bbox 1292 646 1572 700; x_wconf 88' lang='lat' dir='ltr'>recuperabit,</span> 
     </span>
     <span class='ocr_line' id='line_1_11' title="bbox 110 715 1572 769; baseline 0 -13"><span class='ocrx_word' id='word_1_71' title='bbox 110 715 236 757; x_wconf 91' lang='lat' dir='ltr'>modo</span> <span class='ocrx_word' id='word_1_72' title='bbox 257 716 366 756; x_wconf 87' lang='lat' dir='ltr'>lecto</span> <span class='ocrx_word' id='word_1_73' title='bbox 387 729 475 756; x_wconf 92' lang='lat' dir='ltr'>non</span> <span class='ocrx_word' id='word_1_74' title='bbox 495 716 704 769; x_wconf 89' lang='lat' dir='ltr'>perpetim</span> <span class='ocrx_word' id='word_1_75' title='bbox 727 716 934 768; x_wconf 86' lang='lat' dir='ltr'>affigatur,</span> <span class='ocrx_word' id='word_1_76' title='bbox 953 715 1026 755; x_wconf 88' lang='lat' dir='ltr'>sed</span> <span class='ocrx_word' id='word_1_77' title='bbox 1048 715 1098 756; x_wconf 90' lang='lat' dir='ltr'>de</span> <span class='ocrx_word' id='word_1_78' title='bbox 1120 728 1169 756; x_wconf 91' lang='lat' dir='ltr'>eo</span> <span class='ocrx_word' id='word_1_79' title='bbox 1191 715 1401 756; x_wconf 83' lang='lat' dir='ltr'>eximatur</span> <span class='ocrx_word' id='word_1_80' title='bbox 1421 715 1572 765; x_wconf 84' lang='lat' dir='ltr'>indies,</span> 
     </span>
     <span class='ocr_line' id='line_1_12' title="bbox 111 783 1572 837; baseline -0.001 -13"><span class='ocrx_word' id='word_1_81' title='bbox 111 787 154 824; x_wconf 91' lang='lat' dir='ltr'>et</span> <span class='ocrx_word' id='word_1_82' title='bbox 195 797 322 837; x_wconf 87' lang='lat' dir='ltr'>supra</span> <span class='ocrx_word' id='word_1_83' title='bbox 362 783 601 836; x_wconf 85' lang='lat' dir='ltr'>grabatum,</span> <span class='ocrx_word' id='word_1_84' title='bbox 638 783 703 823; x_wconf 90' lang='lat' dir='ltr'>vel</span> <span class='ocrx_word' id='word_1_85' title='bbox 744 783 873 824; x_wconf 89' lang='lat' dir='ltr'>etiam</span> <span class='ocrx_word' id='word_1_86' title='bbox 905 784 1078 833; x_wconf 89' lang='lat' dir='ltr'>lectum,</span> <span class='ocrx_word' id='word_1_87' title='bbox 1114 783 1291 824; x_wconf 87' lang='lat' dir='ltr'>vestitus</span> <span class='ocrx_word' id='word_1_88' title='bbox 1332 783 1572 824; x_wconf 88' lang='lat' dir='ltr'>decumbat.</span> 
     </span>
     <span class='ocr_line' id='line_1_13' title="bbox 111 850 1574 904; baseline 0 -13"><span class='ocrx_word' id='word_1_89' title='bbox 111 851 294 892; x_wconf 87' lang='lat' dir='ltr'>Interim</span> <span class='ocrx_word' id='word_1_90' title='bbox 325 855 469 891; x_wconf 90' lang='lat' dir='ltr'>autem</span> <span class='ocrx_word' id='word_1_91' title='bbox 503 850 732 891; x_wconf 87' lang='lat' dir='ltr'>abradatur</span> <span class='ocrx_word' id='word_1_92' title='bbox 765 855 904 904; x_wconf 87' lang='lat' dir='ltr'>caput,</span> <span class='ocrx_word' id='word_1_93' title='bbox 928 856 970 892; x_wconf 91' lang='lat' dir='ltr'>et</span> <span class='ocrx_word' id='word_1_94' title='bbox 1004 850 1082 891; x_wconf 87' lang='lat' dir='ltr'>sub</span> <span class='ocrx_word' id='word_1_95' title='bbox 1117 852 1292 892; x_wconf 88' lang='lat' dir='ltr'>affectus</span> <span class='ocrx_word' id='word_1_96' title='bbox 1324 851 1455 892; x_wconf 91' lang='lat' dir='ltr'>finem</span> <span class='ocrx_word' id='word_1_97' title='bbox 1486 851 1574 891; x_wconf 89' lang='lat' dir='ltr'>vini</span> 
     </span>
     <span class='ocr_line' id='line_1_14' title="bbox 111 918 1572 972; baseline -0.001 -12"><span class='ocrx_word' id='word_1_98' title='bbox 111 919 314 960; x_wconf 87' lang='lat' dir='ltr'>Canarini</span> <span class='ocrx_word' id='word_1_99' title='bbox 339 918 573 960; x_wconf 88' lang='lat' dir='ltr'>cochlearia</span> <span class='ocrx_word' id='word_1_100' title='bbox 598 918 681 959; x_wconf 85' lang='lat' dir='ltr'>tria</span> <span class='ocrx_word' id='word_1_101' title='bbox 702 919 766 959; x_wconf 82' lang='lat' dir='ltr'>vel</span> <span class='ocrx_word' id='word_1_102' title='bbox 797 923 979 972; x_wconf 87' lang='lat' dir='ltr'>quatuor</span> <span class='ocrx_word' id='word_1_103' title='bbox 1007 919 1072 959; x_wconf 90' lang='lat' dir='ltr'>bis</span> <span class='ocrx_word' id='word_1_104' title='bbox 1102 919 1148 959; x_wconf 89' lang='lat' dir='ltr'>in</span> <span class='ocrx_word' id='word_1_105' title='bbox 1179 919 1246 960; x_wconf 88' lang='lat' dir='ltr'>die</span> <span class='ocrx_word' id='word_1_106' title='bbox 1276 919 1572 960; x_wconf 85' lang='lat' dir='ltr'>exhibeantur.</span> 
     </span>
     <span class='ocr_line' id='line_1_15' title="bbox 112 986 1573 1041; baseline 0 -14"><span class='ocrx_word' id='word_1_107' title='bbox 112 986 197 1027; x_wconf 87' lang='lat' dir='ltr'>Sed</span> <span class='ocrx_word' id='word_1_108' title='bbox 230 986 282 1027; x_wconf 89' lang='lat' dir='ltr'>de</span> <span class='ocrx_word' id='word_1_109' title='bbox 313 986 394 1027; x_wconf 88' lang='lat' dir='ltr'>hoe</span> <span class='ocrx_word' id='word_1_110' title='bbox 423 986 560 1028; x_wconf 89' lang='lat' dir='ltr'>fusius</span> <span class='ocrx_word' id='word_1_111' title='bbox 591 987 659 1039; x_wconf 87' lang='lat' dir='ltr'>egi</span> <span class='ocrx_word' id='word_1_112' title='bbox 686 987 731 1027; x_wconf 92' lang='lat' dir='ltr'>in</span> <span class='ocrx_word' id='word_1_113' title='bbox 757 987 942 1028; x_wconf 89' lang='lat' dir='ltr'>sectione</span> <span class='ocrx_word' id='word_1_114' title='bbox 974 987 1124 1041; x_wconf 90' lang='lat' dir='ltr'>quinta</span> <span class='ocrx_word' id='word_1_115' title='bbox 1152 992 1194 1028; x_wconf 88' lang='lat' dir='ltr'>et</span> <span class='ocrx_word' id='word_1_116' title='bbox 1223 987 1359 1041; x_wconf 89' lang='lat' dir='ltr'>capite</span> <span class='ocrx_word' id='word_1_117' title='bbox 1387 986 1573 1027; x_wconf 89' lang='lat' dir='ltr'>secundo</span> 
     </span>
     <span class='ocr_line' id='line_1_16' title="bbox 109 1054 1572 1109; baseline 0.001 -14"><span class='ocrx_word' id='word_1_118' title='bbox 109 1054 206 1096; x_wconf 88' lang='lat' dir='ltr'>libri</span> <span class='ocrx_word' id='word_1_119' title='bbox 225 1055 290 1096; x_wconf 85' lang='lat' dir='ltr'>De</span> <span class='ocrx_word' id='word_1_120' title='bbox 309 1055 472 1096; x_wconf 78' lang='lat' dir='ltr'>Morbis</span> <span class='ocrx_word' id='word_1_121' title='bbox 493 1056 650 1106; x_wconf 74' lang='lat' dir='ltr'>Aeutz&#39;s,</span> <span class='ocrx_word' id='word_1_122' title='bbox 667 1055 742 1096; x_wconf 92' lang='lat' dir='ltr'>ubi</span> <span class='ocrx_word' id='word_1_123' title='bbox 759 1055 810 1096; x_wconf 93' lang='lat' dir='ltr'>de</span> <span class='ocrx_word' id='word_1_124' title='bbox 828 1055 1005 1096; x_wconf 88' lang='lat' dir='ltr'>Comate</span> <span class='ocrx_word' id='word_1_125' title='bbox 1023 1055 1206 1109; x_wconf 90' lang='lat' dir='ltr'>quodam</span> <span class='ocrx_word' id='word_1_126' title='bbox 1225 1055 1385 1109; x_wconf 85' lang='lat' dir='ltr'>insigni</span> <span class='ocrx_word' id='word_1_127' title='bbox 1401 1054 1572 1096; x_wconf 87' lang='lat' dir='ltr'>Febrim</span> 
     </span>
     <span class='ocr_line' id='line_1_17' title="bbox 110 1122 1041 1165; baseline 0 -1"><span class='ocrx_word' id='word_1_128' title='bbox 110 1122 443 1165; x_wconf 87' lang='lat' dir='ltr'>Constitutionis</span> <span class='ocrx_word' id='word_1_129' title='bbox 463 1123 576 1164; x_wconf 89' lang='lat' dir='ltr'>illius</span> <span class='ocrx_word' id='word_1_130' title='bbox 598 1124 830 1165; x_wconf 87' lang='lat' dir='ltr'>eomitante</span> <span class='ocrx_word' id='word_1_131' title='bbox 852 1123 1041 1164; x_wconf 90' lang='lat' dir='ltr'>disserui.</span> 
     </span>
    </p>

    <p class='ocr_par' dir='ltr' id='par_1_5' title="bbox 107 1190 1780 2813">
     <span class='ocr_line' id='line_1_18' title="bbox 174 1190 1740 1247; baseline 0.002 -16"><span class='ocrx_word' id='word_1_132' title='bbox 174 1190 284 1247; x_wconf 88' lang='lat'>[18.]</span> <span class='ocrx_word' id='word_1_133' title='bbox 311 1191 464 1234; x_wconf 78' lang='lat' dir='ltr'>Quoad</span> <span class='ocrx_word' id='word_1_134' title='bbox 485 1192 665 1233; x_wconf 86' lang='lat' dir='ltr'>Febrem</span> <span class='ocrx_word' id='word_1_135' title='bbox 686 1197 831 1234; x_wconf 91' lang='lat' dir='ltr'>autem</span> <span class='ocrx_word' id='word_1_136' title='bbox 850 1193 967 1233; x_wconf 89' lang='lat' dir='ltr'>haud</span> <span class='ocrx_word' id='word_1_137' title='bbox 988 1193 1266 1234; x_wconf 87' lang='lat' dir='ltr'>deterrendus</span> <span class='ocrx_word' id='word_1_138' title='bbox 1288 1197 1352 1234; x_wconf 91' lang='lat' dir='ltr'>est</span> <span class='ocrx_word' id='word_1_139' title='bbox 1373 1193 1571 1234; x_wconf 88' lang='lat' dir='ltr'>Medicus</span> <span class='ocrx_word' id='word_1_140' title='bbox 1589 1204 1670 1234; x_wconf 82' lang='lat' dir='ltr'>Tam</span> <span class='ocrx_word' id='word_1_141' title='bbox 1687 1215 1740 1235; x_wconf 81' lang='lat' dir='ltr'>ve-</span> 
     </span>
     <span class='ocr_line' id='line_1_19' title="bbox 109 1248 1775 1331; baseline 0.001 -31"><span class='ocrx_word' id='word_1_142' title='bbox 109 1273 135 1300; x_wconf 91' lang='lat' dir='ltr'>a</span> <span class='ocrx_word' id='word_1_143' title='bbox 168 1259 372 1301; x_wconf 89' lang='lat' dir='ltr'>faciendis</span> <span class='ocrx_word' id='word_1_144' title='bbox 406 1260 633 1314; x_wconf 87' lang='lat' dir='ltr'>praedietis</span> <span class='ocrx_word' id='word_1_145' title='bbox 666 1261 1024 1312; x_wconf 78' lang='lat' dir='ltr'>evacuationibus,</span> <span class='ocrx_word' id='word_1_146' title='bbox 1058 1262 1092 1302; x_wconf 92' lang='lat' dir='ltr'>si</span> <span class='ocrx_word' id='word_1_147' title='bbox 1131 1262 1241 1303; x_wconf 89' lang='lat' dir='ltr'>forte</span> <span class='ocrx_word' id='word_1_148' title='bbox 1281 1261 1571 1302; x_wconf 87' lang='lat' dir='ltr'>membrorum</span> <span class='ocrx_word' id='word_1_149' title='bbox 1588 1248 1775 1331; x_wconf 45' lang='grc' dir='ltr'>ἓῇζῖξθὲἳξ</span> 
     </span>
     <span class='ocr_line' id='line_1_20' title="bbox 109 1328 1724 1384; baseline 0.002 -16"><span class='ocrx_word' id='word_1_150' title='bbox 109 1328 364 1380; x_wconf 88' lang='lat' dir='ltr'>subsultum,</span> <span class='ocrx_word' id='word_1_151' title='bbox 397 1330 464 1370; x_wconf 79' lang='lat' dir='ltr'>vel</span> <span class='ocrx_word' id='word_1_152' title='bbox 503 1335 669 1371; x_wconf 91' lang='lat' dir='ltr'>motum</span> <span class='ocrx_word' id='word_1_153' title='bbox 705 1330 1006 1381; x_wconf 69' lang='lat' dir='ltr'>convulsivum,</span> <span class='ocrx_word' id='word_1_154' title='bbox 1037 1330 1084 1370; x_wconf 91' lang='lat' dir='ltr'>in</span> <span class='ocrx_word' id='word_1_155' title='bbox 1115 1330 1230 1384; x_wconf 87' lang='lat' dir='ltr'>aegri</span> <span class='ocrx_word' id='word_1_156' title='bbox 1265 1343 1437 1384; x_wconf 87' lang='lat' dir='ltr'>corpore</span> <span class='ocrx_word' id='word_1_157' title='bbox 1477 1344 1570 1383; x_wconf 90' lang='lat' dir='ltr'>per·</span> <span class='ocrx_word' id='word_1_158' title='bbox 1589 1334 1675 1382; x_wconf 58' lang='lat' dir='ltr'>gagio</span> <span class='ocrx_word' id='word_1_159' title='bbox 1691 1334 1724 1363; x_wconf 83' lang='lat' dir='ltr'>in</span> 
     </span>
     <span class='ocr_line' id='line_1_21' title="bbox 109 1376 1780 1458; baseline 0.003 -23"><span class='ocrx_word' id='word_1_160' title='bbox 109 1395 323 1447; x_wconf 88' lang='lat' dir='ltr'>sentiscat,</span> <span class='ocrx_word' id='word_1_161' title='bbox 347 1396 447 1437; x_wconf 91' lang='lat' dir='ltr'>dum</span> <span class='ocrx_word' id='word_1_162' title='bbox 467 1397 615 1451; x_wconf 90' lang='lat' dir='ltr'>pulsus</span> <span class='ocrx_word' id='word_1_163' title='bbox 635 1398 831 1452; x_wconf 87' lang='lat' dir='ltr'>tangitur</span> <span class='ocrx_word' id='word_1_164' title='bbox 842 1416 854 1448; x_wconf 84' lang='lat'>;</span> <span class='ocrx_word' id='word_1_165' title='bbox 887 1398 1230 1452; x_wconf 82' lang='lat' dir='ltr'>quandoquidem</span> <span class='ocrx_word' id='word_1_166' title='bbox 1251 1398 1296 1438; x_wconf 89' lang='lat' dir='ltr'>in</span> <span class='ocrx_word' id='word_1_167' title='bbox 1318 1399 1570 1452; x_wconf 88' lang='lat' dir='ltr'>quibusdam</span> <span class='ocrx_word' id='word_1_168' title='bbox 1588 1376 1780 1458; x_wconf 44' lang='lat' dir='ltr'>cglgsstgpissdam</span> 
     </span>
     <span class='ocr_line' id='line_1_22' title="bbox 108 1462 1773 1534; baseline 0.002 -30"><span class='ocrx_word' id='word_1_169' title='bbox 108 1464 275 1516; x_wconf 88' lang='lat' dir='ltr'>generis</span> <span class='ocrx_word' id='word_1_170' title='bbox 307 1465 473 1506; x_wconf 89' lang='lat' dir='ltr'>nervosi</span> <span class='ocrx_word' id='word_1_171' title='bbox 504 1466 725 1507; x_wconf 87' lang='lat' dir='ltr'>affectibus</span> <span class='ocrx_word' id='word_1_172' title='bbox 755 1470 846 1507; x_wconf 91' lang='lat' dir='ltr'>tam</span> <span class='ocrx_word' id='word_1_173' title='bbox 880 1467 1162 1507; x_wconf 82' lang='lat' dir='ltr'>venae-sectio</span> <span class='ocrx_word' id='word_1_174' title='bbox 1204 1481 1332 1520; x_wconf 86' lang='lat' dir='ltr'>quam</span> <span class='ocrx_word' id='word_1_175' title='bbox 1361 1466 1569 1521; x_wconf 86' lang='lat' dir='ltr'>purgatio,</span> <span class='ocrx_word' id='word_1_176' title='bbox 1588 1462 1773 1534; x_wconf 55' lang='lat' dir='ltr'>Pee0{*{ss{isaf&#39;</span> 
     </span>
     <span class='ocr_line' id='line_1_23' title="bbox 107 1532 1775 1588; baseline 0.003 -16"><span class='ocrx_word' id='word_1_177' title='bbox 107 1532 236 1573; x_wconf 89' lang='lat' dir='ltr'>etiam</span> <span class='ocrx_word' id='word_1_178' title='bbox 276 1533 441 1587; x_wconf 88' lang='lat' dir='ltr'>saepius</span> <span class='ocrx_word' id='word_1_179' title='bbox 480 1534 698 1588; x_wconf 86' lang='lat' dir='ltr'>repetitae,</span> <span class='ocrx_word' id='word_1_180' title='bbox 739 1549 827 1576; x_wconf 91' lang='lat' dir='ltr'>non</span> <span class='ocrx_word' id='word_1_181' title='bbox 865 1538 1036 1576; x_wconf 90' lang='lat' dir='ltr'>tantum</span> <span class='ocrx_word' id='word_1_182' title='bbox 1075 1548 1164 1576; x_wconf 92' lang='lat' dir='ltr'>non</span> <span class='ocrx_word' id='word_1_183' title='bbox 1203 1539 1373 1585; x_wconf 88' lang='lat' dir='ltr'>nocent,</span> <span class='ocrx_word' id='word_1_184' title='bbox 1416 1535 1487 1575; x_wconf 92' lang='lat' dir='ltr'>sed</span> <span class='ocrx_word' id='word_1_185' title='bbox 1528 1538 1571 1576; x_wconf 91' lang='lat' dir='ltr'>et</span> <span class='ocrx_word' id='word_1_186' title='bbox 1586 1547 1775 1584; x_wconf 83' lang='lat' dir='ltr'>adhibenda,</span> 
     </span>
     <span class='ocr_line' id='line_1_24' title="bbox 107 1590 1775 1663; baseline 0.001 -21"><span class='ocrx_word' id='word_1_187' title='bbox 107 1603 343 1644; x_wconf 85' lang='lat' dir='ltr'>necessario</span> <span class='ocrx_word' id='word_1_188' title='bbox 374 1607 473 1644; x_wconf 89' lang='lat' dir='ltr'>sunt</span> <span class='ocrx_word' id='word_1_189' title='bbox 504 1603 783 1644; x_wconf 84' lang='lat' dir='ltr'>adhibendae.</span> <span class='ocrx_word' id='word_1_190' title='bbox 845 1602 978 1657; x_wconf 85' lang='lat' dir='ltr'>Cujus</span> <span class='ocrx_word' id='word_1_191' title='bbox 1002 1602 1064 1643; x_wconf 92' lang='lat' dir='ltr'>rei</span> <span class='ocrx_word' id='word_1_192' title='bbox 1089 1601 1430 1656; x_wconf 82' lang='lat' dir='ltr'>experimentum</span> <span class='ocrx_word' id='word_1_193' title='bbox 1455 1615 1479 1642; x_wconf 88' lang='lat' dir='ltr'>a</span> <span class='ocrx_word' id='word_1_194' title='bbox 1502 1616 1570 1643; x_wconf 91' lang='lat' dir='ltr'>me</span> <span class='ocrx_word' id='word_1_195' title='bbox 1588 1590 1775 1663; x_wconf 46' lang='grc' dir='ltr'>ᾗῇἶςῗιξζὶζ</span> 
     </span>
     <span class='ocr_line' id='line_1_25' title="bbox 107 1669 1666 1725; baseline -0.001 -14"><span class='ocrx_word' id='word_1_196' title='bbox 107 1669 268 1711; x_wconf 88' lang='lat' dir='ltr'>factum</span> <span class='ocrx_word' id='word_1_197' title='bbox 299 1671 346 1711; x_wconf 92' lang='lat' dir='ltr'>in</span> <span class='ocrx_word' id='word_1_198' title='bbox 375 1671 565 1712; x_wconf 85' lang='lat' dir='ltr'>medium</span> <span class='ocrx_word' id='word_1_199' title='bbox 595 1671 775 1725; x_wconf 87' lang='lat' dir='ltr'>profero,</span> <span class='ocrx_word' id='word_1_200' title='bbox 806 1685 961 1724; x_wconf 90' lang='lat' dir='ltr'>nempe</span> <span class='ocrx_word' id='word_1_201' title='bbox 991 1671 1039 1711; x_wconf 91' lang='lat' dir='ltr'>in</span> <span class='ocrx_word' id='word_1_202' title='bbox 1070 1670 1253 1724; x_wconf 89' lang='lat' dir='ltr'>quadam</span> <span class='ocrx_word' id='word_1_203' title='bbox 1283 1669 1571 1710; x_wconf 72' lang='lat' dir='ltr'>convulsionis</span> <span class='ocrx_word' id='word_1_204' title='bbox 1593 1676 1666 1706; x_wconf 79' lang='lat' dir='ltr'>Viti.</span> 
     </span>
     <span class='ocr_line' id='line_1_26' title="bbox 109 1736 1572 1792; baseline 0 -13"><span class='ocrx_word' id='word_1_205' title='bbox 109 1738 246 1792; x_wconf 89' lang='lat' dir='ltr'>specie</span> <span class='ocrx_word' id='word_1_206' title='bbox 275 1753 382 1792; x_wconf 90' lang='lat' dir='ltr'>quae</span> <span class='ocrx_word' id='word_1_207' title='bbox 407 1740 562 1779; x_wconf 74' lang='lat' dir='ltr'>Chorea</span> <span class='ocrx_word' id='word_1_208' title='bbox 585 1740 730 1779; x_wconf 78' lang='lat' dir='ltr'>Sancti</span> <span class='ocrx_word' id='word_1_209' title='bbox 759 1739 845 1779; x_wconf 81' lang='lat' dir='ltr'>Viti</span> <span class='ocrx_word' id='word_1_210' title='bbox 862 1739 988 1792; x_wconf 83' lang='lat' dir='ltr'>vulgo</span> <span class='ocrx_word' id='word_1_211' title='bbox 1016 1738 1275 1792; x_wconf 56' lang='lat' dir='ltr'>appellatum</span> <span class='ocrx_word' id='word_1_212' title='bbox 1309 1751 1392 1791; x_wconf 90' lang='lat' dir='ltr'>quo</span> <span class='ocrx_word' id='word_1_213' title='bbox 1422 1736 1572 1779; x_wconf 89' lang='lat' dir='ltr'>morbo</span> 
     </span>
     <span class='ocr_line' id='line_1_27' title="bbox 107 1805 1570 1861; baseline 0 -14"><span class='ocrx_word' id='word_1_214' title='bbox 107 1805 224 1847; x_wconf 90' lang='lat' dir='ltr'>haud</span> <span class='ocrx_word' id='word_1_215' title='bbox 244 1807 462 1860; x_wconf 91' lang='lat' dir='ltr'>pauciores</span> <span class='ocrx_word' id='word_1_216' title='bbox 484 1807 672 1861; x_wconf 79' lang='lat' dir='ltr'>quinque</span> <span class='ocrx_word' id='word_1_217' title='bbox 693 1806 937 1848; x_wconf 86' lang='lat' dir='ltr'>laborantes</span> <span class='ocrx_word' id='word_1_218' title='bbox 966 1811 1009 1848; x_wconf 86' lang='lat' dir='ltr'>et</span> <span class='ocrx_word' id='word_1_219' title='bbox 1029 1807 1126 1858; x_wconf 88' lang='lat' dir='ltr'>vidi,</span> <span class='ocrx_word' id='word_1_220' title='bbox 1150 1811 1193 1848; x_wconf 91' lang='lat' dir='ltr'>et</span> <span class='ocrx_word' id='word_1_221' title='bbox 1214 1806 1358 1847; x_wconf 76' lang='lat' dir='ltr'>sanavi</span> <span class='ocrx_word' id='word_1_222' title='bbox 1378 1806 1570 1860; x_wconf 89' lang='lat' dir='ltr'>ipsemet,</span> 
     </span>
     <span class='ocr_line' id='line_1_28' title="bbox 109 1875 1571 1929; baseline 0 -13"><span class='ocrx_word' id='word_1_223' title='bbox 109 1879 152 1916; x_wconf 86' lang='lat' dir='ltr'>et</span> <span class='ocrx_word' id='word_1_224' title='bbox 179 1875 590 1916; x_wconf 81' lang='lat' dir='ltr'>venae-sectionibus</span> <span class='ocrx_word' id='word_1_225' title='bbox 618 1880 661 1916; x_wconf 90' lang='lat' dir='ltr'>et</span> <span class='ocrx_word' id='word_1_226' title='bbox 687 1875 1014 1929; x_wconf 86' lang='lat' dir='ltr'>purgationibus</span> <span class='ocrx_word' id='word_1_227' title='bbox 1041 1890 1117 1929; x_wconf 92' lang='lat' dir='ltr'>per</span> <span class='ocrx_word' id='word_1_228' title='bbox 1136 1875 1358 1916; x_wconf 78' lang='lat' dir='ltr'>intervalla</span> <span class='ocrx_word' id='word_1_229' title='bbox 1385 1875 1571 1916; x_wconf 88' lang='lat' dir='ltr'>celebra-</span> 
     </span>
     <span class='ocr_line' id='line_1_29' title="bbox 108 1943 1570 1997; baseline 0 -14"><span class='ocrx_word' id='word_1_230' title='bbox 108 1943 177 1984; x_wconf 89' lang='lat' dir='ltr'>tis.</span> <span class='ocrx_word' id='word_1_231' title='bbox 239 1943 303 1984; x_wconf 93' lang='lat' dir='ltr'>De</span> <span class='ocrx_word' id='word_1_232' title='bbox 325 1957 408 1997; x_wconf 92' lang='lat' dir='ltr'>quo</span> <span class='ocrx_word' id='word_1_233' title='bbox 435 1943 573 1984; x_wconf 89' lang='lat' dir='ltr'>morbi</span> <span class='ocrx_word' id='word_1_234' title='bbox 594 1956 762 1996; x_wconf 88' lang='lat' dir='ltr'>genere,</span> <span class='ocrx_word' id='word_1_235' title='bbox 785 1956 882 1984; x_wconf 92' lang='lat' dir='ltr'>eum</span> <span class='ocrx_word' id='word_1_236' title='bbox 911 1948 953 1984; x_wconf 89' lang='lat' dir='ltr'>et</span> <span class='ocrx_word' id='word_1_237' title='bbox 980 1943 1085 1983; x_wconf 88' lang='lat' dir='ltr'>mihi</span> <span class='ocrx_word' id='word_1_238' title='bbox 1106 1948 1342 1997; x_wconf 90' lang='lat' dir='ltr'>opportune</span> <span class='ocrx_word' id='word_1_239' title='bbox 1363 1948 1570 1994; x_wconf 89' lang='lat' dir='ltr'>occurrat,</span> 
     </span>
     <span class='ocr_line' id='line_1_30' title="bbox 109 2011 1568 2065; baseline 0.001 -14"><span class='ocrx_word' id='word_1_240' title='bbox 109 2015 152 2052; x_wconf 89' lang='lat' dir='ltr'>et</span> <span class='ocrx_word' id='word_1_241' title='bbox 174 2025 320 2052; x_wconf 90' lang='lat' dir='ltr'>eorum</span> <span class='ocrx_word' id='word_1_242' title='bbox 342 2025 448 2065; x_wconf 88' lang='lat' dir='ltr'>quae</span> <span class='ocrx_word' id='word_1_243' title='bbox 475 2011 565 2065; x_wconf 86' lang='lat' dir='ltr'>jam</span> <span class='ocrx_word' id='word_1_244' title='bbox 596 2025 735 2052; x_wconf 88' lang='lat' dir='ltr'>assero</span> <span class='ocrx_word' id='word_1_245' title='bbox 755 2011 923 2052; x_wconf 79' lang='lat' dir='ltr'>veritati</span> <span class='ocrx_word' id='word_1_246' title='bbox 943 2012 1004 2052; x_wconf 87' lang='lat' dir='ltr'>ita</span> <span class='ocrx_word' id='word_1_247' title='bbox 1029 2012 1270 2052; x_wconf 91' lang='lat' dir='ltr'>luculenter</span> <span class='ocrx_word' id='word_1_248' title='bbox 1302 2011 1568 2065; x_wconf 88' lang='lat' dir='ltr'>astipuletur,</span> 
     </span>
     <span class='ocr_line' id='line_1_31' title="bbox 108 2078 1735 2133; baseline 0.001 -14"><span class='ocrx_word' id='word_1_249' title='bbox 108 2092 244 2132; x_wconf 89' lang='lat' dir='ltr'>pauca</span> <span class='ocrx_word' id='word_1_250' title='bbox 265 2078 402 2120; x_wconf 88' lang='lat' dir='ltr'>dicere</span> <span class='ocrx_word' id='word_1_251' title='bbox 431 2093 521 2120; x_wconf 91' lang='lat' dir='ltr'>non</span> <span class='ocrx_word' id='word_1_252' title='bbox 543 2078 760 2133; x_wconf 74' lang='lat' dir='ltr'>gravabor.</span> <span class='ocrx_word' id='word_1_253' title='bbox 830 2079 938 2133; x_wconf 88' lang='lat'>[19.]</span> <span class='ocrx_word' id='word_1_254' title='bbox 971 2080 1127 2120; x_wconf 74' lang='lat' dir='ltr'>Chorea</span> <span class='ocrx_word' id='word_1_255' title='bbox 1156 2080 1300 2119; x_wconf 83' lang='lat' dir='ltr'>Sancti</span> <span class='ocrx_word' id='word_1_256' title='bbox 1333 2080 1441 2120; x_wconf 82' lang='lat' dir='ltr'>Vitiu</span> <span class='ocrx_word' id='word_1_257' title='bbox 1469 2093 1567 2120; x_wconf 90' lang='lat' dir='ltr'>con·</span> <span class='ocrx_word' id='word_1_258' title='bbox 1589 2091 1677 2124; x_wconf 76' lang='lat' dir='ltr'>Quid</span> <span class='ocrx_word' id='word_1_259' title='bbox 1694 2093 1735 2123; x_wconf 66' lang='lat' dir='ltr'>sit</span> 
     </span>
     <span class='ocr_line' id='line_1_32' title="bbox 108 2135 1772 2201; baseline 0.001 -15"><span class='ocrx_word' id='word_1_260' title='bbox 108 2146 309 2188; x_wconf 89' lang='lat' dir='ltr'>vulsionis</span> <span class='ocrx_word' id='word_1_261' title='bbox 340 2152 404 2189; x_wconf 88' lang='lat' dir='ltr'>est</span> <span class='ocrx_word' id='word_1_262' title='bbox 432 2147 604 2201; x_wconf 82' lang='lat' dir='ltr'>specieS,</span> <span class='ocrx_word' id='word_1_263' title='bbox 637 2160 743 2200; x_wconf 88' lang='lat' dir='ltr'>quae</span> <span class='ocrx_word' id='word_1_264' title='bbox 773 2151 822 2187; x_wconf 89' lang='lat' dir='ltr'>ut</span> <span class='ocrx_word' id='word_1_265' title='bbox 853 2146 1085 2200; x_wconf 91' lang='lat' dir='ltr'>plurimum</span> <span class='ocrx_word' id='word_1_266' title='bbox 1117 2160 1269 2200; x_wconf 90' lang='lat' dir='ltr'>pueros</span> <span class='ocrx_word' id='word_1_267' title='bbox 1301 2145 1513 2199; x_wconf 85' lang='lat' dir='ltr'>puellasve</span> <span class='ocrx_word' id='word_1_268' title='bbox 1545 2135 1772 2187; x_wconf 72' lang='lat' dir='ltr'>aistachorca.</span> 
     </span>
     <span class='ocr_line' id='line_1_33' title="bbox 109 2212 1568 2268; baseline 0.001 -14"><span class='ocrx_word' id='word_1_269' title='bbox 109 2213 272 2255; x_wconf 89' lang='lat' dir='ltr'>decimo</span> <span class='ocrx_word' id='word_1_270' title='bbox 307 2214 458 2255; x_wconf 87' lang='lat' dir='ltr'>aetatis</span> <span class='ocrx_word' id='word_1_271' title='bbox 494 2228 607 2255; x_wconf 87' lang='lat' dir='ltr'>anno</span> <span class='ocrx_word' id='word_1_272' title='bbox 638 2213 691 2254; x_wconf 88' lang='lat' dir='ltr'>ad</span> <span class='ocrx_word' id='word_1_273' title='bbox 731 2212 1001 2267; x_wconf 87' lang='lat' dir='ltr'>pubertatem</span> <span class='ocrx_word' id='word_1_274' title='bbox 1040 2228 1174 2268; x_wconf 85' lang='lat' dir='ltr'>usque</span> <span class='ocrx_word' id='word_1_275' title='bbox 1204 2214 1390 2255; x_wconf 82' lang='lat' dir='ltr'>invadit:</span> <span class='ocrx_word' id='word_1_276' title='bbox 1432 2214 1568 2268; x_wconf 91' lang='lat' dir='ltr'>primo</span> 
     </span>
     <span class='ocr_line' id='line_1_34' title="bbox 110 2281 1568 2336; baseline 0 -14"><span class='ocrx_word' id='word_1_277' title='bbox 110 2295 153 2323; x_wconf 90' lang='lat' dir='ltr'>se</span> <span class='ocrx_word' id='word_1_278' title='bbox 172 2281 316 2336; x_wconf 89' lang='lat' dir='ltr'>prodit</span> <span class='ocrx_word' id='word_1_279' title='bbox 337 2282 644 2323; x_wconf 86' lang='lat' dir='ltr'>claudicatione</span> <span class='ocrx_word' id='word_1_280' title='bbox 667 2281 860 2335; x_wconf 90' lang='lat' dir='ltr'>quadam,</span> <span class='ocrx_word' id='word_1_281' title='bbox 882 2282 948 2323; x_wconf 86' lang='lat' dir='ltr'>vel</span> <span class='ocrx_word' id='word_1_282' title='bbox 975 2281 1116 2336; x_wconf 90' lang='lat' dir='ltr'>potius</span> <span class='ocrx_word' id='word_1_283' title='bbox 1137 2281 1420 2332; x_wconf 73' lang='lat' dir='ltr'>instabilitate,</span> <span class='ocrx_word' id='word_1_284' title='bbox 1443 2281 1568 2323; x_wconf 87' lang='lat' dir='ltr'>alter-</span> 
     </span>
     <span class='ocr_line' id='line_1_35' title="bbox 109 2349 1565 2404; baseline -0.001 -13"><span class='ocrx_word' id='word_1_285' title='bbox 109 2350 246 2392; x_wconf 87' lang='lat' dir='ltr'>utrius</span> <span class='ocrx_word' id='word_1_286' title='bbox 287 2351 431 2401; x_wconf 86' lang='lat' dir='ltr'>cruris,</span> <span class='ocrx_word' id='word_1_287' title='bbox 469 2350 583 2404; x_wconf 89' lang='lat' dir='ltr'>quod</span> <span class='ocrx_word' id='word_1_288' title='bbox 616 2363 741 2404; x_wconf 88' lang='lat' dir='ltr'>aeger</span> <span class='ocrx_word' id='word_1_289' title='bbox 780 2353 876 2404; x_wconf 89' lang='lat' dir='ltr'>post</span> <span class='ocrx_word' id='word_1_290' title='bbox 917 2363 961 2390; x_wconf 91' lang='lat' dir='ltr'>se</span> <span class='ocrx_word' id='word_1_291' title='bbox 1000 2349 1133 2391; x_wconf 88' lang='lat' dir='ltr'>trahit</span> <span class='ocrx_word' id='word_1_292' title='bbox 1165 2350 1383 2390; x_wconf 87' lang='lat' dir='ltr'>fatuorum</span> <span class='ocrx_word' id='word_1_293' title='bbox 1422 2363 1565 2400; x_wconf 88' lang='lat' dir='ltr'>more;</span> 
     </span>
     <span class='ocr_line' id='line_1_36' title="bbox 108 2416 1569 2473; baseline -0.001 -14"><span class='ocrx_word' id='word_1_294' title='bbox 108 2423 254 2472; x_wconf 90' lang='lat' dir='ltr'>postea</span> <span class='ocrx_word' id='word_1_295' title='bbox 282 2418 327 2459; x_wconf 90' lang='lat' dir='ltr'>in</span> <span class='ocrx_word' id='word_1_296' title='bbox 357 2433 490 2459; x_wconf 88' lang='lat' dir='ltr'>manu</span> <span class='ocrx_word' id='word_1_297' title='bbox 520 2418 709 2473; x_wconf 82' lang='lat' dir='ltr'>ejusdem</span> <span class='ocrx_word' id='word_1_298' title='bbox 739 2418 883 2458; x_wconf 88' lang='lat' dir='ltr'>lateris</span> <span class='ocrx_word' id='word_1_299' title='bbox 914 2417 1114 2468; x_wconf 89' lang='lat' dir='ltr'>cernitur,</span> <span class='ocrx_word' id='word_1_300' title='bbox 1147 2431 1274 2471; x_wconf 90' lang='lat' dir='ltr'>quam</span> <span class='ocrx_word' id='word_1_301' title='bbox 1308 2416 1389 2458; x_wconf 89' lang='lat' dir='ltr'>hoc</span> <span class='ocrx_word' id='word_1_302' title='bbox 1420 2417 1569 2458; x_wconf 90' lang='lat' dir='ltr'>morbo</span> 
     </span>
     <span class='ocr_line' id='line_1_37' title="bbox 109 2485 1569 2541; baseline -0.001 -13"><span class='ocrx_word' id='word_1_303' title='bbox 109 2486 296 2538; x_wconf 83' lang='lat' dir='ltr'>affectus,</span> <span class='ocrx_word' id='word_1_304' title='bbox 313 2487 378 2528; x_wconf 77' lang='lat' dir='ltr'>vel</span> <span class='ocrx_word' id='word_1_305' title='bbox 399 2487 560 2541; x_wconf 89' lang='lat' dir='ltr'>pectori</span> <span class='ocrx_word' id='word_1_306' title='bbox 575 2486 641 2527; x_wconf 77' lang='lat' dir='ltr'>vel</span> <span class='ocrx_word' id='word_1_307' title='bbox 662 2486 733 2527; x_wconf 87' lang='lat' dir='ltr'>alii</span> <span class='ocrx_word' id='word_1_308' title='bbox 755 2486 880 2527; x_wconf 88' lang='lat' dir='ltr'>alicui</span> <span class='ocrx_word' id='word_1_309' title='bbox 899 2486 1011 2540; x_wconf 84' lang='lat' dir='ltr'>parti</span> <span class='ocrx_word' id='word_1_310' title='bbox 1032 2485 1289 2540; x_wconf 87' lang='lat' dir='ltr'>adplicitam‚</span> <span class='ocrx_word' id='word_1_311' title='bbox 1306 2485 1424 2526; x_wconf 91' lang='lat' dir='ltr'>nullo</span> <span class='ocrx_word' id='word_1_312' title='bbox 1445 2491 1569 2539; x_wconf 88' lang='lat' dir='ltr'>pacto</span> 
     </span>
     <span class='ocr_line' id='line_1_38' title="bbox 108 2553 1568 2607; baseline 0 -13"><span class='ocrx_word' id='word_1_313' title='bbox 108 2558 247 2607; x_wconf 88' lang='lat' dir='ltr'>potest</span> <span class='ocrx_word' id='word_1_314' title='bbox 280 2554 499 2595; x_wconf 89' lang='lat' dir='ltr'>continere</span> <span class='ocrx_word' id='word_1_315' title='bbox 526 2553 572 2594; x_wconf 91' lang='lat' dir='ltr'>in</span> <span class='ocrx_word' id='word_1_316' title='bbox 605 2553 755 2594; x_wconf 90' lang='lat' dir='ltr'>eodem</span> <span class='ocrx_word' id='word_1_317' title='bbox 786 2554 872 2594; x_wconf 88' lang='lat' dir='ltr'>situ</span> <span class='ocrx_word' id='word_1_318' title='bbox 901 2554 966 2594; x_wconf 75' lang='lat' dir='ltr'>vel</span> <span class='ocrx_word' id='word_1_319' title='bbox 996 2554 1125 2594; x_wconf 90' lang='lat' dir='ltr'>horae</span> <span class='ocrx_word' id='word_1_320' title='bbox 1154 2559 1386 2604; x_wconf 91' lang='lat' dir='ltr'>momento,</span> <span class='ocrx_word' id='word_1_321' title='bbox 1419 2554 1493 2595; x_wconf 91' lang='lat' dir='ltr'>sed</span> <span class='ocrx_word' id='word_1_322' title='bbox 1522 2554 1568 2595; x_wconf 93' lang='lat' dir='ltr'>in</span> 
     </span>
     <span class='ocr_line' id='line_1_39' title="bbox 109 2621 1566 2676; baseline 0 -13"><span class='ocrx_word' id='word_1_323' title='bbox 109 2622 238 2663; x_wconf 81' lang='lat' dir='ltr'>alium</span> <span class='ocrx_word' id='word_1_324' title='bbox 269 2622 398 2663; x_wconf 90' lang='lat' dir='ltr'>situm</span> <span class='ocrx_word' id='word_1_325' title='bbox 427 2622 640 2676; x_wconf 85' lang='lat' dir='ltr'>aliumque</span> <span class='ocrx_word' id='word_1_326' title='bbox 661 2623 802 2663; x_wconf 91' lang='lat' dir='ltr'>locum</span> <span class='ocrx_word' id='word_1_327' title='bbox 824 2622 1094 2663; x_wconf 68' lang='lat' dir='ltr'>convulsione</span> <span class='ocrx_word' id='word_1_328' title='bbox 1123 2621 1306 2675; x_wconf 88' lang='lat' dir='ltr'>quadam</span> <span class='ocrx_word' id='word_1_329' title='bbox 1334 2621 1566 2676; x_wconf 78' lang='lat' dir='ltr'>distorque-</span> 
     </span>
     <span class='ocr_line' id='line_1_40' title="bbox 107 2688 1568 2745; baseline 0 -14"><span class='ocrx_word' id='word_1_330' title='bbox 107 2689 235 2741; x_wconf 87' lang='lat' dir='ltr'>bitur,</span> <span class='ocrx_word' id='word_1_331' title='bbox 268 2690 468 2745; x_wconf 89' lang='lat' dir='ltr'>quicquid</span> <span class='ocrx_word' id='word_1_332' title='bbox 503 2704 628 2743; x_wconf 88' lang='lat' dir='ltr'>aeger</span> <span class='ocrx_word' id='word_1_333' title='bbox 658 2695 808 2731; x_wconf 89' lang='lat' dir='ltr'>contra</span> <span class='ocrx_word' id='word_1_334' title='bbox 841 2690 1018 2730; x_wconf 88' lang='lat' dir='ltr'>nitatur.</span> <span class='ocrx_word' id='word_1_335' title='bbox 1083 2689 1129 2729; x_wconf 87' lang='lat' dir='ltr'>Si</span> <span class='ocrx_word' id='word_1_336' title='bbox 1162 2703 1234 2730; x_wconf 79' lang='lat' dir='ltr'>vas</span> <span class='ocrx_word' id='word_1_337' title='bbox 1265 2688 1432 2743; x_wconf 85' lang='lat' dir='ltr'>aliquod</span> <span class='ocrx_word' id='word_1_338' title='bbox 1462 2694 1568 2743; x_wconf 91' lang='lat' dir='ltr'>potu</span> 
     </span>
     <span class='ocr_line' id='line_1_41' title="bbox 107 2756 1567 2813; baseline -0.002 -13"><span class='ocrx_word' id='word_1_339' title='bbox 107 2759 317 2813; x_wconf 88' lang='lat' dir='ltr'>repletum</span> <span class='ocrx_word' id='word_1_340' title='bbox 345 2758 392 2799; x_wconf 89' lang='lat' dir='ltr'>in</span> <span class='ocrx_word' id='word_1_341' title='bbox 422 2772 574 2799; x_wconf 86' lang='lat' dir='ltr'>manus</span> <span class='ocrx_word' id='word_1_342' title='bbox 604 2757 856 2812; x_wconf 90' lang='lat' dir='ltr'>porrigatur,</span> <span class='ocrx_word' id='word_1_343' title='bbox 886 2762 1114 2811; x_wconf 88' lang='lat' dir='ltr'>antequam</span> <span class='ocrx_word' id='word_1_344' title='bbox 1141 2756 1248 2797; x_wconf 91' lang='lat' dir='ltr'>illud</span> <span class='ocrx_word' id='word_1_345' title='bbox 1276 2757 1329 2797; x_wconf 90' lang='lat' dir='ltr'>ad</span> <span class='ocrx_word' id='word_1_346' title='bbox 1359 2770 1404 2798; x_wconf 87' lang='lat' dir='ltr'>os</span> <span class='ocrx_word' id='word_1_347' title='bbox 1434 2757 1567 2811; x_wconf 89' lang='lat' dir='ltr'>possit</span> 
     </span>
    </p>
   </div>
   <div class='ocr_carea' id='block_1_5' title="bbox 109 2824 1565 2941">
    <p class='ocr_par' dir='ltr' id='par_1_6' title="bbox 109 2824 1565 2941">
     <span class='ocr_line' id='line_1_42' title="bbox 109 2824 1565 2880; baseline -0.001 -12"><span class='ocrx_word' id='word_1_348' title='bbox 109 2826 331 2878; x_wconf 81' lang='lat' dir='ltr'>adducere,</span> <span class='ocrx_word' id='word_1_349' title='bbox 353 2826 469 2867; x_wconf 90' lang='lat' dir='ltr'>mille</span> <span class='ocrx_word' id='word_1_350' title='bbox 501 2825 843 2880; x_wconf 87' lang='lat' dir='ltr'>gesticulationes</span> <span class='ocrx_word' id='word_1_351' title='bbox 869 2825 1183 2878; x_wconf 81' lang='lat' dir='ltr'>(circulatorum</span> <span class='ocrx_word' id='word_1_352' title='bbox 1208 2824 1371 2879; x_wconf 85' lang='lat' dir='ltr'>instar,)</span> <span class='ocrx_word' id='word_1_353' title='bbox 1396 2825 1565 2867; x_wconf 82' lang='lat' dir='ltr'>exhibe-</span> 
     </span>
     <span class='ocr_line' id='line_1_43' title="bbox 620 2909 1054 2941; baseline -0.005 0"><span class='ocrx_word' id='word_1_354' title='bbox 620 2915 637 2931; x_wconf 82' lang='lat'>¹¹</span> <span class='ocrx_word' id='word_1_355' title='bbox 663 2910 711 2941; x_wconf 90' lang='lat' dir='ltr'>Cf.</span> <span class='ocrx_word' id='word_1_356' title='bbox 730 2911 862 2940; x_wconf 69' lang='lat' dir='ltr'>Prot-ess.</span> <span class='ocrx_word' id='word_1_357' title='bbox 883 2911 941 2940; x_wconf 81' lang='lat' dir='ltr'>Int.</span> <span class='ocrx_word' id='word_1_358' title='bbox 960 2919 984 2938; x_wconf 91' lang='lat' dir='ltr'>c.</span> <span class='ocrx_word' id='word_1_359' title='bbox 1007 2909 1054 2939; x_wconf 79' lang='lat'>16.</span> 
     </span>
    </p>
   </div>
   <div class='ocr_carea' id='block_1_6' title="bbox 1601 376 1779 383">
    <p class='ocr_par' dir='ltr' id='par_1_7' title="bbox 1601 376 1779 383">
     <span class='ocr_line' id='line_1_44' title="bbox 1601 376 1779 383; baseline 0 2925"><span class='ocrx_word' id='word_1_360' title='bbox 1601 376 1779 383; x_wconf 95' lang='lat' dir='ltr'> </span> 
     </span>
    </p>
   </div>
  </div>
 </body>
</html>
