1985 3308
396 165 482 204 234
805 167 1061 209 THOMAE
1098 169 1439 209 SYDENHAM

225 275 355 326 :russas
392 265 530 316 betur,
563 268 873 320 quantumlibet
909 271 1200 311 evacuationes
1236 270 1340 310 istae
1372 268 1451 308 sibi
1483 267 1663 307 invicem
1692 266 1849 306 fuerint

193 317 374 394 ἐζζῗῗζῖὲ
393 335 637 376 contrariae.
701 336 965 390 Malignitati
999 338 1142 390 itaque
1173 338 1243 377 isti
1276 350 1383 390 quae
1413 335 1550 376 febres
1581 333 1848 375 autumnales

320 410 373 413 “““
391 400 722 444 intermittentes
743 405 980 454 comitatur,
1003 405 1067 444 uti
1089 409 1130 445 et
1151 403 1313 445 febrem
1343 403 1590 444 continuam
1611 416 1717 455 quae
1738 402 1847 455 ejus-

391 469 487 510 dem
520 477 583 511 est
618 471 783 523 indolis,
815 472 1054 513 medebitur
1090 471 1361 525 diaphoresis,
1395 484 1499 524 quae
1530 469 1846 510 concoctionem

391 535 662 590 subsequitur
694 552 771 578 ceu
807 539 897 591 ejus
931 538 1129 578 effectum
1142 555 1153 587 3
1185 538 1437 579 variolarum
1465 536 1722 590 malignitati
1749 536 1846 578 sub-

389 604 529 645 veniet
549 606 797 659 tempestiva
818 605 1152 646 abscessulorum
1174 604 1401 646 maturatio
1408 621 1419 654 3
1450 608 1577 658 atque
1597 603 1658 644 ita
1678 602 1730 643 de
1750 603 1845 643 reli-

390 672 482 725 quis
495 689 506 722 ς
537 673 583 713 in
606 673 758 726 quibus
789 673 986 713 omnibus
1012 672 1235 726 peculiaris
1262 674 1539 727 malignitatis
1567 674 1724 727 speeies
1755 673 1845 714 istis

387 739 633 791 pracsertim
662 739 798 780 modis
830 753 876 780 ac
907 739 1108 780 methodo
1139 740 1212 780 illa
1242 741 1401 794 optime
1429 746 1664 794 superatur,
1691 740 1844 794 quibus

386 805 662 846 libentissime
684 806 841 846 cedunt
867 805 1098 859 peculiares
1119 806 1190 847 isti
1210 806 1347 846 morbi
1368 807 1419 847 ad
1444 820 1547 860 quos
1577 807 1649 847 illa
1669 811 1843 860 spectat,

386 872 469 913 sive
490 873 568 913 hac
590 873 788 914 methodo
809 873 1123 926 procedendum
1144 874 1285 924 fuerit,
1309 874 1393 914 sive
1415 874 1559 914 altera.
1623 874 1718 915 Hoc
1738 873 1844 914 mihi

385 940 515 980 dictat
536 941 656 991 ratio,
682 941 778 993 (nisi
799 955 875 994 pro
897 942 924 981 J
927 956 1069 982 unone
1090 941 1276 995 nubesz)
1302 947 1428 995 atque
1449 941 1548 982 huic
1570 941 1698 982 etiam
1720 953 1842 994 expe-

383 1008 537 1049 rientia
553 1009 714 1062 jugiter
736 1009 1006 1063 suffragatur.

987 1143 1112 1184 CAP.
1146 1143 1242 1183 ΥΠ

917 1246 1300 1298 Anacephalaeosis.

178 1346 330 1387 Quinque
438 1334 594 1379 Amma
616 1333 676 1374 ita
697 1333 868 1374 demum
891 1322 1266 1375 animadvertimus
1283 1336 1467 1389 spatium
1487 1335 1592 1377 inud
1615 1351 1836 1388 annorum,

177 1388 366 1471 ocffiffgff'
384 1417 465 1455 quo
495 1402 705 1443 finiuntur
734 1417 1001 1456 praegressae
1037 1405 1357 1456 Observationes,
1381 1419 1538 1459 genera
1559 1406 1837 1447 Constitutio-

177 1483 261 1511 nera,
275 1475 364 1515 quin·
381 1486 485 1512 num
507 1472 681 1512 omnino
699 1472 884 1525 quinque
904 1473 1114 1526 peperisse
1131 1490 1142 1523 3
1176 1473 1362 1527 quinque
1383 1474 1586 1514 nimirum
1607 1474 1838 1528 peculiares

178 1518 347 1556 quenimi-
411 1544 427 1549 ..
459 1539 465 1546 .
563 1540 569 1546 .
727 1554 731 1555 ⁷
863 1540 870 1546 .
1082 1540 1089 1547 .
1197 1541 1204 1547 .
1497 1541 1504 1547 .
1720 1541 1727 1547 .

174 1569 245 1589 rum
263 1561 345 1590 aeris
381 1554 490 1580 aens
531 1539 752 1589 dlatheses,
794 1540 972 1580 totidem
1012 1541 1355 1594 Epidemlcorum
1397 1555 1553 1594 species
1593 1541 1836 1594 peculiares,

176 1601 345 1676 ᾶῖῗξέῡῒὲῖξν
380 1606 580 1646 Febrium
614 1607 880 1658 nominatim,
914 1608 1207 1661 producentes.
1271 1609 1469 1649 Febrium
1506 1615 1650 1649 autem
1683 1609 1836 1650 harum

173 1654 360 1719 :ieanebri-
377 1675 526 1728 prima,
545 1689 650 1728 quae
666 1675 716 1715 iis
731 1676 852 1716 annis
869 1676 1111 1727 infestabat,
1127 1677 1278 1730 quibus
1296 1677 1637 1718 Intermittentes
1651 1678 1835 1718 Autum-

172 1731 352 1804 ssffcfjrpgfiff·
376 1743 493 1784 nales
525 1757 722 1784 maxume
755 1744 1067 1797 grassabantur,
1100 1745 1225 1785 unica
1256 1745 1361 1784 mihi
1393 1745 1572 1794 videtur,
1611 1745 1835 1797 (quantum

172 1817 293 1888 spffpies
306 1828 358 1858 pe-
376 1815 665 1856 observatione
697 1816 891 1869 diligenti
921 1816 1089 1869 fidaque
1118 1816 1325 1857 hactenus
1356 1816 1522 1870 assequi
1552 1815 1757 1868 potuero‚)
1788 1815 1835 1855 in

172 1868 326 1940 ἓῖοᾘίἰ
377 1897 460 1935 qua
475 1882 643 1923 Natura
662 1883 723 1923 ita
743 1883 885 1924 omnia
907 1889 1191 1938 symptomata
1210 1885 1523 1934 moderabatur,
1539 1890 1588 1924 ut
1610 1883 1833 1924 materiam

169 1944 331 2018 Ριζὲἓῒὲῐῐῖξ
377 1949 585 1991 Febrilem
617 1950 759 1990 debita
783 1950 972 1991 coctione
1002 1956 1293 2005 praeparatam
1319 1956 1433 1992 certo
1464 1965 1540 1991 suo
1561 1955 1750 2003 tempore
1781 1949 1834 1990 ad

171 2029 354 2061 describun-
376 2018 536 2058 exitum
567 2018 819 2071 disponeret,
856 2019 922 2058 vel
951 2032 1026 2072 per
1051 2019 1214 2072 justam
1245 2015 1507 2074 διαφόρησιν,
1538 2017 1603 2058 vel
1633 2015 1835 2068 διαπνοήν

170 2076 272 2154 Ἐζηῃ
373 2086 498 2139 paulo
518 2085 799 2126 liberaliorem
805 2102 816 2135 ς
840 2099 947 2139 quae
963 2085 1118 2126 idcirco
1133 2086 1561 2138 FebrisDepw-atoria
1577 2085 1683 2125 mihi
1699 2085 1830 2125 audit.

169 2136 352 2205 p1-ima‚nl)e-
372 2157 428 2196 Et
459 2156 644 2209 profecto
664 2155 786 2196 facile
817 2156 1002 2197 adducor
1029 2162 1077 2196 ut
1103 2157 1271 2198 credam
1301 2156 1571 2210 praecipuam
1601 2156 1712 2196 hanc
1743 2169 1832 2196 esse

165 2213 326 2290 {1222‘2'2'122‘}
371 2229 498 2277 atque
529 2224 780 2264 Primariam
810 2224 1005 2265 Naturae
1026 2223 1218 2274 Febrem,
1240 2229 1336 2264 tum
1367 2223 1420 2263 ob
1451 2223 1687 2276 regularem
1715 2223 1831 2262 illam

168 2299 281 2344 potest,
369 2292 634 2342 methodum,
677 2306 760 2345 qua
798 2292 937 2332 utitur
976 2292 1023 2332 in
1062 2290 1348 2345 promovenda
1385 2290 1565 2330 materia
1612 2288 1832 2330 morbifica

168 2346 341 2411 Rissflfssffla
370 2360 601 2413 eademque
622 2360 846 2413 praefinito
867 2364 1057 2413 tempore
1079 2357 1319 2411 digerenda,
1340 2361 1435 2396 tum
1456 2356 1585 2397 etiam
1607 2356 1706 2409 quja
1726 2356 1830 2396 haee

164 2421 277 2495 (Ῑὴῖῗιζῑδ
295 2424 340 2454 vi-
371 2428 576 2469 Febribus
598 2428 688 2468 aliis
710 2427 969 2481 quibuslibet
996 2426 1258 2480 frequentior
1278 2424 1483 2474 occm'rit5
1523 2423 1601 2479 [2.]
1624 2438 1721 2464 cum
1742 2437 1829 2464 cre-

259 2488 265 2495 *
371 2496 498 2536 dibile
529 2497 583 2537 sit
619 2496 775 2537 Febres
807 2495 1151 2537 Intermittentes
1187 2493 1416 2547 epidemiec
1452 2493 1618 2546 saepius
1649 2492 1829 2545 grassari

369 2579 495 2617 quam
527 2564 628 2605 alios
658 2564 828 2605 morbos
861 2577 1146 2617 quoscunque,
1173 2563 1223 2614 (si
1250 2561 1332 2602 illis
1362 2575 1516 2614 nempe
1546 2560 1744 2601 habenda
1772 2560 1828 2600 sit

367 2632 482 2682 fides,
506 2632 650 2686 quide
679 2647 825 2673 earum
852 2631 1091 2686 frequentia
1117 2631 1164 2671 in
1192 2630 1368 2670 saeculis
1395 2630 1483 2683 jam
1512 2629 1661 2682 elapsis
1691 2633 1756 2669 tot
1784 2634 1827 2668 et

365 2706 487 2740 tanta
517 2701 804 2753 scripserunt‚)
831 2700 1030 2754 quicquid
1059 2699 1230 2740 demum
1260 2698 1306 2738 in
1334 2711 1461 2738 causa
1483 2696 1611 2736 fuerit
1633 2695 1746 2749 quod
1766 2695 1827 2735 ita

365 2782 482 2808 rarae
504 2768 818 2821 comparuerint
846 2783 870 2808 a
891 2783 974 2821 quo
996 2767 1133 2808 Pestis
1153 2766 1263 2807 hanc
1286 2764 1450 2806 Urbem
1470 2769 1535 2806 est
1556 2763 1823 2817 depopulata.

366 2835 589 2875 Enimvero
603 2835 748 2876 Febris
762 2836 864 2876 haec
878 2834 1180 2876 Pestilentialis
1197 2832 1533 2874 inflammatoriis
1547 2832 1597 2871 iis
1611 2830 1822 2880 omnibus,

579 2913 590 2925 ἕ
614 2920 668 2946 pro
684 2911 799 2939 Jurmne
817 2909 925 2948 nabes]
945 2910 996 2939 Cf.
1014 2910 1113 2947 Epist.
1132 2909 1274 2947 Respons.
1294 2908 1336 2937 ΙΙ.
1356 2908 1370 2945 §
1389 2907 1438 2935 30.

575 2949 584 2968 f
608 2951 704 2980 Deest
722 2952 780 2980 hoc
800 2962 865 2991 cap.
884 2952 915 2981 in
933 2952 1003 2982 edd.
1020 2952 1082 2986 ‘603
1097 2952 1159 2980 ¹68.
