1985 3308
284 162 806 204 OBSERVATIONUM
840 162 1215 204 MEDICARUM
1252 168 1312 201 IV.
1340 173 1370 201 7.
1475 166 1553 206 201

97 269 278 323 exempli
300 270 447 323 gratia,
471 284 780 324 nonnunquam
802 284 953 311 renum
980 270 1161 310 alterum
1182 269 1554 311 vehementissimo
1602 282 1732 311 emm

97 337 239 377 dolore
270 338 410 389 afficit,
432 338 546 379 unde
566 338 750 379 vomitus
780 337 1004 388 immanis;
1036 343 1164 391 atque
1196 337 1324 378 etiam
1353 351 1428 391 per
1458 352 1551 378 urc-
1574 323 1755 396 ΐξῗξὲζῗζ,

95 405 197 444 teris
223 405 400 446 ductum
428 419 626 459 persaepe
649 405 827 456 delatus,
851 405 1061 446 caleulum
1092 406 1278 456 simulat,
1302 410 1344 446 et
1372 419 1468 446 cum
1499 405 1550 446 ab
1572 410 1735 459 *lq—7⁶2.

94 474 314 523 enematis,
338 474 513 527 aliisque
535 473 856 514 medicamentis
883 473 1204 527 lithontripticis
1230 478 1272 514 et
1294 473 1454 514 calculo
1483 488 1551 514 ex·
1571 469 1742 549 ((Ῑίἓζᾚξζῐῃ

92 541 307 582 turbando
321 541 482 591 dicatis,
498 547 781 596 exasperatur,
799 555 886 582 uno
902 541 1134 594 eodemque
1151 547 1298 582 tenore
1316 541 1552 582 diutissime
1573 552 1619 581 vel
1632 561 1755 588 renum,

94 609 254 663 affligit,
287 609 467 650 subinde
507 610 637 650 etiam
676 611 858 664 (praeter
892 623 1054 650 morem
1095 624 1233 659 suum,
1266 623 1363 650 eum
1398 623 1473 662 per
1508 623 1551 649 se
1572 594 1734 667 sss‘gssjfflffn

93 677 210 717 omni
240 682 359 718 vacet
389 678 604 731 periculo,)
640 692 815 731 aegrum
851 677 904 718 ad
934 678 1076 731 plures
1107 677 1292 718 deducit.
1355 677 1457 717 Vidi
1487 676 1551 716 in-
1571 679 1754 728 calculum:

92 758 218 798 super
248 750 290 786 et
323 751 610 799 symptomata
639 746 691 787 ab
723 746 872 787 eodem
900 751 1120 799 prognata,
1145 759 1252 799 quae
1277 745 1437 786 vesicae
1468 746 1549 786 eal-
1570 729 1725 804 Ξῖξξζὲῗὲδ

92 813 237 852 culum
268 814 442 853 omnino
463 813 716 854 referebant,
778 814 881 854 Non
902 813 965 854 ita
993 813 1067 853 diu
1087 818 1151 854 est
1173 827 1197 854 a
1226 827 1308 867 quo
1329 817 1460 854 noctu
1483 827 1550 853 ex·
1570 807 1751 880 Ῑῐῑιῖςῗξὲξζξ

92 881 266 931 citabar,
290 887 338 922 ut
359 882 610 923 Comitissae
634 883 739 922 mihi
760 882 934 932 vicinae,
959 882 1101 922 dolore
1121 882 1167 922 in
1196 882 1357 922 vesicae
1377 882 1552 935 regione
1572 874 1721 932 poratusrj

92 949 321 990 admodum
339 949 522 991 violento
539 955 581 991 et
596 951 745 991 urinae
763 950 1056 1004 suppressione
1073 950 1303 1004 derepente
1320 956 1548 1003 correptae,

90 1018 366 1058 consulerem.
430 1018 538 1058 Cum
571 1033 648 1072 ego
676 1019 793 1059 illam
824 1018 1046 1059 affectibus
1073 1018 1296 1072 hysterieis
1324 1019 1448 1059 variis
1477 1019 1550 1059 ol)-

90 1086 262 1125 noxiam
297 1091 412 1126 certo
443 1086 605 1135 scirem,
636 1091 763 1139 atque
793 1100 843 1126 ex
880 1100 929 1126 eo
960 1100 1192 1139 augurarer
1224 1101 1312 1127 non
1343 1086 1424 1127 isto
1455 1100 1549 1126 eam

91 1166 217 1205 quem
238 1153 417 1207 putabat
444 1154 634 1194 laborare
663 1154 822 1204 morbo,
846 1160 1043 1194 cnemata
1064 1168 1170 1207 quae
1198 1154 1375 1207 parabat
1397 1154 1550 1194 ancilla

88 1221 207 1273 injici
238 1235 324 1261 non
354 1221 558 1275 patiebar,
587 1236 641 1262 ne
673 1221 724 1262 ab
756 1222 806 1262 iis
838 1227 1042 1262 cresceret
1074 1222 1246 1262 morbus
1260 1239 1271 1272 3
1319 1226 1363 1262 at
1393 1222 1547 1262 horum

87 1289 179 1329 loeo
215 1295 342 1342 atque
383 1290 692 1330 emollientium
735 1289 866 1342 (verbi
907 1289 1056 1343 gratia,
1099 1291 1243 1344 syrupi
1279 1290 1330 1330 de
1365 1290 1545 1340 althaea,
1566 1302 1694 1332 sedatur

85 1357 182 1409 etc.)
208 1371 314 1410 quae
336 1357 552 1398 adferebat
575 1358 919 1411 Pharmacopola,
942 1357 1205 1398 narcoticum
1228 1357 1414 1408 exhibui,
1434 1359 1546 1411 quod
1565 1346 1719 1385 ‘md-‘'¹¹¹''

88 1429 328 1478 symptoma
367 1425 473 1466 illud
514 1425 655 1466 subito
696 1425 967 1479 compescuit.
1028 1425 1182 1478 Neque
1223 1439 1324 1466 sane
1360 1426 1425 1466 vel
1460 1441 1547 1466 una
1567 1439 1667 1470 Nulla
1684 1450 1751 1470 eor-

88 1492 228 1546 aliqua
257 1507 352 1546 pars
384 1494 569 1547 eorporis
605 1494 657 1534 ab
691 1494 818 1547 hujus
854 1493 955 1533 mali
990 1493 1221 1534 insultibus
1257 1493 1428 1547 penitus
1461 1494 1546 1534 exi·
1565 1483 1751 1556 ξίῗῐέἶιξῖῗῗ

86 1560 231 1611 mitur,
262 1561 346 1602 sive
381 1562 551 1603 interna
581 1576 631 1602 ea
659 1562 800 1612 fuerit,
831 1561 915 1602 sive
951 1566 1138 1611 externa,
1169 1566 1217 1602 ut
1254 1567 1355 1602 sunt
1389 1562 1545 1612 fauces,
1566 1578 1616 1599 na,
1635 1569 1702 1598 sive

87 1642 227 1680 coxae,
259 1644 406 1680 crura;
441 1631 486 1671 in
518 1630 671 1684 quibus
703 1630 901 1671 omnibus
933 1630 1121 1670 dolorem
1154 1631 1310 1671 excitat
1345 1631 1545 1671 intolera-
1566 1616 1706 1690 {sstfijrffi'

87 1696 230 1747 bilem,
262 1702 402 1751 atque,
426 1698 500 1738 ubi
530 1698 780 1748 discesserit,
813 1697 1147 1738 teneritudinem
1180 1698 1407 1751 quandam,
1441 1685 1688 1752 quaeinsu'lfu

86 1765 207 1818 tangi
234 1771 413 1816 recuset,
441 1766 657 1820 relinquit,
686 1766 861 1820 perinde
893 1779 941 1807 ac
969 1765 1003 1806 si
1031 1780 1178 1807 carnes
1208 1766 1345 1807 multo
1375 1767 1547 1808 verbere
1566 1746 1725 1770 emuntur.

86 1831 247 1873 fuerint
269 1834 494 1875 emollitae.

151 1900 258 1954 [19]
299 1901 668 1943 Quemadmodum
699 1908 843 1944 autem
875 1903 1082 1957 quaedam
1111 1903 1165 1943 ad
1188 1903 1359 1945 Colicae
1390 1905 1545 1959 Hyste-

85 1967 196 2008 ricae
231 1969 451 2010 historiam
491 1971 752 2024 pertinentia
786 1971 923 2012 obiter
962 1971 1132 2021 tradidi,
1169 1972 1238 2023 (ne
1280 1972 1438 2013 seilicet
1474 1973 1546 2014 illa

86 2049 162 2088 pro
197 2037 355 2077 Biliosa
390 2037 493 2078 falso
523 2038 781 2090 haberetur,)
815 2039 877 2079 ita
909 2044 951 2079 et
984 2039 1192 2091 quaedam
1229 2040 1359 2080 etiam
1390 2041 1471 2081 alia
1504 2041 1546 2081 ἐν

86 2101 258 2158 παρόδῳ
275 2105 498 2158 attingam,
518 2106 570 2146 ad
592 2106 887 2160 symptomatis
909 2106 1076 2156 doloris,
1095 2107 1166 2159 qui
1188 2121 1281 2147 eam
1299 2109 1541 2158 comitatur,

86 2173 350 2213 curationem
380 2174 601 2214 facientia:
633 2174 795 2215 curatio
827 2174 941 2214 enim
971 2174 1178 2224 radicalis,
1206 2189 1313 2227 quae
1344 2176 1543 2216 morbum

85 2239 252 2280 sublata
283 2255 408 2282 causa
437 2242 562 2292 tollit,
591 2243 763 2283 alterius
795 2242 969 2283 omnino
1000 2247 1063 2282 est
1093 2247 1137 2282 et
1166 2243 1465 2295 speculationis
1499 2250 1541 2284 et

83 2307 176 2348 loci,
1560 2311 1752 2362 Nceve11ac-

150 2376 256 2430 [20]
296 2377 595 2420 Venae-sectio
623 2384 666 2420 et
695 2379 901 2433 repetitae
931 2379 1219 2433 purgationes,
1249 2393 1355 2433 quae
1386 2380 1431 2420 in
1460 2380 1538 2421 Co·
1558 2361 1742 2437 ἶζῗῖἰξξςῐςὶᾇο

83 2444 165 2485 lica
185 2445 344 2486 Biliosa
371 2446 602 2500 incipiente
631 2447 893 2501 apertissime
914 2447 1172 2497 indicantur,
1195 2447 1264 2488 hic
1285 2448 1425 2489 locum
1452 2464 1539 2489 non
1558 2440 1710 2515 ξῇἓιξὲὲθζ

83 2512 258 2564 habent,
280 2514 363 2554 nisi
389 2514 434 2555 in
457 2530 557 2556 casu
583 2516 695 2556 infra
716 2515 908 2557 dicendo.
970 2516 1107 2557 Docet
1135 2516 1251 2556 enim
1279 2517 1541 2570 experientia
1560 2533 1674 2558 nocent
1690 2509 1720 2559 {t

83 2584 126 2621 et
147 2583 383 2635 exasperari
404 2583 605 2634 dolorem,
627 2589 670 2625 et
696 2585 952 2625 invalescere
974 2588 1261 2638 symptomata
1281 2584 1363 2624 alia
1384 2586 1539 2635 omnia,
1559 2577 1728 2654 ῑῗξὲῗίῗτ·

82 2661 108 2688 a
135 2650 340 2700 tumultu,
369 2665 497 2705 quem
526 2652 608 2692 ista
635 2652 762 2702 cient,
792 2652 961 2705 adjuta,-
999 2658 1126 2705 atque
1157 2652 1261 2692 adeo
1285 2651 1380 2706 plus
1411 2654 1542 2694 semel
1559 2664 1651 2695 busa
1669 2668 1734 2707 spi-

82 2715 361 2759 animadverti
392 2724 650 2770 enematum‚
672 2720 738 2760 vel
761 2720 1085 2770 lenissimorum,
1108 2719 1418 2773 repetitionem,
1440 2735 1539 2762 con·
1558 2712 1744 2792 {2232}po

81 2783 246 2826 tinuam
278 2793 613 2841 symptomatum
644 2789 796 2830 seriem
825 2788 1044 2830 invexisse.
1105 2789 1403 2842 Experientiae
1430 2791 1539 2832 ratio
1558 2792 1621 2865 ῑῐξὲἓ
1648 2775 1745 2866 {uam

1558 2845 1588 2864 Vl
1605 2846 1634 2866 lo
1673 2847 1711 2867 u-

82 2852 211 2894 etiam
241 2855 553 2909 astipulabitur,
581 2871 688 2911 quae
720 2857 916 2898 morbum
945 2857 1060 2897 hunc
1089 2871 1112 2897 a
1143 2857 1371 2910 spirituum
1397 2859 1538 2913 potius
1556 2887 1692 2917 momm,

82 2918 235 2978 ἀταξίᾳ
255 2929 382 2977 atque
411 2925 655 2966 inordinato
682 2930 816 2976 motu,
839 2940 966 2979 quam
996 2925 1226 2966 humorum
1253 2926 1355 2968 vitio
1383 2927 1536 2982 aliquo,
1556 2921 1682 2994 ζιὲἶῖξῑῐῑ

773 3007 799 3033 1)
823 2993 850 3033 d
1645 2988 1652 2996 ⁰
