1985 3308
629 193 826 235 OPERA
859 191 1077 234 OMNIA.
1538 190 1580 230 ix

125 300 412 357 Sydenhamio
445 300 644 355 placeret,
681 300 897 342 Oxonium
937 299 1176 340 studiorum
1217 298 1340 351 (quae
1381 297 1434 338 ob
1472 296 1580 337 Belli
1641 309 1741 339 νιτΑ.

122 370 268 412 turbas
288 370 528 424 interrupta
551 370 702 423 erant,)
727 368 1116 410 continuandorum
1143 365 1581 419 absolvendorumque
1598 356 1783 417 'A—-D-ffiff,

123 453 269 480 caussa
287 452 479 479 reversus
500 442 577 489 est,
600 452 713 479 anno
736 437 861 478 1645.
1599 411 1763 485 gffjssffum

173 506 252 561 [6.]
283 506 367 547 Η10
382 506 471 560 ipse
487 505 764 561 Sydenhamii
779 505 824 545 in
839 504 1173 546 Universitatem
1187 502 1475 543 Oxoniensem
1488 500 1582 541 red-

123 575 209 616 itus
230 575 466 616 necessario
489 574 713 630 ponendus
743 579 807 615 est
829 578 957 615 antea
977 587 1106 627 quam
1125 572 1172 612 in
1193 570 1413 612 Medicina
1426 570 1583 610 Bacca-

123 644 293 684 laureus
314 648 480 684 creatus
497 648 573 694 est,
591 647 634 684 et
650 642 990 683 criminationem
1006 641 1156 681 falsam
1173 640 1332 694 optime
1354 637 1478 679 diluit
1500 651 1584 692 qua

123 712 298 753 fuerunt
319 712 392 766 qui
415 711 752 766 Sydenhamium
772 710 1041 765 proscindere
1064 709 1298 750 studerent.
1340 707 1456 748 Nam
1477 720 1584 747 non-

125 780 233 821 nulli
259 780 517 821 contendere
545 780 637 821 ausi
665 784 766 821 sunt
797 793 1013 821 summum
1040 778 1162 818 illum
1183 777 1352 827 Virum,
1376 775 1448 829 qui
1468 774 1586 815 Artis

128 849 335 890 Salutaris
354 848 548 899 formam,
568 849 701 902 qualis
722 853 828 889 tunc
848 848 1050 901 temporis
1073 851 1176 896 erat,
1193 845 1365 900 penitus
1386 844 1587 884 immuta-

126 917 186 958 vit
208 922 251 958 et
275 917 493 959 meliorem
520 916 717 967 reddidit,
739 930 840 958 casu
865 915 1048 970 quodam
1070 920 1112 956 et
1133 914 1385 956 necessitate
1406 916 1588 967 urgente

127 985 347 1026 Medicum
368 985 529 1026 factum
546 998 649 1036 esse,
665 990 706 1026 et
728 985 819 1026 sine
839 984 926 1026 ullo
947 987 1226 1039 praeparante
1246 982 1387 1024 studio
1402 981 1588 1036 praevia·

128 1067 209 1107 que
229 1053 347 1094 Artis
369 1052 565 1094 Medicae
592 1053 836 1106 cognitione
857 1052 911 1093 ad
939 1066 1032 1093 eam
1053 1050 1331 1093 exercendam
1353 1049 1587 1091 accessisse.

126 1122 184 1162 Et
205 1121 302 1162 D¹¹us
318 1122 479 1162 Doctor
495 1120 733 1161 Richardus
750 1121 1016 1170 Blackmore‚
1033 1121 1112 1174 Eq.
1129 1121 1250 1169 Aur„
1269 1119 1339 1173 qui
1360 1133 1460 1173 prae
1477 1123 1588 1159 cete·
1609 1124 1768 1174 Crimina-

126 1189 184 1230 ris
209 1189 337 1243 hujus
364 1188 635 1243 potissimum
663 1188 969 1229 criminationis
995 1193 1143 1229 auctor
1174 1192 1250 1238 est,
1277 1187 1394 1228 haud
1418 1186 1588 1228 erubuit
1607 1167 1768 1241 {322²th

127 1257 232 1298 adeo
261 1257 307 1297 in
338 1256 607 1298 Praefatione
639 1256 703 1297 sui
723 1257 787 1297 De
816 1257 993 1297 Variolz's
1012 1256 1132 1297 librie
1154 1269 1339 1306 narrare,
1363 1269 1406 1295 se
1433 1255 1586 1309 ipsum,
1608 1254 1770 1327 glichssrdo

128 1340 227 1367 cum
251 1324 587 1380 Sydenhamium
611 1324 662 1366 de
682 1324 802 1366 libris
831 1324 1070 1366 consuleret
1093 1338 1274 1377 quorum
1295 1323 1477 1364 lectione
1499 1337 1588 1364 sese
1609 1307 1695 1370 mgarce
1710 1315 1787 1369 {lla-

128 1394 287 1448 optime
315 1393 369 1434 ad
388 1394 541 1434 Artem
562 1393 743 1435 feliciter
769 1393 1008 1435 faciendam
1028 1393 1210 1434 formare
1241 1396 1395 1446 posset,
1417 1405 1589 1445 respon·
1607 1382 1778 1456 {depelli-

129 1462 291 1503 sionem
317 1461 488 1502 tulisse:
521 1462 677 1516 “Lege
697 1463 916 1503 Dominum
942 1461 1204 1509 Quioeotum.”
1268 1460 1399 1514 Cujus
1421 1460 1592 1514 quidem
1664 1450 1670 1456 ⁸

128 1530 411 1585 responsionis
438 1544 586 1571 verum
613 1544 785 1572 sensum
816 1530 1112 1572 Blackmorius
1146 1534 1220 1570 aut
1252 1543 1341 1570 non
1364 1528 1591 1583 perspexit,

129 1604 204 1640 aut
233 1599 467 1653 perspicere
493 1599 656 1640 noluit:
701 1599 860 1640 etenim
895 1598 1207 1653 Sydenhamius
1243 1597 1331 1651 (qui
1357 1597 1436 1637 viri
1463 1597 1592 1651 hujus

128 1668 351 1722 ingenium
378 1667 677 1722 cogitandique
703 1668 915 1709 rationem
944 1667 1061 1708 haud
1089 1666 1217 1707 dubie
1244 1666 1404 1720 optime
1434 1666 1588 1718 norat,)

128 1736 202 1777 illa
220 1736 495 1790 responsione
515 1735 623 1777 nihil
651 1736 767 1777 aliud
792 1736 980 1777 indicare
1000 1735 1169 1776 volebat
1191 1749 1319 1789 quam
1342 1734 1422 1775 hoc
1435 1752 1446 1785 3
1479 1748 1592 1788 eum,

131 1805 203 1859 qui
222 1805 341 1846 Artis
371 1805 576 1846 Salutaris
595 1809 825 1860 praecepta
851 1819 1062 1858 usumque
1083 1803 1384 1845 tantummodo
1413 1817 1435 1844 e
1463 1803 1591 1844 libro-

129 1887 226 1914 rum
255 1873 525 1915 Medicorum
554 1874 735 1915 lectione
763 1873 981 1915 addiscere
1001 1873 1116 1924 velit,
1138 1887 1218 1914 nec
1248 1877 1450 1913 naturam
1479 1885 1591 1912 mor-

129 1941 282 1982 borum
314 1947 541 1996 aptamque
574 1956 721 1983 eorum
757 1942 1042 1983 curandorum
1073 1941 1284 1982 rationem
1320 1944 1520 1981 accurata
1550 1944 1593 1980 et

132 2009 206 2049 diu
226 2010 474 2051 continuata
494 2010 786 2052 observatione
813 2023 1065 2064 cognoscere
1087 2009 1269 2060 studeat,
1292 2023 1425 2062 aeque
1447 2008 1593 2049 absur-

133 2077 235 2118 dum
266 2091 355 2118 esse
381 2092 428 2118 ac
456 2092 554 2118 eum
576 2079 647 2132 qui
673 2093 724 2120 ex
754 2078 923 2119 assidua
949 2079 1131 2120 lectione
1156 2077 1455 2119 celeberrimae
1481 2077 1594 2117 illius

131 2145 299 2186 fabulae
336 2146 555 2186 Cervantis
584 2146 762 2188 idoneus
805 2147 980 2187 evadere
1010 2146 1208 2187 Medicus
1243 2145 1397 2199 cupiat.
1462 2145 1594 2185 Hunc

130 2214 245 2255 illius
278 2214 470 2269 responsi
501 2228 648 2256 verum
680 2229 852 2256 sensum
883 2227 986 2264 esse,
1019 2213 1126 2254 mihi
1158 2213 1246 2267 ipse
1282 2213 1594 2266 Sydenhamius

131 2283 382 2325 confirmare
402 2282 582 2334 videtur,
605 2297 702 2325 cum
724 2297 767 2324 se
783 2283 845 2324 ita
866 2297 891 2323 a
910 2282 1082 2323 Natura
1102 2281 1264 2322 factum
1286 2294 1376 2321 esse
1397 2281 1594 2334 profitea-

131 2356 215 2402 tur,
236 2356 297 2402 ut,
320 2351 434 2405 quod
457 2352 658 2406 temporis
687 2352 757 2392 alii
783 2351 900 2392 libris
928 2349 1119 2404 legendis
1144 2354 1413 2399 consumant,
1434 2349 1479 2390 id
1505 2349 1594 2403 ipse

132 2434 258 2461 omne
278 2420 548 2461 meditationi
568 2420 813 2475 impendere
835 2420 979 2461 soleat.
1008 2420 1062 2473 (p.
1089 2419 1204 2471 408.)

197 2487 277 2541 [7.]
311 2487 648 2542 Sydenhamium
670 2488 724 2529 ad
744 2488 862 2529 Artis
884 2486 1131 2528 exercitium
1153 2486 1242 2526 sine
1264 2485 1431 2539 praevia
1451 2485 1595 2539 cogni-

132 2555 248 2597 tione
264 2569 362 2596 cum
382 2555 571 2597 theoriae
592 2556 802 2607 Medicae,
820 2562 913 2597 tum
935 2555 1183 2609 opinionum
1204 2558 1331 2607 atque
1352 2558 1595 2607 praecepto-

133 2637 228 2664 rum
251 2637 358 2677 quae
379 2629 480 2665 ante
506 2638 583 2666 sua
609 2629 803 2678 tempora
822 2624 868 2665 in
890 2623 1160 2664 Medicorum
1182 2621 1334 2663 scholis
1356 2621 1408 2662 de
1428 2621 1595 2662 morbo-

132 2706 229 2732 rum
245 2696 401 2733 natura
421 2692 789 2746 curandorumque
810 2692 976 2733 ratione
992 2691 1233 2745 xiguerunt,
1251 2689 1486 2740 accessisse,
1509 2704 1595 2730 non

133 2760 276 2801 minus
304 2761 421 2801 omni
443 2760 826 2811 verosimilitudini,
850 2775 978 2814 quam
1006 2759 1251 2800 testimonio
1277 2758 1408 2812 ipsius
1433 2757 1595 2812 Sydon-

134 2828 496 2883 hamii,repugnat
504 2846 515 2880 ;
538 2830 619 2880 cui,
635 2843 731 2870 cum
747 2829 810 2869 vir
823 2828 980 2883 probus
994 2827 1266 2881 veritatisque
1281 2826 1595 2868 amantissimus

134 2897 276 2947 fucrit,
299 2897 529 2938 maximam
551 2897 678 2938 fidem
698 2897 854 2938 habere
877 2896 1092 2937 debemus.
1155 2896 1200 2936 Is
1223 2895 1336 2936 enim
1362 2895 1406 2935 in
1430 2893 1595 2948 saepius

421 2986 431 3000 ί
462 2983 594 3014 Τνεσὶἰεσ
613 2994 686 3022 upon
706 2985 752 3013 {he
770 2984 864 3013 Small
882 2984 953 3018 Pas,
974 2982 1118 3018 London,
1136 2981 1228 3019 1723,
1246 2983 1314 3011 Svo.

851 3036 878 3076 b
