1985 3308
231 272 283 301 Di:
301 272 368 300 Ar-

213 323 308 343 rec'r.
320 313 392 343 Hr-

220 365 378 386 sTmuCA.

207 410 342 439 Infirma

207 452 377 492 spirituum

238 493 244 504 Ι

207 505 362 525 συστασις

208 543 283 576 quot
302 538 370 567 ani-

208 580 253 609 mi
267 585 296 609 0(
313 590 381 609 cor-

207 623 292 662 poris
309 622 358 651 iu-

206 671 374 704 temperies

207 713 301 746 parit.

208 2577 313 2607 Morbi
330 2578 375 2608 fo-

206 2621 316 2649 mitem
334 2621 365 2650 in

208 2663 341 2692 materia

207 2714 268 2734 non
286 2705 364 2734 deli-

205 2748 390 2782 105011ορ11-

207 2790 392 2819 stantiaelu-

208 2831 339 2861 eiciatur.

415 153 499 194 3‘76
829 150 1085 191 'PHOMAE
1120 147 1458 190 SYDENHAM

412 264 658 313 spectantur
678 260 970 313 phaenomena
993 260 1082 313 jam
1112 258 1238 298 missa
1265 256 1372 296 facio
1388 257 1412 307 z)
1449 255 1500 295 ab
1523 254 1602 294 hac
1632 255 1723 307 ipsa
1750 255 1868 308 spiri-

411 334 535 369 tuum
549 329 862 370 inordinatione
875 329 1063 369 nascitur
1079 327 1342 382 perturbatio
1357 326 1442 376 illa,
1451 330 1493 365 et
1509 325 1674 365 varians
1691 324 1870 365 subinde

412 401 502 437 tam
523 398 654 437 animi
672 412 798 450 quam
817 398 999 451 corporis
1015 395 1300 448 intemperieS,
1319 407 1425 447 quae
1446 398 1540 433 tum
1557 392 1602 432 in
1620 391 1869 446 HystericiS‚

413 470 506 505 tum
524 466 917 519 Hypochondriacis
939 465 1182 505 dominatur
1198 480 1205 503 :
1239 477 1336 502 cum
1353 461 1467 502 enim
1484 461 1675 513 utrisque
1693 460 1801 500 desit
1822 474 1871 500 ea

414 533 638 586 spirituum
672 534 860 583 firmitas,
891 547 997 586 quae
1027 533 1072 572 in
1102 530 1426 580 robustioribus,
1449 535 1576 583 atque
1605 530 1656 570 iis
1691 543 1871 583 quorum

413 601 635 642 facultates
653 602 747 655 jugi
769 602 996 655 spirituum
1018 604 1264 653 vegetorum
1289 598 1477 639 subsidio
1499 603 1739 648 actuantur,
1762 612 1869 639 sem-

412 683 486 722 per
507 669 733 719 iuvenitur,
756 669 1050 723 impressiones
1077 682 1220 708 rerum
1241 667 1383 707 minus
1412 671 1629 720 gratarum
1651 672 1870 720 nequeunt

412 737 618 790 perferre3
657 737 727 777 sed
760 737 824 777 vel
855 738 917 778 ira
942 737 1008 777 vel
1039 736 1181 777 dolore
1213 735 1352 776 subito
1385 734 1545 788 perciti,
1567 734 1741 787 perinde
1769 741 1870 775 sunt

411 805 636 846 irritabiles
673 811 800 859 atque
833 806 893 846 illi
930 819 1110 859 quorum
1145 801 1388 856 ἡγεμονικόν
1417 802 1586 843 mollius
1617 807 1659 842 et
1691 802 1871 843 debilius

411 874 476 913 vel
508 874 678 914 Natura
712 875 848 927 primo
883 873 1091 928 procudit,
1126 878 1200 913 aut
1235 871 1401 924 longior
1434 869 1751 923 aegritudinum
1787 870 1871 909 sive

411 941 537 981 series
569 941 653 982 sive
685 957 805 983 mora
833 942 1009 982 tandem
1039 940 1235 981 reddidit.
1296 939 1470 980 Etenim
1503 938 1635 978 animi
1666 937 1796 978 robur
1828 943 1870 978 et

410 1008 662 1058 constantia,
686 1009 889 1062 quamdiu
908 1009 988 1050 hoc
1013 1008 1197 1062 corporis
1217 1008 1308 1048 luto
1337 1007 1372 1047 is
1400 1007 1673 1056 incrustatur,
1697 1020 1721 1046 a
1742 1006 1870 1046 firmi-

409 1075 559 1115 tudine
596 1076 822 1129 spirituum
858 1077 995 1117 eidem
1029 1076 1330 1117 famulantium
1366 1075 1548 1116 maxime
1584 1074 1740 1128 pendet
1753 1092 1765 1124 3
1799 1075 1871 1127 qui

412 1144 583 1196 quidem
615 1159 860 1198 supremum
884 1145 930 1186 in
953 1145 1064 1186 scala
1089 1145 1292 1186 materiae
1321 1144 1499 1198 gradum
1521 1144 1802 1193 constituunt,
1825 1143 1869 1183 in

409 1212 500 1265 ipso
521 1213 646 1253 Entis
668 1213 967 1254 Immateriah's
990 1213 1174 1255 confinio
1198 1212 1338 1266 positi.
1392 1212 1586 1265 Cumque
1611 1210 1742 1251 animi
1765 1223 1868 1250 com-

402 1294 534 1332 payes
558 1281 607 1333 (si
628 1281 690 1321 fas
712 1286 775 1322 est
796 1281 857 1322 ita
873 1281 1041 1334 dicere,)
1066 1281 1192 1334 longe
1212 1280 1347 1333 magis
1370 1280 1529 1320 affabra
1551 1279 1605 1318 sit
1627 1283 1668 1319 et
1691 1278 1870 1318 delicata

411 1363 537 1401 quam
563 1354 626 1389 est
654 1349 836 1402 corporis
865 1354 1091 1398 structura,
1113 1354 1263 1402 utpote
1291 1362 1397 1402 quae
1424 1348 1470 1388 in
1490 1347 1713 1387 harmonia
1738 1347 1869 1387 faeul-

410 1421 549 1456 tatmn
587 1417 1045 1469 praestantissimarum
1082 1423 1123 1458 et
1163 1430 1271 1470 pene
1309 1416 1546 1456 divinarum
1582 1414 1797 1464 consistat,
1836 1414 1870 1454 si

410 1484 537 1537 hujus
559 1483 766 1528 σύστασις
787 1485 1082 1538 quoquomodo
1110 1484 1235 1524 fuerit
1257 1484 1497 1536 interrupta
1518 1482 1868 1535 conturbataque,
1925 1501 1934 1512 ·

410 1552 545 1605 major
560 1552 658 1592 inde
680 1557 881 1605 sequetur
896 1552 1032 1602 ruina,
1052 1556 1211 1605 quanto
1227 1550 1548 1604 praecellentius
1570 1555 1659 1590 erat
1677 1555 1717 1590 et
1735 1549 1869 1602 magis

410 1620 666 1673 exquisitum
683 1620 908 1673 opificium,
928 1620 1028 1660 dum
1046 1620 1262 1673 integrum
1283 1623 1502 1672 perstaret.
1534 1618 1591 1658 Et
1607 1618 1676 1658 hic
1698 1617 1868 1671 quidem

411 1687 660 1728 miserorum
683 1702 784 1741 quos
807 1688 1086 1741 depinximus,
1103 1687 1328 1740 animoque
1353 1686 1598 1735 fractorum,
1621 1690 1757 1726 status
1779 1691 1842 1725 est
1855 1702 1867 1734 3

410 1755 477 1794 cui
508 1756 619 1795 malo
649 1770 735 1796 non
768 1756 892 1796 citius
922 1755 1158 1796 remedium
1190 1755 1351 1795 adferet
1380 1754 1576 1807 pertinax
1605 1752 1774 1806 aliquod
1804 1753 1868 1793 vel

410 1822 728 1863 insolentissimi
752 1823 882 1863 Stoici
904 1823 1135 1872 decretum,
1159 1836 1286 1875 quam
1307 1819 1588 1876 ὀδονταλνγίαν
1612 1820 1867 1874 praecaverit

410 1890 444 1929 is
467 1890 541 1944 qui
554 1890 732 1930 firmiter
753 1891 962 1940 statuerit,
987 1904 1030 1930 se
1052 1890 1169 1931 nullo
1185 1890 1310 1931 modo
1324 1889 1628 1944 permissurum
1647 1893 1695 1929 ut
1717 1888 1866 1929 dentes

411 1957 552 1998 dolore
573 1962 883 2011 pertententur.

475 2025 581 2078 [91.]
623 2026 733 2066 Satis
754 2026 898 2080 itaque
914 2026 1003 2080 jam
1021 2030 1199 2077 constat,
1221 2026 1413 2079 (opinor,)
1434 2040 1604 2066 omnem
1620 2025 1735 2065 hunc
1755 2038 1865 2064 mor-

408 2091 511 2131 bum
535 2092 587 2132 ad
613 2093 784 2145 spiritus
813 2093 1015 2133 animales
1046 2108 1134 2134 11011
1155 2093 1235 2134 rite
1262 2094 1483 2147 dispositos
1510 2093 1657 2134 referri
1688 2093 1840 2133 debere
1854 2110 1865 2142 3

408 2173 486 2199 nec
509 2174 532 2199 a
553 2160 713 2201 semine
735 2167 808 2201 aut
826 2160 1033 2213 sanguine
1050 2167 1269 2202 menstruo
1286 2162 1505 2215 corruptiS,
1527 2162 1657 2215 (quod
1673 2166 1866 2202 asserunt

408 2228 603 2267 nonnulli
625 2228 852 2281 authores,)
879 2234 920 2269 et
947 2228 1104 2268 halitus
1131 2228 1340 2281 malignos
1366 2228 1410 2268 in
1430 2235 1571 2282 partes
1592 2228 1762 2268 affectas
1784 2227 1865 2268 ele-

408 2297 618 2348 vantibus,
640 2297 815 2351 produci
823 2315 834 2347 ς
856 2311 935 2338 nec
958 2311 982 2337 a
1003 2311 1223 2337 succormn
1244 2297 1385 2337 neseio
1403 2311 1485 2349 qua
1504 2310 1697 2350 perversa
1719 2296 1865 2349 depra-

407 2367 588 2416 vatione,
627 2366 711 2406 sive
751 2366 880 2406 etiam
921 2365 1149 2405 humorum
1185 2365 1345 2405 acrium
1377 2365 1663 2418 congestione,
1700 2366 1762 2418 (ut
1796 2365 1865 2405 alii

408 2433 584 2485 volunt)
620 2433 692 2473 sed
726 2432 778 2473 ab
809 2433 860 2472 iis
893 2446 995 2486 quas
1027 2431 1153 2472 modo
1189 2432 1495 2485 assignavimus
1527 2433 1676 2473 causis.
1739 2431 1865 2474 Quod

409 2501 522 2541 enim
554 2500 691 2541 morbi
722 2501 854 2541 fomes
885 2500 931 2540 in
961 2499 1139 2539 materia
1168 2513 1256 2539 non
1287 2499 1517 2550 delitescat,
1540 2500 1667 2540 unica
1697 2500 1775 2540 hac
1800 2499 1864 2539 iu-

409 2568 567 2608 stantia
588 2568 688 2608 satis
710 2568 929 2609 elucescet.
992 2568 1206 2618 Focmina,
1234 2567 1364 2620 (verbi
1393 2568 1556 2621 gratia,)
1583 2581 1689 2621 quae
1718 2567 1863 2608 rectis-

409 2634 514 2675 sima
545 2650 710 2689 semper
730 2635 972 2676 valetudine
1000 2635 1065 2675 uti
1096 2635 1214 2685 solet,
1237 2635 1363 2675 modo
1392 2635 1618 2675 delicatula
1640 2635 1693 2675 sit
1720 2635 1793 2675 illa
1822 2639 1864 2675 et

408 2704 617 2744 teneriore
638 2704 821 2757 corporis
847 2703 1010 2753 habitu,
1034 2703 1068 2743 si
1088 2703 1197 2744 forte
1229 2717 1367 2744 errore
1389 2703 1540 2756 aliquo,
1565 2703 1650 2743 sive
1671 2703 1862 2754 emetico,

411 2769 494 2810 sive
525 2771 757 2812 cathartico
789 2771 934 2825 quovis
964 2771 1148 2821 fortiore,
1177 2771 1358 2811 nimium
1386 2770 1513 2811 fuerit
1544 2770 1765 2811 debilitata
1793 2785 1862 2811 ex-

409 2836 657 2891 haustaque,
679 2844 794 2879 certo
819 2830 974 2880 certius
1004 2843 1287 2893 symptomate
1309 2838 1448 2891 aliquo
1470 2851 1519 2877 ex
1550 2838 1599 2877 iis
1622 2837 1775 2891 quibus
1795 2837 1863 2877 hic

410 2905 581 2945 morbus
610 2906 803 2959 stipatur,
827 2907 1103 2957 multabitur3
1137 2906 1248 2960 quod
1277 2912 1422 2946 tamen
1455 2906 1660 2959 ejusmodi
1691 2906 1862 2947 vomitio
