1985 3308
434 110 754 174 SCHEDULA
789 110 1140 151 MONITORIA
1172 111 1208 150 I.
1463 114 1548 154 487

92 234 219 273 quam
243 218 413 273 quidem
434 232 512 273 ego
537 232 690 259 novam
711 216 857 259 Febris
883 217 1063 271 speciem
1088 231 1178 257 esse
1203 216 1397 267 arbitror,
1421 222 1548 271 atque
1569 227 1750 259 DnNovm:

91 288 216 328 Febri
243 302 350 341 quae
374 301 448 341 per
472 287 718 328 octennium
745 284 897 326 ultimo
921 297 1215 339 praegressum
1240 283 1431 333 invaluit,
1459 298 1548 324 esse
1569 271 1744 344 Ιξέῐῗὲἑζυ

90 370 262 409 prorsus
284 355 543 396 dissimilem.

150 422 231 478 [3.]
270 424 342 464 An
362 424 539 477 hujusce
556 421 886 463 Constitutionis
903 420 1085 461 mutatio
1105 419 1337 460 mutationi
1349 419 1547 460 manifes-
1569 426 1751 481 Lunleixaep

88 496 231 532 tarum
253 492 358 532 ae’ris
381 492 649 546 qualitatum,
673 504 779 544 quae
799 503 874 544 per
894 489 1016 530 binas
1035 489 1113 529 has
1136 489 1311 543 hyemes
1333 488 1547 539 successit,
1567 470 1756 542 0⁶1?i¹‡⁵,¹1{t1¹1¹,t¹'

87 559 317 600 tribuenda
333 559 399 610 sit,
417 574 494 612 ego
511 573 599 599 non
616 558 716 599 satis
738 559 846 608 scio,
881 571 1012 612 quum
1029 571 1104 611 pro
1120 561 1337 611 comperto
1351 556 1546 607 habeam,
1566 555 1644 628 ἓξὲξ
1659 565 1737 595 P011-

89 626 361 667 alterationes
397 627 535 680 quoad
567 626 784 667 sensibiles
817 640 1028 667 annorum
1062 625 1299 679 qualitates,
1331 630 1550 679 utcunque
1645 620 1651 626 ’

90 694 289 748 dispareS,
321 694 567 735 morborum
607 694 937 747 epidemicorum
973 693 1131 748 species
1172 707 1260 734 non
1299 693 1524 747 protulisse
1537 710 1549 744 3

89 766 131 803 et
168 766 328 803 certam
364 776 574 802 annorum
615 762 777 812 seriem,
811 762 1125 815 quantumlibet
1166 776 1303 802 annus
1343 776 1456 802 unus
1497 761 1550 802 ab

89 831 170 872 alio
192 835 366 871 externa
389 829 494 870 facie
519 834 561 871 et
581 834 920 883 temperamento
945 830 1251 883 discrepaverit,
1273 830 1550 871 nihilominus

89 912 236 940 omnes
264 898 310 938 in
337 897 485 938 eadem
507 897 706 938 Febrium
731 898 1086 938 Stationariarum
1116 898 1252 951 specie
1279 897 1552 952 producenda

90 966 348 1008 convenisse.
412 965 539 1007 Quod
570 980 667 1007 cum
699 965 807 1006 serio
839 966 1221 1016 animadverterim,
1252 966 1416 1019 opinari
1445 966 1552 1006 mihi

90 1034 232 1085 subiit,
259 1034 401 1087 (prout
418 1048 442 1074 a
457 1048 526 1074 me
543 1034 644 1074 alias
670 1034 828 1087 [Tr-act.
843 1034 896 1074 If
916 1035 938 1089 ᾧ
957 1033 1048 1089 35.]
1069 1033 1231 1074 dictum
1247 1034 1359 1087 fujt,)
1381 1034 1550 1076 Consti-

88 1102 268 1144 tutionis
300 1102 585 1143 mutationem
617 1116 641 1142 a
674 1107 835 1142 secreta
866 1102 1004 1156 aliqua
1041 1102 1269 1156 abditaque
1301 1102 1551 1143 alteratione

89 1171 135 1212 in
169 1175 307 1212 terrae
341 1171 570 1211 visceribus
606 1171 945 1224 atmosphaeram
981 1185 1152 1212 omnem
1187 1171 1455 1224 pervadente,
1487 1172 1552 1212 vel

91 1254 115 1280 a
136 1253 359 1293 corporum
381 1239 626 1281 coelestium
652 1240 817 1280 influxu
839 1239 992 1293 aliquo,
1010 1239 1192 1280 maxime
1213 1239 1411 1292 pendere.
1473 1239 1550 1280 Ta-

89 1308 216 1349 metsi
245 1308 313 1348 hic
337 1313 400 1348 est
422 1307 674 1358 notandum,
703 1307 827 1361 quod,
851 1307 1110 1348 valedicente
1138 1307 1260 1348 nobis
1289 1308 1390 1348 olim
1417 1307 1552 1349 Febre

91 1376 388 1429 Depuratoria,
412 1376 688 1416 siccissimum
711 1389 758 1416 ac
779 1375 1006 1416 vehemens
1035 1375 1133 1429 gelu
1162 1375 1214 1415 ab
1245 1375 1368 1416 initio
1388 1375 1552 1429 hyemis

93 1444 206 1483 1664
245 1443 388 1483 omnia
428 1442 781 1493 constrinxerat&
818 1456 896 1484 nec
931 1443 1159 1496 quicquam
1199 1443 1374 1494 remisit,
1417 1443 1552 1484 donec

89 1511 247 1552 mensis
288 1511 473 1551 Martius
515 1510 771 1552 adolesceret
784 1528 794 1561 3
840 1525 923 1564 quo
964 1511 1135 1564 quidem
1175 1515 1380 1565 tempore,
1423 1526 1551 1565 quam

89 1579 276 1632 primum
307 1578 531 1620 fatiscente
562 1579 660 1632 gelu
691 1584 807 1620 terra
838 1579 1081 1630 solveretur,
1108 1594 1206 1620 mox
1237 1579 1384 1620 Febris
1416 1579 1550 1620 Pesti-

90 1647 286 1698 lentialis,
314 1647 586 1701 postmodum
617 1648 709 1701 ipsa
738 1647 890 1697 Pestis,
921 1647 1101 1701 grassari
1132 1652 1375 1701 coeperunt.
1439 1648 1552 1688 Utut

89 1727 188 1754 vero
212 1713 292 1755 hoc
317 1729 361 1755 se
384 1714 553 1765 habeat,
578 1715 724 1756 Febris
753 1730 880 1769 quam
904 1729 1021 1756 nunc
1053 1720 1301 1766 tractamus,
1323 1715 1413 1769 jam
1440 1715 1552 1756 dicto
1573 1725 1682 1775 Febris
1692 1726 1761 1756 No-

90 1787 282 1836 tempore
297 1783 482 1836 primum
506 1798 549 1824 se
571 1783 769 1834 ostendit,
784 1797 937 1837 nempe
955 1783 1186 1825 Februario
1207 1798 1354 1825 mense
1377 1785 1551 1834 1684-5,
1571 1780 1611 1842 ἔξ
1621 1779 1770 1842 ξςῗὲζζὲίῖι

92 1855 148 1900 et,
168 1855 259 1890 tam
279 1851 558 1904 praecedente
580 1866 693 1892 anno
711 1866 839 1905 quam
860 1866 909 1892 eo
932 1852 1004 1905 qui
1019 1852 1111 1905 jam
1132 1852 1287 1905 agitur,
1310 1866 1386 1905 per
1406 1866 1553 1892 omnes
1572 1855 1755 1911 FePr-men-

91 1918 274 1971 Angliae
306 1919 499 1971 regiones
526 1919 654 1959 latius
682 1923 833 1972 vagata
858 1924 934 1969 est,
971 1920 1098 1972 longe
1125 1920 1261 1972 magis
1293 1925 1336 1960 et
1364 1918 1552 1972 ἐπιδημι-
1572 1909 1605 1929 se
1634 1899 1725 1929 84-5.

94 1985 279 2042 κωτέρως
300 1987 390 2027 aliis
410 1987 456 2028 in
476 1987 578 2028 locis
601 2002 727 2041 quam
748 1987 816 2028 hic
838 1987 1024 2028 Londini
1045 1988 1301 2028 desaeviens.

158 2054 236 2108 [4.]
277 2055 362 2095 Ubi
385 2055 570 2108 primum
597 2055 651 2096 ad
677 2055 788 2096 hanc
810 2055 989 2096 Febrem
1008 2069 1192 2106 vocarer,
1215 2055 1389 2096 omnino
1412 2056 1553 2096 existi-

92 2122 262 2163 mabam
297 2123 414 2163 illam
446 2138 534 2164 non
575 2138 624 2164 ex
666 2138 715 2164 eo
749 2138 904 2177 genere
941 2123 1141 2164 Febrium
1173 2123 1302 2164 fuisse
1336 2139 1439 2178 quas
1475 2139 1554 2178 ego

95 2191 374 2231 Stationarias
405 2192 582 2246 appello,
611 2192 685 2233 sed
715 2193 855 2246 potius
888 2206 937 2232 ex
963 2192 1351 2233 Intcrcurrentium
1381 2194 1552 2245 familia,

94 2274 201 2314 quae
234 2259 412 2314 singulis
440 2261 527 2302 fere
561 2261 683 2302 annis
713 2261 950 2315 promiscue
979 2261 1243 2302 adoriuntur.
1304 2262 1407 2303 Non
1439 2263 1554 2303 aliud

94 2328 251 2369 scilicet
272 2328 410 2369 morbi
431 2343 566 2382 genus
592 2343 682 2370 esse
709 2329 834 2370 rebar
856 2343 983 2382 quam
1009 2330 1411 2383 Peripneumoniam
1437 2331 1554 2371 illam

94 2396 300 2447 Notham,
324 2411 450 2451 quam
472 2397 602 2438 Libro
624 2398 694 2438 De
714 2397 876 2437 Morbis
898 2398 1043 2438 Acutis
1071 2398 1142 2451 [vi.
1157 2398 1218 2451 4.]
1248 2398 1348 2438 olim
1370 2399 1554 2439 delinea-

93 2478 258 2505 veram:
292 2480 378 2505 una
404 2465 484 2506 hac
510 2465 802 2507 intercedente
832 2465 1087 2507 discriminis
1117 2471 1232 2516 nota,
1263 2467 1374 2519 quod
1403 2467 1448 2507 in
1477 2467 1556 2508 hac

95 2530 230 2572 Febre
263 2531 443 2572 subinde
473 2547 562 2573 non
594 2532 896 2586 comparebant
930 2538 1216 2588 symptomata
1247 2535 1293 2574 in
1324 2535 1554 2588 Peripneu-

93 2599 237 2640 monia
269 2600 404 2652 magis
432 2600 831 2655 pathognomonica‚
866 2602 1006 2655 qualia
1039 2606 1138 2642 sunt
1171 2603 1300 2643 tussis
1329 2603 1554 2644 vehemen-

93 2667 190 2717 tior,
212 2668 473 2722 cephalalgia
502 2669 614 2710 inter
644 2669 913 2710 tussiendum
943 2671 1183 2711 saevissima
1211 2676 1253 2711 et
1282 2672 1401 2725 quasi
1428 2677 1554 2725 caput

95 2735 357 2790 distringens,
398 2736 560 2791 vertigo
600 2752 625 2778 a
663 2743 784 2779 motu
825 2738 1026 2792 quolibet,
1064 2744 1105 2779 et
1140 2739 1353 2793 dyspnoea
1388 2740 1553 2793 ingens,

96 2817 203 2857 quae
243 2805 386 2845 onmia
422 2805 823 2859 Peripneumoniam
866 2807 1057 2847 Notham
1098 2808 1183 2847 fere
1226 2807 1553 2848 comitabantur.

139 2904 150 2917 '³
176 2901 225 2932 Cf.
247 2902 368 2931 Obserr.
386 2902 466 2931 Med.
485 2902 501 2932 i.
522 2903 549 2932 2.
571 2903 606 2937 5;
633 2912 659 2932 v.
679 2905 706 2932 4.
730 2904 774 2933 115.
1045 2901 1053 2920 s
1076 2904 1126 2932 Cf.
1143 2905 1262 2934 ΟΜΝ-ι’.
1284 2905 1362 2935 Med.
1383 2904 1414 2933 ii.
1435 2904 1463 2934 l.
1483 2906 1509 2934 l.
