1985 3308
402 165 487 204 254
815 161 1071 203 THOMAE
1105 159 1445 201 SYDENHAM

238 273 343 303 Pam-
399 269 573 310 brachio
603 269 650 309 in
678 268 788 309 lecto
819 267 1001 322 jacentis
1030 265 1340 307 extrahendum
1370 262 1576 318 praecepi,
1605 274 1683 302 nec
1713 273 1860 314 passus

199 325 382 388 Ρῇζζᾚκ
403 351 498 377 sum
527 340 577 376 ut
608 349 659 376 ex
691 349 741 376 eo
782 340 974 388 surgeret
1011 334 1064 374 ad
1095 334 1199 374 duas
1232 338 1369 373 tresve
1401 331 1551 379 horas3
1595 342 1693 369 cum
1723 326 1861 368 omnis

197 417 335 456 sanguis
354 427 370 446 e
403 402 623 456 sanguinis
652 402 833 452 eductio,
861 415 967 455 quae
995 401 1235 440 universam
1263 398 1446 451 corporis
1474 409 1721 450 compagem
1746 393 1861 434 labe-

196 459 331 531 ξζζξξήίξί
401 470 532 510 factat
554 469 850 523 quadantenus
872 468 1159 520 concutitque,
1183 466 1264 507 hoc
1290 470 1415 519 pacto
1435 464 1600 505 facilius
1627 462 1861 510 tolleretur,

234 526 252 541 ι,

196 544 339 592 lectqja-
402 538 463 579 ita
483 543 532 578 ut
553 538 701 578 mitius
723 551 820 577 cum
849 549 975 589 aegro
997 540 1161 587 agatur,
1184 548 1283 574 cum
1309 533 1356 572 in
1379 532 1489 573 lecto
1516 530 1691 572 cubanti
1711 528 1863 569 unciae

197 592 297 616 centis
313 596 368 616 ex-

197 629 381 659 trahendus.
404 606 549 646 decem
575 605 735 645 fuerint
757 605 984 653 detractae,
1009 616 1136 655 quam
1164 601 1198 641 si
1223 615 1295 642 sex
1320 605 1533 654 septemve
1559 603 1732 639 tantum
1759 596 1862 637 ami—

403 673 516 723 serit,
542 678 768 726 postquam
796 685 818 712 e
849 670 979 711 cubili
1002 668 1248 709 surrexerit.
1311 668 1393 709 Die
1423 666 1619 721 sequenti
1644 665 1864 720 potionem

404 745 652 793 sequentem
673 753 799 779 mane
821 738 1074 779 sumendam
1095 736 1274 790 propino
1289 753 1358 777 :—

406 828 536 871 [Form.
556 827 631 872 39.]
645 835 658 849 ⁰
692 825 732 878 R
764 828 905 860 Cassiae
924 825 1114 859 Exn-actae
1130 826 1272 859 unciam
1289 835 1409 864 unam,

762 883 1012 928 Glycyrrhizae
1030 881 1212 915 drachmas
1230 881 1328 921 duas,

756 941 863 974 Ficus
878 941 1027 985 pingues
1045 946 1204 983 quatuor,

756 998 934 1031 Foliorum
954 998 1092 1031 Sennae
1111 996 1294 1030 drachmas
1312 996 1399 1030 duas
1417 1007 1497 1030 cum
1515 996 1667 1036 semisse,

755 1055 898 1100 Agarici
917 1053 1134 1087 Trochiscati
1152 1053 1354 1087 drachmam
1371 1064 1477 1086 unam
1494 1067 1501 1093 ;

593 1114 715 1157 Coque
744 1112 937 1146 sufficiente
967 1111 1163 1155 quantitate
1193 1122 1323 1155 aquae;
1364 1110 1538 1144 celaturae
1567 1110 1680 1144 unciis
1708 1116 1869 1153 quatuor,

595 1169 742 1204 dissolve

735 1225 893 1260 Mannae
911 1227 1050 1260 unciam
1068 1237 1188 1267 unam,

737 1283 864 1328 Syrupi
882 1283 1032 1318 Rosacei
1051 1283 1197 1318 Solutivi
1215 1282 1450 1321 semunciam;

596 1339 711 1374 Misce
727 1354 734 1381 3
760 1340 821 1374 fiat
837 1341 940 1385 potio.

475 1409 554 1464 [5.]
592 1408 804 1449 Postridie
822 1409 1076 1461 sanguinem
1098 1408 1285 1449 secunda
1298 1407 1388 1448 vice
1408 1407 1580 1447 mittere
1602 1406 1726 1456 soleo,
1744 1410 1871 1459 atque

411 1477 635 1530 interjecto
664 1476 733 1516 die
760 1490 847 1516 uno
871 1476 1089 1530 potionem
1118 1475 1394 1516 catharticam
1420 1474 1545 1515 modo
1570 1473 1872 1527 praescriptam

414 1546 570 1585 iterum
607 1544 798 1594 exhibeo,
836 1543 985 1584 diebus
1021 1544 1196 1600 alternis
1227 1543 1389 1597 jugiter
1422 1542 1698 1595 repetendam
1739 1541 1873 1581 donec

414 1612 589 1652 omnino
630 1612 890 1652 convaluerit
937 1625 1074 1665 aeger.
1150 1610 1313 1652 Diebus
1355 1625 1379 1651 a
1425 1610 1677 1663 purgatione
1717 1608 1872 1658 vacuis,

415 1679 586 1719 decocto
616 1679 831 1732 pectorali,
855 1679 946 1719 oleo
978 1678 1300 1733 amygdalarum
1340 1678 1542 1728 dulcium,
1576 1691 1623 1718 ac
1653 1677 1698 1718 id
1739 1691 1874 1731 genus

416 1746 522 1797 aliis,
543 1752 593 1786 ut
614 1752 764 1786 utatur
785 1747 972 1788 consulo.

472 1815 513 1854 A
544 1814 742 1854 carnibus
779 1819 821 1854 et
852 1828 998 1855 carum
1029 1814 1211 1867 jusculo,
1243 1814 1426 1854 maxime
1458 1828 1555 1854 vero
1587 1827 1611 1853 a
1640 1812 1876 1866 liquoribus

417 1881 651 1935 spirituosis
683 1881 1020 1935 quibuscunque,
1052 1896 1228 1935 aegrum
1258 1882 1431 1922 interim
1461 1881 1658 1931 inhibeo,
1696 1894 1876 1934 quorum

415 1950 506 1990 loco
528 1949 742 2002 ptisanam
759 1963 809 1989 ex
831 1949 988 1990 hordeo
1006 1955 1047 1989 et
1069 1949 1274 2002 liquiritia
1294 1948 1551 2001 (cerevisiam
1567 1949 1672 1989 item
1688 1952 1876 1997 tenuem,

417 2017 452 2057 si
473 2031 566 2057 eam
588 2017 820 2069 efflagitet‚)
846 2031 920 2070 pro
943 2022 1047 2070 potu
1069 2017 1283 2057 ordinario
1305 2017 1501 2057 concedo.

481 2084 559 2138 [6.]
597 2085 742 2137 Atque
763 2085 846 2125 ista
868 2085 1040 2138 quidem
1066 2084 1268 2125 methodo
1289 2084 1499 2125 vincenda
1519 2089 1583 2124 est
1597 2090 1615 2114 P
1644 2083 1876 2137 Peripneu-

416 2152 561 2191 monia
594 2151 699 2192 haec
730 2151 891 2202 Notha,
922 2156 1015 2193 orta
1045 2152 1096 2192 ab
1129 2152 1365 2193 exundanti
1395 2152 1571 2192 colluvie
1601 2151 1805 2204 pituitosa
1833 2151 1880 2190 in

215 2233 297 2262 vera
310 2232 398 2262 Peri-
418 2219 626 2271 sanguiue
655 2224 832 2272 aggesta
859 2219 912 2260 ob
940 2220 1102 2273 hyemis
1135 2220 1386 2272 analogiam,
1414 2224 1456 2260 et
1484 2219 1529 2259 in
1557 2219 1779 2272 pulmones
1810 2232 1878 2258 ex-

215 2285 370 2314 P¹¹e¹¹¹¹¹⁰'
419 2287 559 2341 plosa3
592 2287 639 2327 in
661 2302 744 2340 qua
764 2301 853 2328 non
873 2292 1047 2328 tantum
1069 2287 1224 2328 iterata
1243 2287 1538 2336 venae-sectio,
1557 2286 1630 2326 sed
1651 2291 1694 2326 et
1715 2285 1880 2326 cathar-

216 2318 268 2346 nia
282 2328 298 2347 a
311 2317 399 2357 pleu-

216 2360 403 2431 {iiiiissiiii‘ii'
422 2355 476 2394 sis
505 2355 647 2405 ctiam,
677 2355 960 2405 indicabatur,
987 2369 1107 2395 secus
1144 2361 1271 2408 atque
1301 2354 1347 2394 in
1377 2368 1475 2394 vera
1510 2353 1880 2407 Peripneumom‘a‚

216 2444 285 2480 sert,
298 2445 381 2483 quod
423 2437 550 2475 quam
571 2437 649 2476 ego
671 2423 861 2476 ejusdem
883 2423 1008 2476 plane
1029 2422 1183 2462 indolis
1209 2436 1307 2463 cum
1326 2422 1553 2475 pleuritide
1575 2435 1665 2462 esse
1687 2421 1881 2471 arbitror,

218 2486 389 2558 ξῖιῑῇζῑίἵῐὶζδ
424 2494 550 2543 atque
587 2490 638 2530 ab
674 2491 748 2530 illa
782 2491 828 2530 in
864 2504 913 2531 eo
948 2494 1121 2530 tantum
1158 2490 1339 2540 differre,
1373 2490 1486 2543 quod
1521 2488 1882 2543 Peripneumonia

221 2548 368 2618 lipsani.
424 2557 645 2610 pulmones
675 2558 956 2598 universalius
988 2557 1165 2598 afficiat:
1203 2557 1308 2611 quin
1338 2563 1381 2597 et
1411 2557 1582 2611 utrique
1612 2556 1761 2598 morbo
1791 2555 1882 2610 pari

221 2618 331 2694 {Qash
425 2626 599 2666 omnino
653 2625 855 2666 methodo
906 2625 1140 2675 medemur,
1187 2625 1525 2666 venae-sectione
1578 2625 1737 2666 scilicet
1782 2637 1883 2678 prae

222 2707 298 2754 hfffl'
318 2707 375 2736 1³0-
426 2693 613 2743 cacteris,
637 2699 679 2734 et
701 2693 1022 2734 medicamentis
1043 2692 1406 2746 refrigerantibus.

222 2759 380 2820 fissffl‘ab
492 2760 571 2814 [7.]
608 2761 756 2801 Notha
786 2761 890 2802 haec
921 2760 1292 2814 Peripneumonia,
1318 2760 1416 2801 licet
1445 2760 1498 2800 ad
1528 2759 1695 2800 asthma
1725 2759 1883 2800 siccum

223 2834 379 2863 asthmatc
429 2827 742 2879 aliquantulum
789 2828 975 2879 accedat,
1017 2834 1111 2869 tum
1159 2828 1296 2882 quoad
1343 2826 1530 2881 spirandi
1576 2827 1881 2877 difficultatem,

514 2915 526 2927 ⁰
553 2912 599 2941 Cf.
618 2912 706 2941 soi-m.
730 2914 796 2942 108.
1468 2915 1480 2934 Ρ
1504 2910 1565 2951 est]
1584 2917 1649 2941 crat
1666 2912 1712 2942 ed.
1731 2911 1794 2943 ’76.
