1985 3308
301 185 827 226 OBSERVATIONUNI
861 186 1238 227 MEDICARUM
1280 190 1367 224 1.4.
1507 191 1558 228 51

100 290 318 330 stillatitiis
354 291 484 344 (verbi
510 291 675 344 gratia,)
707 292 955 345 borraginis,
983 293 1107 343 citrii,
1136 293 1288 333 scordii
1317 293 1560 346 composita,
1609 304 1737 334 Fsmus

98 358 326 411 fragorum,
343 359 596 410 theriacalis,
615 374 712 400 cum
734 360 933 401 admixtis
955 361 1121 414 syrupis
1142 361 1446 415 melissophylli
1463 362 1560 402 Fer-
1582 346 1763 419 Αἳῖξτιέἴὲ,

98 426 212 476 nelii,
245 427 625 480 caryophyllorum,
658 432 701 468 et
733 428 784 468 de
817 443 941 469 succo
978 429 1211 479 citriorum,
1240 435 1318 470 etc.
1334 447 1345 479 ;
1377 429 1561 481 fortiora
1607 431 1740 462 ’fil-wit.

97 507 194 533 vero
227 507 277 533 ex
308 494 477 547 pulvere
513 509 535 535 e
572 496 701 536 chelis
734 510 983 537 cancrorum
1024 495 1268 549 composito,
1301 496 1560 547 bczoardico‚

97 560 361 602 confectione
393 562 444 602 dc
471 563 716 617 hyacintho,
738 563 927 604 theriaca
953 564 1257 613 Andmmachi,
1281 564 1423 605 aliisve
1451 566 1560 619 ejus-

98 628 195 668 dem
215 629 382 670 indolis.
446 631 566 672 Quae
594 637 832 685 sequuntur
852 632 898 672 in
918 632 1128 685 frequenti
1151 647 1233 672 usu
1255 637 1356 673 sunt
1373 650 1442 674 :—

100 717 230 763 [Form.
248 719 298 763 4.]
350 718 389 762 R
430 721 552 765 Aquae
572 721 788 765 Borraginis,
1582 719 1753 769 Fui-mulae

427 777 587 822 [Aquae]
610 779 724 820 Curii,
1580 763 1739 836 ffifflfflw'

424 834 585 880 [Aquae]
609 835 742 869 Scordii
761 837 994 881 Composstae,
1655 829 1662 836 ⁰

427 890 590 937 [Aquae]
611 892 818 926 Cerasorum
837 892 1040 936 Nigrorum,
1058 904 1126 926 ana
1142 893 1264 926 uncias
1282 892 1380 934 duas,

424 950 545 993 Aquae
563 950 788 983 Cinnamomi
808 949 1009 983 Hordeatae
1027 950 1167 983 unciam
1186 962 1305 991 unam,

427 1006 701 1050 Margaritarum
718 1013 1001 1052 praeparatarum
1019 1007 1201 1041 drachmas
1219 1006 1316 1048 duas,

429 1063 593 1098 Sacchari
612 1065 828 1109 crystallini‘l
843 1065 1078 1109 quantitatem
1097 1064 1347 1105 sufficientem3

284 1119 412 1154 Misce:
441 1127 555 1155 sumat
577 1122 769 1155 cochlearia
797 1128 948 1165 quatuor
979 1123 1115 1167 saepius
1147 1123 1183 1155 in
1217 1121 1285 1163 die,
1311 1121 1495 1166 praecipue
1524 1122 1559 1155 in

283 1177 518 1222 languoribus.

97 1263 227 1308 [Form.
247 1264 297 1308 5.]
350 1262 388 1314 R
428 1265 552 1309 Aquae
571 1266 677 1299 totius
695 1266 810 1306 Curii,

424 1320 575 1367 [Aquae]
599 1322 803 1367 Fragorum,
821 1334 888 1356 ana
907 1323 1029 1356 uncias
1046 1327 1127 1365 treS‚

420 1380 542 1424 Aquae
560 1379 733 1414 Cordialis
752 1379 916 1424 Frigidae
935 1380 1110 1413 Saxoniae
1127 1379 1268 1413 unciam
1286 1389 1405 1419 unam,

422 1438 545 1481 Aquae
563 1436 776 1470 Theriacalis
796 1436 1008 1477 Stillatitiae‚

424 1493 550 1538 Syrupi
568 1493 823 1539 Melissophylli
842 1493 1006 1534 Fernelii,

423 1551 584 1596 [Syrupi]
605 1551 929 1595 Caryophyllorum,

422 1607 580 1653 [Syrupi]
601 1608 643 1641 de.
663 1608 773 1641 Succo
792 1608 995 1647 Citriorum,
1012 1619 1080 1641 ana
1097 1608 1313 1641 semunciam
1329 1620 1337 1645 3

280 1664 415 1705 Misce3
439 1665 501 1699 fiat
512 1665 701 1710 julapium,
719 1665 761 1699 de
778 1676 847 1709 quo
865 1665 982 1709 capiat
998 1666 1145 1709 saepius.

96 1756 225 1801 [Fut-m.
245 1755 295 1799 6.]
347 1754 387 1805 R
427 1755 584 1790 Pulveris
601 1768 618 1790 e
637 1756 756 1789 Chelis
773 1756 990 1789 Canerorum
1009 1755 1216 1799 Compositi,

420 1812 564 1857 Lapidis
582 1812 789 1847 Bezoardici
811 1812 1011 1852 Orientalis‚

424 1869 588 1914 [Lapidis
607 1869 834 1915 Bezoardici]
855 1869 1102 1909 Occidentalis,

419 1928 690 1972 Contrayervae‚
707 1938 775 1961 ana
793 1927 994 1972 scrupulum
1013 1937 1136 1966 unum,

422 1983 559 2017 Folium
577 1985 662 2017 Auri
680 1995 791 2017 unum
809 1998 816 2024 ;

280 2041 391 2074 Misce
407 2053 415 2079 3
439 2041 500 2073 fiat
516 2040 631 2084 pulvis
644 2041 889 2074 subtilissimus
903 2055 909 2073 :
928 2041 1045 2084 capiat
1061 2039 1106 2073 ad
1119 2041 1353 2084 quantitatem
1367 2051 1554 2084 granorum

284 2097 480 2137 duodecim,
499 2097 635 2141 quoties
654 2108 740 2141 opus
756 2097 872 2137 fuerit,

420 2165 465 2187 ex
484 2154 611 2197 Syrupi
629 2153 672 2187 de
691 2153 802 2187 Succo
820 2154 1022 2194 Citriorum,

423 2210 590 2255 [Syrupi]
611 2209 932 2254 Caryophyllorum,
950 2221 1019 2243 ana
1035 2209 1209 2243 drachmis
1227 2209 1373 2249 duabus,

279 2268 530 2313 superbibendo
549 2268 741 2302 cochlearia
756 2268 890 2311 aliquot
901 2267 1028 2312 julapii
1046 2268 1259 2312 praescripti.

94 2348 224 2393 [Form.
243 2347 292 2390 7.]
344 2345 384 2396 R
422 2349 544 2392 Aquae
562 2347 775 2380 Theriacalis
793 2346 992 2380 Stillatitiae
1010 2346 1130 2379 uncias
1148 2351 1306 2390 quatuor,

419 2404 602 2439 Seminum
622 2405 726 2438 Citrii
743 2403 924 2437 drachmas
942 2403 1028 2437 duas
1043 2416 1051 2442 ;

278 2462 550 2496 Contundantur
574 2462 691 2503 simul,
717 2469 751 2496 et
783 2462 844 2495 fiat
877 2461 1042 2501 emulsi03
1071 2460 1248 2494 celaturae
1272 2459 1361 2493 adde
1395 2459 1549 2493 sacchari

276 2520 399 2564 perlati
431 2520 664 2564 quantitatem
698 2519 927 2553 sufficientem
962 2518 1007 2551 ad
1041 2524 1181 2563 gratum
1215 2527 1393 2562 saporem:
1434 2523 1550 2550 sumat

280 2576 471 2610 cochlearia
488 2576 557 2611 (luo
575 2583 626 2610 ter
643 2578 678 2610 in
697 2577 761 2610 die

146 2673 295 2714 Plures
326 2687 424 2714 vero
459 2673 661 2714 formulas
693 2686 911 2714 recensere
952 2684 1310 2726 supervacaneum
1351 2669 1544 2720 arbitror,

91 2741 290 2795 quoniam
320 2746 363 2782 et
389 2741 639 2782 innumerae
670 2746 784 2792 sunt,
807 2746 882 2782 aut
913 2754 1003 2782 esse
1034 2739 1185 2780 saltem
1217 2743 1408 2793 possunt,
1431 2743 1473 2778 et
1499 2738 1545 2778 in

88 2809 226 2851 morbi
239 2809 420 2851 decursu
434 2811 558 2865 juxta
573 2810 688 2851 varia
704 2811 794 2864 ejus
811 2815 1003 2863 tempora
1019 2823 1066 2850 ac
1083 2808 1247 2849 diversa
1260 2812 1546 2862 symptomata

89 2879 312 2921 variandae
335 2885 448 2920 sunt.

477 2958 490 2977 ‘³
515 2955 618 2984 Sacch.
637 2958 728 2993 cryst.
743 2953 821 2993 gjsa
834 2952 903 2983 edd.
927 2952 990 2990 ’66,
1010 2951 1072 2988 ’68,
1091 2951 1152 2982 ''76-
