1985 3308
756 139 928 181 INDEX
956 139 1167 179 RERUM.

203 244 410 287 Philosophia
430 245 542 283 effecit,
568 249 606 277 ut
628 254 708 286 quae
732 246 855 276 Medica
871 255 926 285 ap-

158 288 306 328 pellatur,
328 299 436 319 revera
461 288 685 319 confabulandi
709 288 929 328 garriendique

159 331 266 370 potius
283 331 324 361 sit
341 331 413 368 Ars,
431 342 527 372 quam
544 331 700 367 medendi,
718 332 779 361 363
793 343 799 366 ς
823 330 928 371 philo-

160 373 272 413 sophia
289 373 409 404 Medici
432 384 589 414 quaenam
618 384 685 404 esse
708 374 829 410 debeat,
847 373 931 409 -176ς

160 415 291 446 moralis
318 417 395 456 quid
433 417 482 453 sit,
515 418 598 452 2823
637 416 791 446 naturalis
828 416 930 455 speci-

161 458 254 488 ficam
278 458 488 489 differentiam
511 459 636 490 nullam
651 459 685 489 in
704 459 831 489 Natura
853 469 929 489 eno-

161 500 236 530 dare
251 506 364 541 potest,
379 503 451 532 282.

205 543 421 584 Philosophus
436 554 534 585 quare
549 554 642 575 nemo
655 543 839 574 mortalium
856 553 929 574 eva-

163 585 236 616 dere
251 587 361 626 possit,
377 587 449 619 476.

173 653 175 655 .
204 628 367 659 Phimosis
383 629 542 668 quomodo
557 629 707 665 curanda,
725 629 797 665 317,
815 630 888 659 318.

205 669 435 702 Phlebotomia.
455 671 503 712 [v.
523 671 757 712 Venae—seclia]

206 713 367 745 Phrenitis
398 715 555 755 quomodo
585 715 757 751 tractanda,
789 715 829 744 56
864 724 931 754 sq.;

162 757 307 787 cardiaca
322 767 384 787 non
400 757 550 793 admittit,
567 757 621 791 57;
646 758 679 787 111
696 757 781 787 febre
795 757 930 797 epidem.

162 799 238 829 anni
262 800 315 832 ’74
338 800 496 839 quomodo
520 799 670 834 curanda,
687 801 768 835 215;
800 799 932 839 spiritus

162 841 281 872 vitrioli
297 843 330 872 in
346 843 524 882 phrenitide
545 842 706 878 laudatur,
723 843 783 872 215
797 855 804 876 ς
829 852 867 872 ex
884 842 929 872 fe-

163 885 217 914 bre
232 895 314 915 nova
335 885 486 925 hyemali,
503 887 576 921 488,
593 886 666 921 494,
684 886 764 919 552;
789 885 821 914 iu
846 885 932 915 febre

162 927 329 963 variolosa‚
353 929 424 963 152,
444 928 521 964 1563
547 928 662 958 sudore
685 932 802 964 coacto,
827 928 859 958 in
884 928 930 958 fe-

162 969 283 1006 bubus,
303 971 506 1010 quandonam
529 971 663 1001 excitari
686 975 791 1010 queat,
808 971 889 1006 2-1-6;
915 981 933 1001 a

162 1014 419 1044 venae-sectione
439 1013 595 1054 neglecta,
612 1014 644 1043 in
661 1013 810 1049 febribus,
828 1023 930 1053 quan-

162 1055 214 1091 do,
230 1057 290 1090 42;
315 1060 469 1095 tanquam
485 1061 668 1096 symptoma
691 1056 830 1086 febrium
855 1066 930 1086 con-

163 1098 219 1128 tin.
242 1098 328 1129 unde
344 1099 474 1134 oriatur,
493 1100 552 1134 565
583 1109 599 1129 e
615 1099 729 1129 lochiis
753 1099 933 1139 suppressis

163 1150 220 1180 per
235 1140 430 1181 hystericam
445 1141 546 1172 affect.
564 1141 597 1171 in
613 1141 779 1181 puerperis
795 1141 930 1172 tenerio-

162 1183 251 1213 ribus
268 1184 363 1214 nimis
387 1184 449 1215 cito
471 1184 685 1223 surgentibus,
704 1185 784 1219 3973
809 1184 842 1214 in
859 1193 931 1224 pes-

163 1225 266 1256 tilent.
289 1227 419 1263 morbis,
446 1227 621 1263 108,109;
660 1227 693 1257 in
716 1227 846 1257 variolis
868 1227 931 1257 f-re

163 1278 266 1317 quens
282 1274 472 1318 symptoma,
494 1271 570 1306 1443
603 1269 659 1299 sed
681 1269 876 1305 anomalum,
894 1280 932 1300 ex

163 1311 263 1341 nimio
279 1313 446 1351 sanguinis
461 1312 574 1349 calore,
595 1313 674 1347 128,
697 1318 727 1342 et
744 1312 934 1352 plerumque

163 1364 203 1384 ex
227 1354 488 1385 calefacientibus
512 1360 628 1390 ortum,
657 1355 735 1391 1313
774 1355 934 1394 quomodo

163 1398 344 1436 praecaveri
369 1402 399 1428 et
421 1398 489 1428 tolli
508 1398 618 1438 possit,
638 1398 716 1433 1473
741 1397 935 1437 paregoricis

163 1440 324 1479 quomodo
343 1441 529 1471 cohibeatur
545 1445 575 1470 et
597 1445 833 1480 praecaveatur,
854 1441 932 1476 1423

162 1482 286 1512 instans
299 1483 456 1514 metuitur
471 1493 510 1513 ex
523 1483 747 1522 inquietudine
760 1488 791 1513 et
804 1483 934 1522 vigiliis,

166 1525 246 1560 139,
240 1537 246 1543 ·
265 1525 393 1564 quando
409 1530 544 1555 mortem
559 1526 680 1555 indicet
694 1526 728 1556 in
743 1525 935 1565 propinquo,

165 1568 245 1603 144,
269 1568 429 1607 quomodo
445 1572 584 1603 curetur,
605 1569 674 1598 144.

206 1590 362 1641 Ρ11111151
387 1610 475 1652 (ΒΕ)
497 1620 539 1641 ET
561 1611 678 1648 Tuss1,
695 1610 769 1648 605,
785 1610 857 1641 606.
877 1609 933 1650 [cf.

167 1653 272 1683 Tabes.
277 1652 291 1693 ]

207 1695 351 1726 Phthisis
374 1696 454 1727 duos
476 1696 542 1728 fere
565 1696 696 1727 trientes
716 1707 837 1734 eorum,
855 1706 935 1736 quos

164 1739 267 1768 morbi
297 1739 439 1770 chronici
464 1740 628 1780 jugulant,
658 1740 819 1776 interficit,
852 1741 933 1776 3913

164 1781 346 1821 descriptio,
372 1783 453 1818 6053
491 1783 623 1818 curatio,
650 1783 735 1817 606;
772 1782 937 1823 phthiseos

164 1824 350 1864 specificum
366 1829 413 1854 est
428 1825 593 1864 equitatio,
610 1826 683 1861 391,
698 1825 771 1855 606.

208 1867 335 1897 Pilulae
372 1867 511 1898 Cochiae
550 1867 733 1903 laudantur,
772 1868 851 1903 1963
897 1867 937 1898 ad

165 1919 270 1949 scrup.
287 1910 368 1940 duos
391 1910 560 1946 exhibitae,
584 1911 664 1946 499;
689 1910 722 1940 in
746 1910 832 1940 febre
855 1920 937 1940 nova

165 1952 314 1992 epidem.,
326 1954 408 1989 4993
433 1963 497 1993 quo
513 1957 655 1992 tempore
669 1953 802 1989 dandae,
819 1954 857 1983 81
872 1965 878 1987 ;
903 1953 936 1983 in

165 1995 247 2026 tussi
271 2005 444 2036 puerorum
468 1995 663 2031 convulsiva,
685 1996 767 2031 2943
803 1996 836 2025 in
859 2006 934 2035 apo-

166 2038 282 2077 plexia,
307 2038 397 2068 finito
426 2047 628 2078 paroxysmo,
654 2038 734 2073 57ος
774 2038 807 2068 111
836 2037 936 2068 fluore

166 2080 326 2117 muliebri,
345 2082 417 2112 290.
443 2081 568 2112 Pilulae
586 2081 743 2111 Matthaei
758 2081 791 2110 in
805 2081 935 2120 nephri-

165 2123 228 2154 tico
249 2133 451 2164 paroxysmo,
468 2125 539 2156 527.
587 2123 712 2153 Pilulae
734 2124 937 2164 paregoricae

166 2171 198 2196 et
224 2176 473 2206 emmenagogae
495 2167 529 2197 in
552 2166 733 2197 lochiorum
756 2167 934 2207 suppressi-

166 2219 236 2244 one,
253 2210 325 2245 398,
343 2211 414 2240 585.

210 2251 344 2282 Plantae
369 2262 466 2292 quare
495 2251 648 2283 materiae
676 2251 820 2283 medicae
849 2252 937 2282 omni

168 2294 308 2334 palmam
325 2295 529 2335 praeripiant,
549 2296 598 2331 19,
616 2297 666 2325 20.

210 2337 306 2368 Plebs
335 2348 353 2368 a
376 2338 506 2368 variolis
533 2348 590 2368 cur
620 2338 729 2368 minus
759 2337 938 2368 trucidetur

167 2390 264 2420 quam
281 2380 404 2417 divites,
423 2381 492 2411 140.

210 2423 444 2458 Pmumrmn,
461 2422 548 2462 (De)
559 2424 740 2459 244—252,
756 2424 936 2453 553—555.

211 2465 404 2497 Pleuritides
440 2466 717 2506 frequentissimae
754 2466 843 2496 fuere
881 2475 938 2505 per

167 2508 290 2548 aliquot
319 2509 512 2549 septimanas
535 2514 608 2539 ante
635 2514 757 2549 pestem
785 2508 935 2545 Londin.,

169 2553 248 2587 102;
273 2557 344 2591 post
367 2552 470 2582 febres
494 2552 610 2582 contin.
628 2552 713 2582 circa
733 2551 816 2581 veris
839 2551 935 2581 finem

167 2599 198 2624 et
224 2594 352 2624 aestatis
379 2595 518 2631 initium,
550 2595 633 2629 110;
669 2604 767 2624 verno
795 2599 936 2633 tempore

167 2637 308 2667 Londini
332 2647 415 2667 anno
441 2638 491 2668 '65
516 2642 587 2677 post
611 2637 759 2677 hyemem
785 2637 936 2676 frigidam

167 2685 198 2710 et
221 2680 342 2710 siccum
366 2680 451 2719 gelu,
470 2681 528 2715 953
554 2680 717 2710 desinente
740 2689 825 2715 vere,
841 2679 935 2716 unde,

166 2722 227 2758 733
252 2722 432 2762 pleuritidis
455 2723 595 2760 historia,
619 2724 692 2759 245,
712 2723 791 2756 246ς
815 2722 936 2762 pleuri-

166 2765 207 2795 tis
223 2765 412 2802 essentialis,
432 2776 515 2802 vera,
533 2766 732 2802 describitur,
754 2766 934 2802 244-247,

167 2809 240 2844 553,
258 2810 340 2844 554ς
365 2819 429 2848 quo
452 2814 595 2848 tempore
616 2809 691 2838 anni
706 2808 844 2843 infestet,
865 2809 934 2844 110,

167 2851 241 2887 227,
267 2852 340 2886 244,
363 2856 394 2881 et
415 2862 570 2891 quosnam
595 2861 670 2891 prae
690 2851 832 2891 reliquiS,
851 2852 912 2881 245
929 2864 936 2886 ς

165 2893 263 2924 febris
287 2904 343 2934 pro
367 2894 476 2924 morbo
499 2894 650 2935 primario
666 2894 718 2924 hic
734 2893 888 2930 habenda,
906 2899 937 2924 et

164 2936 282 2978 reliqui
298 2936 439 2975 affectus,
453 2943 606 2978 tanquam
624 2942 848 2978 symptomata,
863 2938 935 2975 239,

1682 139 1758 178 643

966 247 969 252 '
991 246 1063 281 240,
1082 245 1164 280 2483
1187 243 1305 283 quibus
1321 252 1396 274 cum
1418 240 1686 283 symptomatibus
1702 239 1758 270 ad-

990 288 1040 324 sit,
1054 287 1284 327 progrediatur,
1302 290 1333 316 et
1346 286 1552 325 adaugeatur,
1570 285 1651 319 2453
1676 283 1759 313 redit

990 330 1131 360 hecticae
1155 329 1269 369 specie,
1287 328 1312 358 si
1336 338 1385 358 res
1407 328 1439 358 in
1456 332 1619 367 apostema
1636 330 1756 365 vergat,

990 374 1062 409 245,
1088 373 1170 407 246;
1197 371 1339 402 dolorem
1361 370 1565 410 punctorium
1589 379 1652 408 quo
1674 373 1756 398 tem-

989 425 1064 455 pore
1088 415 1242 455 acquirat,
1267 418 1297 445 et
1321 424 1384 453 quo
1407 412 1545 442 thoracis
1568 411 1648 447 loco,
1675 412 1756 447 245;

989 458 1103 488 tussim
1135 457 1263 497 qualem
1292 456 1417 491 habeat,
1437 456 1518 489 215;
1557 434 1758 483 ‹liarrhoeani

990 501 1074 531 unde
1090 500 1214 537 habeat,
1232 501 1309 535 154;
1335 498 1495 547 quomodo
1511 496 1661 532 solvatur,
1676 497 1756 532 215;

989 542 1233 573 inflammationi
1264 541 1431 581 sanguinis
1458 539 1623 588 specificae
1651 519 1758 568 ortuni

990 586 1091 623 (lebet,
1110 587 1191 621 246;
1214 595 1252 616 ex
1274 583 1458 615 sudoriferis
1480 583 1514 612 in
1537 581 1618 612 tussi
1634 581 1757 612 exhibi-

991 629 1040 664 tis,
1059 630 1138 664 2945
1163 639 1181 658 a
1200 628 1304 658 calore
1327 627 1429 667 frigus
1449 625 1553 656 subito
1569 623 1758 664 excipiente,

992 673 1050 706 30;
1075 676 1140 701 tam
1157 676 1242 701 certo
1263 681 1298 701 ac
1314 675 1378 700 tam
1395 669 1483 699 brevi
1504 673 1646 707 tempore
1663 677 1762 706 quam

990 694 1073 744 alitis
1094 714 1225 754 quidam
1247 714 1378 743 morbus
1401 711 1588 747 debellatur,
1611 710 1637 740 si
1660 709 1761 750 perite

990 762 1155 793 tractetur,
1171 757 1244 793 217,
1261 757 1342 792 251;
1373 755 1504 790 curatio,
1530 754 1590 785 247
1616 763 1681 792 sq.,
1710 752 1761 782 in-

991 799 1165 830 dicationes
1189 799 1348 829 curativas
1368 797 1478 837 quales
1502 796 1658 832 admittat,
1676 796 1759 830 2·;1-8

991 842 1134 881 rejicitur
1165 852 1242 872 cura
1271 852 1328 882 per
1357 839 1656 881 expectorationem,
1687 839 1760 874 250,

992 886 1073 920 251,
1098 884 1272 915 cu1ati0nis
1295 894 1384 924 spem
1401 882 1606 923 praecipuam
1623 880 1712 921 ponit
1727 881 1761 911 in

991 938 1105 958 venae-
1110 927 1257 963 sectione,
1283 928 1357 963 218,
1377 927 1458 961 251,
1498 935 1562 973 qua
1584 923 1760 960 diarrhoea,

991 970 1163 1010 aliquando
1185 969 1422 1010 superveniens,
1448 968 1580 1004 sistitur,
1603 968 1683 1002 250;
1724 967 1762 996 de

991 1013 1231 1053 pleuriticorum
1270 1012 1425 1052 sanguine
1461 1010 1617 1051 quaedam
1650 1013 1762 1039 notatu

991 1055 1096 1095 digna,
1122 1056 1194 1092 246,
1220 1056 1292 1092 2-,17
1317 1057 1397 1090 5541
1422 1063 1573 1084 mensura
1595 1052 1764 1091 sanguinis

991 1099 1187 1136 extrahendi,
1213 1099 1284 1135 249,
1310 1099 1382 1134 250,
1410 1098 1481 1133 554,
1505 1097 1588 1131 555;
1614 1094 1762 1134 pleuritis

991 1141 1134 1181 maligna
1165 1151 1279 1171 venae·
1285 1140 1457 1170 sectionem
1485 1149 1549 1169 non
1578 1138 1648 1174 fert,
1679 1139 1760 1173 230,

992 1189 1062 1224 post
1076 1194 1190 1214 venae·
1195 1184 1368 1215 sectionem
1384 1181 1596 1213 catharticum
1611 1180 1762 1211 exhibea-

992 1233 1052 1263 t‚ur
1071 1228 1152 1263 250;
1188 1237 1252 1256 11011
1276 1226 1444 1266 repetitam
1468 1234 1583 1255 venae-
1571 1223 1762 1253 -sectionern

991 1269 1120 1306 indicat,
1150 1269 1176 1299 si
1201 1270 1339 1309 alicujus
1369 1268 1465 1298 febris
1495 1271 1674 1307 symptoma
1705 1270 1763 1302 cst,

993 1313 1073 1348 230;
1106 1313 1219 1349 diaeta,
1239 1314 1319 1347 2493
1348 1311 1581 1342 medicamenta
1604 1319 1762 1348 quaenam

992 1355 1082 1391 ferat,
1109 1357 1182 1391 248,
1211 1357 1283 1391 249,
1311 1356 1392 1390 551;
1424 1357 1570 1383 enemata
1598 1351 1763 1382 lenissima

992 1402 1118 1428 tantum
1134 1398 1284 1433 admittit,
1301 1399 1381 1431 25ος
1406 1396 1481 1426 lecti
1502 1395 1640 1425 calorem
1665 1394 1761 1424 nimi-

993 1451 1049 1470 um
1062 1445 1156 1475 vetat,
1169 1442 1231 1470 250
1244 1453 1250 1472 :
1268 1451 1285 1470 a
1299 1438 1563 1480 peripneumonia
1572 1448 1647 1467 vera
1661 1437 1764 1476 gradu

991 1483 1114 1513 minore
1144 1483 1248 1513 differt
1276 1488 1412 1518 tantum,
1443 1482 1515 1517 247,
1541 1482 1622 1516 2543
1652 1480 1763 1510 eodem

991 1526 1056 1555 sere
1080 1526 1174 1555 modo
1198 1530 1337 1562 curatur,
1354 1526 1437 1559 2543
1468 1523 1615 1563 pleuritis
1638 1523 1763 1552 constit.

992 1569 1043 1600 '75
1061 1567 1184 1598 soboles
1207 1573 1332 1598 tantum
1349 1571 1416 1597 erat
1431 1566 1528 1596 tussis
1548 1565 1642 1595 istius
1657 1565 1762 1602 febris,

993 1610 1073 1646 227:
1098 1615 1129 1641 et
1152 1611 1311 1641 diversam
1334 1609 1493 1640 medelam
1506 1608 1665 1647 exigebat,
1680 1608 1762 1643 227³

992 1664 1010 1683 a
1023 1654 1141 1693 quibus
1151 1654 1306 1684 inferatur
1317 1652 1511 1693 saepissime,
1524 1652 1586 1681 246
1598 1663 1604 1686 ς
1621 1661 1639 1681 a
1650 1661 1766 1680 venae-

992 1697 1131 1727 sectione
1154 1697 1187 1726 in
1211 1696 1353 1726 febribus
1369 1695 1526 1735 neglecta,
1542 1696 1582 1724 42
1597 1706 1603 1729 ς
1627 1703 1665 1723 ex
1682 1694 1764 1724 a'e'ris

992 1739 1161 1769 manifesta
1175 1739 1371 1775 alteratione,
1388 1737 1556 1768 materiam
1571 1736 1717 1767 febrilem
1731 1737 1763 1766 in

992 1786 1105 1822 peetus
1121 1782 1309 1822 deponente,
1322 1783 1403 1817 2303
1428 1779 1574 1820 pleuritis
1587 1779 1765 1809 essentialis

993 1835 1056 1855 non
1080 1835 1206 1865 semper
1229 1825 1326 1860 adest,
1352 1824 1428 1853 licet
1454 1823 1543 1853 dolor
1566 1822 1766 1862 punctorius‚

993 1867 1080 1897 color
1102 1867 1268 1908 sanguinis
1290 1866 1494 1907 pleuriticus,
1512 1869 1543 1896 et
1565 1864 1684 1895 similia
1707 1865 1762 1895 ad-

993 1910 1065 1946 sint,
1084 1910 1156 1942 227.

1037 1952 1220 1989 Ponaona,
1239 1950 1326 1992 (Dr-2)
1343 1951 1527 1987 409—454‚
1544 1950 1727 1982 611-615,

1037 1995 1184 2035 Podagra
1223 2005 1380 2035 quosnam
1418 1994 1549 2024 invadat
1584 1993 1765 2033 praecipue,

994 2039 1074 2073 409;
1107 2038 1221 2068 divites
1248 2037 1356 2077 plures
1379 2036 1541 2067 interemit
1563 2046 1660 2075 quam
1684 2045 1764 2076 pau-

992 2090 1094 2120 peres,
1111 2081 1219 2121 plures
1243 2080 1401 2120 sapientes
1425 2089 1522 2119 quam
1545 2079 1660 2115 fatuos,
1684 2079 1766 2115 4163

992 2123 1178 2163 insipientes
1194 2133 1312 2164 paucos
1332 2127 1477 2163 occupat,
1493 2123 1574 2157 439;
1599 2121 1767 2158 foeminas,

989 2167 1135 2206 juvenes,
1153 2171 1184 2197 et
1207 2176 1322 2206 pueros
1347 2175 1417 2195 raro
1445 2165 1555 2201 afficit,
1581 2164 1654 2199 417,
1680 2165 1764 2199 612;

993 2209 1078 2239 unde
1092 2209 1228 2249 pendere
1242 2209 1400 2245 videatur,
1412 2209 1486 2244 417,
1499 2209 1572 2244 418,
1589 2208 1669 2241 4343
1687 2217 1761 2237 cau-

995 2262 1062 2282 sam
1080 2252 1175 2282 habet
1187 2251 1360 2292 duplicem,
1378 2251 1627 2286 antecedentem,
1641 2254 1671 2280 et
1686 2259 1762 2280 con-

994 2295 1160 2331 tinentem,
1175 2296 1257 2330 4233
1282 2305 1321 2324 ex
1336 2294 1403 2324 vini
1426 2304 1487 2324 usu
1503 2293 1673 2323 immodico
1690 2292 1764 2322 oriri

995 2342 1106 2377 potest,
1129 2339 1201 2374 434,
1228 2339 1309 2373 435;
1335 2347 1431 2367 causa
1451 2341 1499 2367 est
1519 2335 1764 2366 concoctionum

996 2381 1187 2420 depravatio,
1211 2385 1242 2411 et
1263 2380 1437 2410 humorum
1458 2379 1639 2418 indigestio,
1657 2378 1723 2408 sive
1747 2388 1765 2408 a

997 2422 1134 2460 Venere,
1149 2423 1216 2453 sive
1241 2433 1259 2453 a
1278 2423 1363 2459 vino,
1385 2422 1450 2452 sive
1471 2422 1509 2452 ab
1531 2421 1690 2452 exercitiis
1714 2421 1763 2450 in-

995 2466 1159 2502 termis-sis,
1173 2466 1234 2499 417
1248 2479 1254 2501 ;
1279 2465 1437 2506 podagrae
1452 2464 1608 2505 regularis
1622 2464 1766 2500 historia,

995 2510 1058 2538 410
1081 2519 1140 2549 sq.,
1155 2510 1230 2545 611,
1246 2510 1326 2543 6123
1364 2518 1435 2538 raro
1460 2508 1586 2547 utrique
1610 2507 1706 2547 pedes
1732 2507 1766 2537 in

995 2551 1085 2582 initio
1107 2551 1203 2582 simul
1220 2551 1415 2587 afficiuntur,
1431 2552 1503 2587 411,
1515 2551 1577 2580 412
1592 2562 1598 2585 ;
1628 2550 1767 2580 seniores

995 2594 1050 2624 ubi
1066 2594 1218 2630 adoritur,
1231 2605 1289 2624 nec
1306 2599 1371 2624 tam
1387 2593 1571 2624 immaniter
1584 2593 1693 2628 saevit,
1707 2602 1766 2622 neo

995 2642 1060 2667 tam
1087 2642 1185 2668 statas
1204 2637 1300 2667 habet
1322 2637 1478 2677 periodos,
1493 2646 1591 2676 quam
1614 2635 1641 2666 si
1664 2640 1766 2666 aetate

991 2679 1135 2719 juniores
1170 2679 1384 2719 occupaverit,
1413 2681 1496 2715 410;
1535 2688 1764 2719 paroxysmum

995 2723 1089 2753 habet
1111 2723 1162 2753 vel
1184 2723 1361 2753 breviorem
1377 2722 1428 2752 vel
1450 2721 1694 2758 diuturniorem,
1709 2731 1767 2761 pro

995 2771 1096 2796 aetate
1120 2766 1217 2805 aegri,
1241 2765 1291 2796 vel
1316 2765 1525 2795 diuturnitate
1548 2764 1663 2801 morbi,
1691 2765 1765 2799 412,

995 2809 1057 2839 612
1069 2821 1075 2843 ;
1100 2818 1312 2849 paroxysmus
1326 2808 1512 2848 hujusmodi
1525 2807 1627 2847 major
1639 2817 1695 2837 seu
1709 2817 1765 2847 ge·-

995 2851 1111 2881 neralis
1134 2856 1257 2882 constat
1286 2861 1325 2881 ex
1356 2851 1435 2881 serie
1463 2850 1764 2892 paroxysmulorum

995 2894 1054 2924 sibi
1078 2899 1193 2925 mutuo
1217 2894 1469 2930 succedentium,
1495 2895 1567 2930 412,
1594 2894 1666 2929 413,
1691 2894 1769 2927 423,

996 2938 1068 2975 443,
1085 2938 1167 2974 611;
1193 2937 1312 2978 ubique
1328 2937 1418 2969 dolor
1440 2942 1538 2969 noctu
1560 2935 1770 2972 recrudescit,
