1985 3308
276 315 400 345 Patiar.

242 357 303 387 En.
316 357 422 386 TERT.

445 199 464 237 1
473 199 498 236 8
854 195 1111 237 TIIOMAE
1146 195 1487 237 SYDENHAM

443 319 524 358 que
553 303 764 354 morbum,
792 303 919 358 hujus
945 318 1031 344 non
1066 303 1326 354 dissimilem,
1359 303 1497 344 valeat
1529 306 1725 343 accurate
1754 302 1903 344 distin-

445 387 586 426 guere.
648 373 703 413 In
733 371 958 426 pleuritidc
994 371 1123 425 (verbi
1156 372 1320 425 gratia,)
1357 371 1430 411 diu
1458 375 1585 424 atque
1614 371 1829 411 incassum
1860 384 1904 412 se

442 441 640 494 fatigabit
672 440 835 493 aliquiS,
857 454 936 480 nec
957 444 1103 480 tamen
1134 445 1278 480 mente
1310 444 1558 493 assequetur
1584 453 1756 492 pravam
1785 439 1904 479 illam

444 509 582 549 crasin
605 512 647 549 ct
673 507 783 548 male
805 507 1104 548 cohaerentem
1132 507 1351 560 sanguinis
1379 511 1608 556 texturam,
1631 520 1740 561 quae
1767 506 1905 560 prima

444 581 507 617 est
537 576 714 629 hujusce
748 575 850 615 mali
886 575 1028 627 origo,
1062 575 1251 628 quivero
1283 588 1454 615 causam
1491 589 1515 614 a
1546 588 1629 628 qua
1658 574 1904 615 immediate

444 644 692 698 producitur
712 649 825 684 recte
847 644 1104 696 cognoverit,
1127 648 1169 683 ct
1201 643 1252 683 ab
1276 643 1367 683 aliis
1388 642 1547 682 morbis
1581 642 1904 696 quibuscunque

444 713 524 752 ritc
565 713 701 752 valeat
744 711 1018 763 distinguere,
1056 725 1144 750 11011
1180 710 1323 751 minus
1360 715 1475 750 certo
1516 710 1694 750 curandi
1730 723 1904 763 scopum

444 780 641 833 attinget,
665 779 792 819 etiam
814 779 1009 831 neglecta
1031 779 1165 818 otiosa
1186 778 1268 817 ista
1289 783 1417 830 atque
1438 777 1582 817 inutili
1603 777 1903 818 remotissima-

441 862 537 887 rum
560 861 782 887 causarum
803 846 1017 899 indagine.
1083 845 1165 885 Sed
1186 845 1291 885 hacc
1313 844 1366 888 ὡς
1387 844 1430 885 ἐν
1449 842 1631 899 παρόδῳ.

507 916 614 968 [21]
653 916 679 955 J
683 929 751 954 am
772 928 868 954 vero
891 914 925 954 si
947 919 1121 967 quaerat
1153 913 1304 966 aliquis
1336 928 1391 954 an
1420 913 1473 953 ad
1494 913 1710 966 praedicta
1730 913 1776 954 in
1797 915 1903 955 Arte

441 983 612 1023 Medica
626 982 862 1022 desiderata
884 981 968 1022 duo
988 982 1144 1034 (veram
1163 981 1321 1021 scilicet
1343 986 1385 1021 et
1407 981 1640 1034 genuinam
1657 981 1903 1022 morborum

443 1051 692 1099 Historiam,
716 1054 758 1090 et
790 1054 949 1090 certam
978 1049 1358 1102 confirmatamque
1381 1049 1589 1089 Medendi
1609 1049 1898 1102 Methodum,)

439 1133 527 1159 non
549 1119 678 1159 ctiam
700 1117 871 1158 accedat
892 1117 1069 1157 tertium
1095 1117 1214 1167 illud,
1237 1117 1522 1157 remediorum
1549 1131 1703 1171 nempe
1733 1117 1902 1171 81100111-

441 1201 585 1226 corum
606 1185 796 1226 inventio
810 1203 821 1235 3
855 1185 1160 1225 assentientem
1189 1199 1258 1225 me
1289 1185 1420 1226 habet
1442 1189 1483 1225 et
1505 1185 1551 1225 in
1571 1190 1669 1225 vota
1696 1185 1902 1226 festinan-

438 1260 539 1295 tem.
601 1254 696 1294 Etsi
726 1254 841 1294 enim
873 1253 1108 1293 Methodus
1140 1253 1339 1293 sanandis
1367 1253 1526 1294 morbis
1551 1253 1687 1293 acutis
1718 1253 1902 1294 maxime

438 1321 710 1362 accommoda
731 1321 836 1361 mihi
853 1321 1058 1369 videatur,
1080 1321 1249 1374 (quibus
1266 1320 1481 1375 exigendis
1503 1334 1602 1361 cum
1621 1321 1792 1361 Natura
1811 1321 1903 1375 ipsa

439 1396 603 1430 certum
635 1390 817 1443 aliquem
850 1389 1135 1430 evacuationis
1166 1389 1342 1429 modum
1377 1389 1590 1439 statuerit,
1623 1403 1901 1443 quaecunque

440 1458 673 1498 Methodus
696 1458 833 1498 eidem
855 1457 936 1498 fert
958 1471 1081 1511 opem
1102 1457 1148 1498 in
1169 1457 1457 1511 promovenda
1477 1457 1591 1498 dicta
1612 1457 1900 1507 evacuatione,

440 1525 494 1567 ad
532 1525 671 1566 morbi
711 1525 975 1566 sanationem
1015 1526 1251 1566 necessario
1293 1526 1511 1578 conferet‚)
1557 1525 1794 1579 optandum
1835 1530 1899 1567 est

438 1598 584 1633 tamen
610 1598 659 1633 ut
691 1593 896 1633 beneficio
920 1593 1222 1646 Specificorum
1247 1593 1298 1646 (si
1331 1607 1438 1647 quae
1465 1593 1570 1633 talia
1595 1593 1778 1634 inveniri
1805 1607 1900 1647 pos-

440 1662 554 1714 sint,)
580 1675 705 1714 aeger
724 1661 893 1701 rectiori
916 1661 1066 1701 semita
1097 1661 1150 1701 ad
1177 1662 1405 1702 sanitatem
1426 1662 1661 1715 proficeret,
1693 1665 1736 1702 et
1771 1661 1901 1715 (quod

439 1728 609 1781 majoris
650 1728 779 1768 etiam
818 1729 1026 1769 momenti
1067 1730 1161 1782 est,)
1199 1733 1317 1771 extra
1357 1730 1492 1770 aleam
1533 1730 1755 1779 malorum,
1793 1743 1901 1782 quae

437 1800 676 1850 sequuntur
706 1796 993 1837 aberrationes
1024 1797 1126 1837 istas
1161 1797 1208 1836 111
1239 1811 1342 1850 quas
1374 1811 1496 1851 saepe
1531 1798 1665 1838 invita
1698 1797 1901 1838 dilabitur

437 1865 607 1905 Natura
626 1864 671 1904 in
694 1864 830 1904 morbi
852 1878 977 1904 causa
999 1865 1259 1918 expellenda,
1279 1865 1342 1917 (ut
1363 1869 1412 1905 ut
1433 1870 1632 1918 potenter
1653 1870 1695 1905 et
1713 1865 1835 1906 docte
1857 1865 1896 1906 ei

437 1932 489 1972 ab
512 1932 734 1972 assistente
757 1932 928 1973 Medico
952 1932 1256 1985 subveniatur)
1281 1932 1413 1986 possit
1434 1932 1641 1973 collocari.

502 1999 608 2052 [22]
648 2000 811 2039 Verum
833 2000 946 2053 quod
968 2000 1021 2040 ad
1046 2000 1214 2041 morbos
1245 2000 1466 2041 chronicos
1496 2000 1706 2040 sanandos
1729 2000 1898 2051 attinet,

435 2067 534 2108 licet
555 2067 661 2107 nihil
686 2067 879 2108 dubitem
901 2068 1122 2108 ulteriores
1143 2068 1189 2107 in
1210 2068 1420 2108 medendo
1441 2068 1656 2122 profectus
1676 2067 1743 2108 vel
1765 2082 1790 2108 a
1810 2069 1899 2109 sola

436 2136 644 2176 Methodo
674 2149 795 2189 posse
832 2136 990 2189 sperari
1021 2150 1147 2189 quam
1177 2136 1248 2189 qui
1275 2136 1321 2175 in
1351 2136 1534 2189 primam
1562 2135 1707 2176 statim
1739 2136 1898 2189 cogita-

433 2203 595 2243 tionem
626 2203 872 2252 incurrant3
906 2208 1096 2244 attamen
1126 2204 1220 2256 plus
1250 2204 1351 2244 satis
1374 2208 1541 2244 constat
1572 2203 1749 2244 deficere
1779 2203 1897 2244 illam

433 2270 479 2310 111
511 2271 729 2311 curatione
766 2271 1062 2313 chronicorum
1097 2272 1257 2325 aliquot
1288 2272 1352 2312 vel
1383 2272 1566 2312 maxime
1601 2271 1896 2325 spectabilium

433 2339 545 2379 inter
566 2353 635 2379 eos
659 2339 812 2392 quibus
840 2340 1033 2379 homines
1054 2346 1265 2392 urgentur
1278 2357 1288 2389 ;
1322 2340 1434 2393 quod
1459 2339 1512 2380 ob
1533 2339 1645 2380 hanc
1673 2340 1896 2394 praecipue

432 2419 604 2446 causam
624 2421 706 2446 usu
726 2407 854 2457 venit,
871 2407 970 2460 quia
991 2407 1149 2447 scilicet
1167 2407 1335 2447 Natura
1355 2407 1402 2447 in
1422 2407 1716 2461 hujuscemodi
1737 2407 1896 2448 morbis

432 2487 520 2513 11011
542 2474 669 2515 habet
694 2475 952 2515 Methodum
974 2479 1063 2514 tam
1096 2475 1320 2525 efficacem,
1344 2489 1427 2528 qua
1456 2475 1680 2515 materiam
1707 2475 1893 2516 morbifi-

434 2554 526 2581 cam
561 2542 672 2582 foras
703 2542 855 2596 ejiciat,
893 2542 1082 2595 (perinde
1114 2548 1241 2595 atque
1273 2542 1320 2582 in
1354 2543 1519 2595 acutis,)
1557 2557 1640 2596 quo
1677 2557 1765 2594 nos,
1795 2557 1894 2584 cum

434 2609 581 2649 eadem
612 2625 765 2650 manus
792 2611 1025 2663 jungentes
1057 2615 1099 2651 et
1130 2611 1183 2651 ad
1215 2610 1409 2651 debitum
1441 2611 1672 2664 dirigentes
1704 2625 1892 2665 scopum,

434 2677 631 2717 morbum
672 2678 883 2719 debellare
917 2679 1144 2726 valeamus.
1219 2679 1275 2719 In
1312 2679 1520 2720 vincendo
1560 2679 1704 2733 itaque
1743 2678 1894 2719 morbo

435 2744 632 2784 chronico
647 2745 680 2784 is
695 2745 865 2785 demum
878 2746 974 2799 jure
989 2746 1225 2799 meritoque
1239 2746 1401 2787 Medici
1414 2760 1571 2787 nomen
1587 2746 1666 2787 sibi
1681 2746 1890 2796 vendicat,

436 2823 564 2863 penes
586 2825 707 2863 quem
733 2818 795 2853 cst
827 2814 1034 2866 ejusmodi
1061 2814 1435 2864 medicamentum,
1465 2828 1548 2867 quo
1574 2813 1713 2855 morbi
1738 2814 1892 2866 species

435 2877 565 2929 possit
587 2878 771 2928 destrui3
804 2894 889 2920 non
913 2881 984 2933 qui
1005 2882 1048 2921 id
1069 2886 1239 2922 tantum
1263 2882 1364 2935 agit,
1386 2886 1436 2922 ut
1464 2895 1486 2922 e
1507 2881 1653 2935 primis
1674 2881 1890 2922 secundis-

437 2958 517 2997 que
549 2946 823 2997 qualitatibus
854 2962 962 2988 nova
987 2950 1127 3002 aliqua
1156 2950 1465 3000 introducatur,
1489 2954 1530 2990 et
1558 2949 1707 3004 prioris
1739 2948 1889 2990 subeat
