1985 3308
251 186 328 227 ΟΒ
335 185 776 228 SERVATIONUM
807 183 1183 225 MEDIOARUM
1215 193 1244 226 Ι.
1263 197 1297 233 2,
1313 196 1344 226 3.
1463 186 1518 226 37

64 292 244 334 humani
271 292 436 346 generis
457 291 795 332 emolumentum
823 290 956 340 cedet,
978 290 1054 330 ubi
1078 289 1253 330 tandem
1278 303 1303 329 a
1329 289 1519 342 posteris,
1549 298 1603 327 DE
1620 297 1722 348 {uon-

66 360 219 414 quibus
239 360 455 413 integrum
472 359 816 413 Epidemicorum
837 358 1095 399 curriculum
1109 357 1377 398 venientibus
1399 357 1521 397 annis
1555 340 1709 412 ζῗΜῙῙέιζ

66 426 146 466 sibi
166 426 346 467 invicem
363 426 683 467 succedentium
703 425 862 466 intueri
884 424 1067 475 dabitur,
1084 424 1137 465 ad
1157 424 1407 465 umbilicum
1429 438 1521 478 per-

66 492 259 534 ducetur.

662 664 788 705 CAP.
823 663 921 704 III.i

133 780 374 820 Con-stitutio
395 779 638 832 Epidemz'ca
660 793 857 819 armorum
880 779 1004 829 1661,
1029 778 1154 829 1662,
1179 778 1304 829 1663,
1330 779 1453 828 1664,

698 848 889 887 Londini.

125 963 260 1004 ANNo
279 964 387 1004 1661
404 963 560 1004 Febres
577 963 845 1004 autumnales
863 962 1220 1013 Intermittentes,
1238 976 1344 1015 quae
1361 961 1450 1016 jam
1468 962 1520 1003 ab

67 1031 229 1085 aliquot
248 1036 362 1073 retro
387 1032 509 1072 annis
531 1031 818 1082 obtinuerant,
841 1031 892 1072 de
919 1045 1027 1072 novo
1047 1031 1154 1071 vires
1174 1030 1523 1083 redintegrabant

71 1100 287 1152 (Tertiana
306 1100 552 1153 praesertim
577 1099 677 1139 mali
701 1099 858 1152 moris,)
885 1099 962 1140 sub
987 1099 1110 1140 initio
1133 1099 1159 1139 J
1162 1098 1250 1148 ulii,
1273 1103 1315 1139 et
1337 1098 1524 1151 quotidie

64 1167 434 1217 increbrescenteS,
452 1181 596 1207 mense
617 1167 813 1220 Augusto
828 1181 954 1220 quam
970 1166 1272 1207 immanissime
1294 1165 1525 1206 debaccha-

65 1234 236 1284 bantur,
271 1235 400 1287 inque
440 1235 585 1274 multis
625 1234 740 1284 locis,
774 1234 975 1288 correptis
1007 1235 1093 1275 fere
1127 1233 1305 1286 integris
1340 1233 1523 1283 familiis,

64 1302 294 1343 maximam
333 1302 557 1342 hominum
598 1306 783 1355 stragem
830 1302 1012 1342 edebant
1025 1319 1037 1351 3
1089 1301 1188 1342 dein
1228 1315 1325 1341 vero
1366 1301 1522 1340 sensim

65 1371 366 1421 decrescentes,
408 1370 728 1424 superveniente
763 1370 926 1423 hyemis
967 1370 1122 1423 frigore
1162 1369 1374 1409 extinctae
1408 1373 1521 1419 sunt,

65 1452 293 1493 perpaucos
307 1438 503 1479 Octobris
517 1452 662 1479 mense
676 1452 910 1491 aggressae.
943 1438 1063 1480 Quae
1077 1437 1213 1477 dictae
1226 1436 1449 1477 Tertianae
1462 1436 1522 1476 fa-

64 1506 339 1547 mulabantur
355 1510 650 1560 symptomata,
666 1506 737 1546 illa
750 1505 802 1546 ab
823 1505 1211 1546 Intermittentium
1227 1504 1522 1544 Tertianarum

66 1574 244 1614 aliorum
265 1588 475 1614 annorum
496 1573 803 1627 symptomatis,
817 1573 883 1613 his
904 1573 1151 1626 praesertim
1172 1571 1522 1612 discriminaban-

64 1644 149 1682 tur.
192 1642 325 1695 Aegri
344 1655 618 1695 paroxysmus
640 1641 834 1691 atrocior,
848 1641 997 1693 lingua
1015 1640 1151 1693 magis
1172 1640 1296 1693 nigra
1317 1639 1519 1692 siccaque,
1538 1647 1706 1697 Tertianae

64 1712 183 1749 extra
214 1723 514 1763 paroxysmum
549 1706 753 1763 ἀπυρεξία
785 1708 1012 1758 obscurior,
1048 1707 1202 1747 virium
1234 1711 1276 1747 et
1310 1706 1521 1760 appetitus
1539 1691 1723 1730 hUJusoen’

1541 1733 1716 1763 stitutionis

62 1777 288 1830 prostratio
318 1777 464 1831 major,
486 1777 620 1830 major
640 1776 744 1816 item
772 1776 825 1816 ad
845 1789 1146 1829 paroxysmum
1166 1774 1520 1828 ingeminandum
1539 1776 1582 1824 ab·
1596 1776 1701 1824 Inte?-

63 1843 301 1897 proclivitas
313 1861 325 1894 3
357 1843 501 1884 omnia
531 1843 777 1883 summatim
805 1843 1036 1884 accidentia
1062 1842 1327 1891 immaniora,
1348 1841 1520 1894 ipseque
1538 1823 1716 1891 {3:1¹3ssssssss

63 1910 236 1952 morbus
258 1925 384 1964 quam
411 1925 486 1965 pro
516 1925 632 1951 more
662 1911 863 1951 Febrium
891 1910 1279 1951 Intermittentium
1299 1909 1518 1949 funestior.
1539 1903 1714 1976 gffizrzffia

67 1977 112 2018 Si
133 1978 301 2031 quando
318 1983 456 2019 aetate
475 1978 765 2032 provectioreS,
781 1982 854 2018 aut
869 1978 998 2019 etiam
1013 1978 1270 2018 cachecticos
1285 1976 1519 2026 invasisset,
1715 1968 1723 1976 ’

65 2050 218 2103 quibus
237 2051 394 2103 pariter
407 2064 515 2091 vena
535 2054 649 2090 secta
669 2055 742 2091 aut
759 2051 864 2091 aliae
886 2051 1053 2104 quaevis
1067 2050 1359 2091 evacuationes
1380 2049 1520 2089 minu-

63 2117 197 2159 issent
217 2118 337 2168 w'reS,
359 2132 475 2158 nunc
503 2118 557 2158 ad
578 2117 696 2167 duos,
718 2131 834 2158 nunc
863 2118 916 2157 ad.
943 2122 1028 2158 tres
1053 2131 1220 2157 menses
1249 2116 1518 2170 perdurabat.

71 2185 152 2239 [2.]
191 2185 449 2236 Quartanae,
471 2185 647 2225 rariores
668 2185 780 2235 licet,
802 2185 957 2225 Febres
980 2185 1070 2238 jam
1095 2184 1324 2237 descriptas
1346 2184 1519 2224 comita-

63 2252 245 2304 bantur;
276 2254 466 2307 utrisque
496 2266 593 2293 vero
619 2253 805 2306 primum
834 2252 1010 2293 brumae
1037 2253 1246 2305 impetum
1276 2265 1364 2291 non
1395 2251 1519 2290 susti-

63 2322 280 2371 nentibus,
305 2321 535 2375 (neminem
557 2321 671 2361 enim
693 2326 792 2361 ante
812 2321 1023 2361 intactum
1039 2319 1277 2371 feriebant,)
1296 2318 1521 2359 subsecuta

65 2394 129 2430 est
150 2389 295 2431 Febris
317 2389 544 2439 Continua,
575 2389 626 2429 ab
650 2388 1039 2429 Intermittentium
1060 2387 1373 2428 autumnalium
1395 2387 1520 2438 genio

64 2456 112 2498 in
130 2457 210 2498 hoc
230 2462 402 2498 tantum
429 2457 672 2506 abhorrens,
697 2456 808 2509 quod
829 2456 908 2496 hae
937 2456 1058 2496 statis
1087 2455 1223 2495 solum
1244 2453 1518 2507 temporibus,

64 2526 138 2567 illa
157 2527 426 2568 continenter
446 2525 638 2578 urgebat.
680 2526 853 2565 Etenim
875 2525 1023 2566 eodem
1036 2525 1167 2565 ferme
1188 2524 1313 2565 modo
1327 2528 1520 2577 aegrotos

65 2593 365 2636 adoriebantur
377 2611 388 2644 ς
433 2594 504 2647 qui
534 2593 725 2646 utrisque
764 2593 921 2646 pariter
950 2592 1221 2632 vehementer
1255 2591 1519 2642 laborabant,

63 2662 406 2712 vomitur-iebant,
421 2675 518 2702 cum
538 2660 724 2714 partium
740 2665 1010 2700 externarum
1032 2660 1231 2709 siccitate,
1249 2659 1332 2709 siti,
1349 2659 1520 2711 linguae

64 2728 307 2782 nigredine,
339 2734 382 2770 et
410 2727 634 2769 sudoribus
665 2727 742 2767 sub
774 2727 911 2768 morbi
936 2728 1065 2767 finem
1095 2726 1273 2767 materia
1304 2726 1521 2767 morbifica

63 2794 111 2837 in
129 2797 319 2851 utrisque
339 2796 650 2851 promptissime
671 2795 1046 2835 exterminabatur.
1115 2794 1194 2848 [3.]
1231 2794 1435 2836 Quinimo
1455 2794 1521 2835 vel

64 2861 165 2906 hinc
183 2864 373 2918 liquebat
394 2864 572 2905 Febrem
592 2863 702 2903 hanc
724 2863 777 2903 ad
799 2863 1110 2903 autumnalium
1132 2862 1520 2904 Intermittentium

501 2947 508 2967 ἰ
533 2948 631 2978 Deest
650 2948 707 2977 hoc
722 2957 788 2987 cap.
807 2947 838 2977 in
857 2948 926 2977 edd.
946 2948 1008 2983 ¹66,
1027 2948 1088 2977 ’68.
