1985 3308
374 132 769 175 DISSERTATIO
800 131 1206 173 EPISTOLARIS.
1431 132 1514 173 367

61 239 154 293 quis
185 239 372 281 acerbior
402 252 551 293 aegrae
587 238 777 279 animum
811 237 938 291 paulo
972 241 1200 289 antequam
1235 236 1515 288 corriperetur
1556 249 1608 279 Da
1627 250 1693 279 Ap-

61 307 329 357 discrucians,
353 312 426 348 aut
453 306 654 347 materiae
684 306 825 346 viridis
852 319 926 358 per
955 304 1162 345 vomitum
1193 304 1378 357 rejectio,
1401 318 1511 357 sym·
1532 293 1715 364 ἜΓΟΥΤΜῙΟἿ·

58 378 249 427 ptomata
268 376 351 416 ista
363 374 590 415 Affectioni
610 373 751 427 potius
770 372 1019 427 Hystericae
1037 386 1164 425 quam
1185 371 1417 411 calculosae
1438 370 1511 411 tri·
1530 361 1708 419 mm

57 441 230 483 buenda
260 456 348 483 esse
380 442 612 483 docuerint.
677 442 761 482 Sed
795 455 933 495 neque
964 440 1101 480 vesica
1135 439 1187 479 ab
1224 439 1304 479 hoc
1334 438 1512 492 pseudo·
1530 437 1702 504 ἰᾝιξξιῗξᾶῗῐξ

59 513 342 563 symptomatc
378 515 503 563 atque
534 510 738 551 ementito
773 509 926 550 affectu
956 507 1158 548 immunis
1189 512 1265 557 est,
1298 521 1396 547 cum
1426 520 1514 546 non
1530 515 1611 554 parit
1625 516 1696 555 (sed

58 580 229 618 tantum
255 577 345 630 ipsa
372 578 423 618 ab
451 592 499 619 eo
526 578 677 627 doleat,
700 578 772 618 sed
799 582 841 618 et
866 576 991 617 urina
1017 575 1315 628 supprimatur,
1339 567 1694 630 1)01’111(10ζὲἶιῗῑίζὲἷι

59 657 107 684 ac
134 644 167 684 si
191 645 378 685 calculus
405 659 498 686 cam
523 645 773 695 obstrueret,
798 645 869 698 qui
893 649 1038 685 tamen
1063 643 1206 683 nullus
1232 647 1308 683 est.
1370 642 1686 701 Ra1·is-÷pc39{es‚)‚

59 711 164 753 sime
186 717 330 752 autem
346 713 535 753 cernitur
550 718 763 766 postrema
778 713 881 753 haec
903 712 1060 765 species
1076 711 1255 751 vesicam
1272 710 1487 763 attingens
1500 726 1512 759 3
1530 695 1688 757 ἓξᾶἓῖῑζὶω

59 794 166 833 quae
187 794 284 821 vero
309 794 460 820 renum
489 781 698 821 calculum
726 782 931 830 imitatur,
953 794 1040 820 non
1065 780 1127 820 ita
1151 793 1258 819 raro.
1322 779 1514 832 Utraque
1531 770 1696 842 {sslsstavfflj

59 861 128 888 eas
145 847 250 888 solet
266 848 462 889 invadere
476 848 693 898 foeminas,
712 863 891 902 quarum
908 848 1014 888 viros
1028 847 1218 901 repetitis
1233 860 1354 900 saepo
1366 860 1513 900 parox-
1531 855 1638 895 petitis
1651 856 1719 895 ejus

57 915 188 969 ysmis
207 916 444 970 Hystericis
461 917 551 970 jam
567 916 726 957 fractae
744 921 856 967 sunt,
874 921 916 957 et
939 916 1096 956 sanitas
1118 915 1301 968 corporis
1319 914 1487 954 detrita.
1531 899 1713 984 Ἐῗιῗῖῗῗ·

124 983 231 1037 [68.]
268 984 399 1025 Nunc
433 985 480 1024 in
514 985 797 1025 ventriculum
834 983 1091 1024 decumbens
1127 983 1350 1023 continuas
1386 997 1515 1022 vomi·
1533 996 1682 1026 mitiones

57 1050 196 1092 tiones
232 1052 399 1102 excitat,
436 1066 552 1093 nunc
593 1053 721 1093 etiam
757 1052 1033 1101 diarrlioeam,
1072 1051 1235 1104 quoties
1277 1050 1434 1090 scilicet
1470 1049 1516 1089 in
1533 1043 1716 1112 ffffigag’iar-

58 1117 263 1160 intestina
293 1120 550 1161 effunditur:
596 1125 638 1161 at
669 1124 872 1160 neutrum
901 1120 1055 1160 horum
1087 1122 1422 1172 symptomatum
1453 1132 1514 1158 se·
1532 1123 1671 1161 rhoeam,

59 1187 204 1240 quitur
229 1187 359 1238 dolor,
381 1189 480 1229 licet
507 1189 553 1229 in
577 1194 758 1242 utroque
785 1201 984 1242 persaepe
1014 1191 1254 1240 compareat
1280 1187 1418 1226 dictus
1446 1186 1516 1227 ille
1534 1166 1670 1239 {ffiosrgse

59 1268 208 1295 succus
235 1255 389 1297 viridis.
451 1257 646 1310 Utraque
675 1257 780 1297 haec
802 1256 958 1310 species
986 1255 1036 1295 iis
1067 1254 1285 1295 familiaris
1307 1259 1383 1305 est,
1414 1269 1515 1307 quas
1536 1262 1664 1294 Quibus

56 1322 362 1376 frequentiores
383 1325 622 1378 paroxysmi
644 1325 859 1378 Hysterici
880 1323 1220 1364 debilitaverunt.
1534 1315 1663 1377 {gfftpe‘

76 1423 79 1427 .
123 1391 230 1445 [69.]
258 1393 403 1445 Atque
424 1397 472 1432 ut
489 1393 557 1433 hic
574 1393 746 1433 morbus
767 1406 913 1434 omnes
930 1392 1061 1431 ferme
1081 1395 1222 1444 partes
1238 1389 1428 1430 internas
1450 1389 1513 1429 in-
1534 1398 1643 1429 Partes
1659 1410 1710 1431 ex-

57 1459 196 1511 festat,
212 1460 275 1500 ita
290 1461 419 1501 etiam
435 1475 746 1514 nonnunquam
763 1465 804 1501 et
822 1459 1048 1500 exteriores
1070 1471 1323 1511 carnemque
1344 1471 1512 1497 muscu-
1530 1445 1724 1525 {affixique

56 1530 189 1571 losam
205 1535 396 1584 occupat,
410 1530 615 1584 (maxillas
632 1529 803 1580 scilicet,
812 1529 1024 1578 humeros,
1034 1542 1199 1576 manuS,
1209 1540 1343 1577 crura,
1353 1526 1507 1580 tibias,)
1530 1528 1700 1601 rggllficiull&

1484 1595 1491 1602 .
1632 1582 1641 1600 1
1704 1589 1717 1594 -

55 1613 172 1640 nunc
202 1599 389 1640 dolorem
420 1599 647 1649 adducens,
676 1613 793 1639 nunc
822 1603 1058 1638 tumorem:
1102 1596 1147 1635 in
1178 1610 1261 1649 quo
1297 1609 1451 1648 genere
1481 1610 1516 1636 18
1534 1616 1605 1642 tans
1622 1613 1710 1643 dolo-

58 1665 129 1719 qui
149 1665 275 1706 tibias
297 1665 501 1706 distendit
521 1670 665 1705 tumor
679 1678 779 1718 prae
800 1663 972 1717 reliquis
990 1662 1243 1716 conspicuus
1265 1666 1342 1702 est.
1405 1661 1515 1702 Cum
1533 1657 1720 1728 {ffinffigist-at

58 1732 172 1774 enim
196 1733 243 1773 in
262 1732 590 1787 hydropicorum
617 1731 856 1772 tumoribus
885 1732 968 1772 duo
989 1732 1093 1772 haec
1118 1745 1284 1785 semper
1304 1730 1516 1771 observari
1533 1750 1607 1780 que.

56 1801 232 1854 possint,
253 1805 302 1841 ut
323 1806 466 1841 tumor
486 1801 645 1841 scilicet
667 1800 744 1841 sub
764 1815 982 1854 vesperam
1007 1815 1051 1841 se
1076 1800 1280 1854 majorem
1304 1799 1513 1850 exhibeat,
1533 1793 1721 1868 &2³53ng

57 1872 153 1909 tum
173 1868 302 1909 etiam
322 1873 384 1918 ut,
404 1873 550 1921 pastae
570 1868 704 1908 instar
724 1869 948 1918 madentis,
969 1869 1195 1921 vestigium
1220 1868 1343 1921 djgiti
1364 1867 1515 1908 fortius
1534 1859 1678 1909 tumores

58 1936 251 1989 impressi
275 1936 540 1989 formamque
560 1936 714 1976 referat
726 1953 738 1985 3
765 1936 855 1989 jam
876 1935 920 1975 in
946 1935 1026 1976 hoc
1048 1936 1179 1975 altero
1207 1939 1350 1975 tumor
1376 1938 1514 1975 matu-
1533 1922 1696 2004 ἓξρῑὲζξὴο·

58 2004 151 2045 tino
178 2008 368 2057 tempore
394 2003 738 2057 protuberantior
765 2008 841 2053 est,
863 2016 941 2043 nec
970 2003 1103 2056 digito
1131 2002 1242 2043 cedit
1268 2003 1513 2055 prementis,

59 2078 134 2114 aut
160 2073 382 2126 vestigium
406 2072 543 2112 ullum
570 2076 728 2112 manet.
790 2071 1046 2123 Plerumque
1073 2070 1202 2110 etiam
1227 2069 1431 2110 tibiarum
1457 2070 1514 2109 al-

58 2148 267 2185 terutram
287 2148 456 2184 tantum
478 2143 622 2183 inflat:
656 2142 707 2182 de
729 2145 906 2190 caetero,
930 2140 1015 2180 sive
1036 2139 1376 2193 magnitudinem
1399 2153 1515 2192 spec-

58 2216 136 2262 tes,
173 2211 257 2252 sive
293 2212 422 2252 etiam
463 2210 739 2264 superficiem,
775 2207 1103 2262 hydropicorum
1143 2211 1330 2246 tumores
1366 2206 1427 2246 ita
1461 2206 1514 2246 ad

60 2279 260 2320 amussim
287 2279 538 2328 aemulatur,
562 2282 609 2318 ut
635 2291 783 2330 aegrae
809 2290 852 2316 se
875 2275 991 2315 haud
1017 2275 1139 2315 facilc
1164 2274 1215 2315 ab
1242 2289 1291 2315 ea
1316 2288 1422 2328 quae
1449 2274 1514 2314 in-

60 2347 167 2387 sedit
189 2347 400 2387 sententia
420 2346 621 2387 dimoveri
641 2345 872 2399 patiantur.

124 2414 232 2468 [70.]
273 2414 356 2455 Sed
380 2428 518 2468 neque
538 2414 618 2467 ipsi
642 2414 790 2454 dentes
819 2412 947 2466 (quod
966 2411 1034 2452 vix
1058 2411 1232 2465 credas,)
1261 2411 1313 2451 ab
1338 2411 1514 2465 hujusce
1533 2420 1702 2459 Dentibus,

59 2481 196 2522 morbi
222 2481 384 2522 insultu
412 2495 455 2522 se
481 2486 658 2535 possunt
684 2480 933 2521 defendere:
965 2480 1063 2521 licet
1088 2494 1225 2533 neque
1249 2481 1314 2521 vel
1339 2481 1514 2521 minima
1530 2463 1716 2544 ἷξεῖξςῗῗζὸ

60 2550 228 2600 cavitas,
250 2563 389 2603 neque
413 2549 603 2589 humoris
628 2548 806 2602 alicujus
831 2548 1036 2598 defluxus,
1062 2546 1234 2602 (saltem
1255 2548 1326 2601 qui
1356 2548 1513 2601 percipi
1531 2551 1698 2600 omnique-

60 2619 217 2672 queat,)
252 2617 386 2658 dolori
422 2617 506 2658 sive
541 2631 687 2657 ansam
721 2616 976 2670 praebuerit,
1010 2616 1093 2656 sive
1129 2615 1369 2656 vehiculum
1383 2633 1393 2665 3
1441 2615 1514 2669 qui
1531 2592 1714 2671 ss{g‡†{,¹¹'

57 2687 192 2728 nihilo
213 2688 354 2727 minus
385 2701 463 2727 nec
485 2686 627 2727 mitior
657 2691 732 2736 est,
760 2700 839 2726 nec
861 2685 1127 2735 contractior,
1159 2689 1233 2726 aut
1264 2679 1698 2752 011111ςι13111ξζ1ζῖἒῗ1ῃ

58 2756 232 2798 facilior.
293 2756 373 2797 Isti
400 2770 497 2797 vero
528 2761 622 2797 tum
649 2756 824 2806 dolores,
850 2760 944 2795 tum
974 2760 1174 2806 tumores,
1203 2756 1354 2810 quibus
1386 2755 1513 2798 affici·
1530 2770 1676 2803 pugnata

58 2830 192 2866 untur
217 2829 358 2879 partes
394 2825 621 2866 exteriores
650 2839 753 2878 quas
781 2839 907 2878 supra
933 2825 1270 2877 memoraumus,
1297 2840 1366 2868 eas
1394 2841 1512 2881 prae·
1531 2807 1704 2881 ssfficssssss,

60 2894 180 2948 cipue
202 2895 407 2937 foeminas
429 2894 691 2945 adoriuntur,
710 2909 829 2949 quae,
851 2895 979 2948 longa
994 2909 1341 2950 paroxysmorum
1356 2897 1513 2952 Hyste-
1530 2902 1580 2922 res
1595 2893 1703 2933 affigit.
