1985 3308
244 264 298 294 DE
316 263 391 293 Lm:

221 307 404 336 Vestam.

220 1083 314 1118 atquc
330 1083 375 1108 et-

218 1122 283 1152 iam
299 1131 384 1151 scro-

218 1171 288 1194 tum
305 1165 354 1193 in-

217 1207 362 1237 flamma-

219 1255 297 1280 tuin.

222 1966 404 1996 LmsCox-

222 2018 403 2039 rmMATAE

227 2052 400 2082 Cra-imo.

222 2104 307 2133 Lues
323 2105 406 2134 Con-

220 2146 345 2177 firmata

221 2199 285 2219 non
302 2190 362 2219 nisi

219 2241 276 2271 per
291 2232 406 2262 saliva-

221 2275 339 2304 tionem
357 2276 395 2305 ab

221 2317 368 2357 hydrarg.

223 2366 395 2390 excitatam

222 2408 325 2442 potest
341 2414 393 2433 ex-

223 2445 340 2484 tirpari.

424 145 509 185 318
841 146 1097 186 THOMAE
1131 145 1471 187 SYDENHAM

423 256 618 292 recenter
649 255 838 291 extracto
868 251 1191 304 perungendam
1222 265 1348 301 curo,
1381 250 1532 290 deinde
1564 251 1840 304 emplastrum
1862 265 1884 291 e

423 319 764 372 mucilaginibuS,
783 319 923 359 alutae
946 319 1126 371 agninae
1143 319 1380 368 inductum,
1397 318 1517 358 labiis
1532 319 1740 372 praeputii
1754 319 1883 359 tumi-

424 389 487 428 dis
518 387 940 441 circumponendum.
1004 386 1131 428 Quod
1156 386 1190 425 si
1219 386 1340 425 ulcus
1360 385 1425 425 vel
1448 385 1495 424 in
1518 385 1648 439 ipsius
1674 386 1885 439 praeputii

422 457 555 507 labiis,
578 457 642 497 vel
663 457 708 496 in
735 456 926 509 subjecta
947 455 1113 507 glande,
1135 454 1327 503 haerens,
1351 467 1427 493 sua
1453 453 1684 494 callositate
1704 454 1804 494 facit
1834 461 1884 496 ut

422 525 528 565 illud
549 539 636 565 non
657 524 739 564 nisi
764 537 887 576 aegre
908 522 1039 575 possit
1061 521 1232 570 retrahi,
1254 526 1422 573 praeter
1441 521 1579 561 fotum
1596 522 1687 575 jam
1708 522 1883 573 dictum,

424 606 604 646 sequens
625 592 753 632 etiam
772 590 1045 630 linimentum
1066 587 1305 642 praescribo
1321 605 1388 629 :—

426 698 557 739 [Form.
576 697 668 738 64.]‘
704 694 743 738 R
774 695 954 740 Unguenti
975 694 1118 728 Basilici
1137 693 1319 727 drachmas
1335 705 1409 735 sex,

725 741 729 745 A
776 753 959 796 Unguenti
978 763 996 785 e
1013 751 1203 784 Nicotiana
1221 751 1404 785 drachmas
1421 750 1519 793 duas,

775 809 1002 853 Praecipitati
1039 808 1187 849 [Rubri]
1226 809 1326 853 Aqua
1359 808 1531 842 Rosarum
1564 809 1639 851 loti,
1678 816 1713 844 et
1754 812 1884 856 optime

820 866 998 910 laevigati,
1014 865 1304 899 semidrachmam
1320 878 1328 906 ;

611 925 742 964 Misce3
768 923 830 957 fiat
847 923 1081 963 linimentum,
1099 934 1168 967 quo
1184 923 1284 956 lintei
1305 934 1425 956 rasura
1441 923 1632 966 imbuatur,
1649 930 1686 958 et
1705 924 1884 959 ulcusculo

608 981 834 1016 admoveatur
851 991 984 1025 semper
999 986 1077 1025 post
1093 980 1184 1013 fotus
1199 981 1401 1025 praescripti
1417 992 1529 1014 usum.

488 1073 596 1128 [23]
636 1072 724 1114 Ubi
743 1086 854 1122 vero,
878 1071 962 1112 sive
985 1071 1098 1125 quod
1123 1071 1241 1125 justo
1269 1071 1479 1112 maturius
1502 1071 1780 1113 Gonorrhoea
1809 1073 1883 1114 sis-

423 1145 554 1192 tatur,
577 1141 660 1182 sive
694 1140 745 1181 ab
777 1139 974 1181 exercitio
1000 1138 1319 1189 vehementiori,
1348 1144 1421 1179 aut
1447 1139 1528 1179 alia
1553 1153 1804 1194 quacunque
1832 1141 1884 1181 de

425 1224 564 1260 causa,
587 1213 775 1249 scrotum
796 1208 887 1261 jam
907 1206 1046 1248 morbi
1067 1206 1186 1247 sedes
1208 1206 1260 1247 ab
1282 1207 1430 1247 eadem
1455 1207 1500 1247 in
1520 1212 1735 1248 tumorem
1753 1207 1883 1261 insig-

424 1278 588 1318 niorem
614 1276 836 1326 attollitur,
859 1275 1124 1329 praedictum
1149 1275 1289 1316 fotum
1314 1275 1379 1316 bis
1409 1275 1455 1316 in
1483 1275 1549 1316 die
1573 1276 1685 1329 parti
1708 1276 1884 1318 affectae

424 1346 637 1395 admoveo,
659 1344 786 1385 modo
807 1358 896 1384 non
916 1343 1228 1383 imminuantur
1249 1349 1291 1383 et
1313 1343 1432 1384 dolor
1453 1348 1494 1384 et
1515 1349 1659 1384 tumor
1679 1344 1882 1398 cataplas-

422 1420 537 1454 mate
556 1413 684 1466 vulgo
710 1417 814 1452 noto
836 1426 886 1452 ex
907 1416 1105 1465 oxycrato
1137 1416 1178 1451 et
1199 1411 1336 1451 farina
1362 1411 1570 1451 fabarum.
1633 1411 1752 1452 Haec
1781 1412 1883 1452 dum

422 1482 534 1522 foras
565 1486 841 1534 peraguntur,
871 1493 960 1519 non
991 1478 1136 1519 desino
1166 1479 1362 1518 remediis
1397 1484 1439 1519 et
1473 1479 1715 1519 catharticis
1745 1484 1788 1520 et
1817 1494 1884 1521 re-
1919 1509 1922 1512 -

421 1547 737 1602 frigerantibus,
761 1552 898 1600 quaeu
926 1546 1052 1586 modo
1075 1546 1434 1599 praescripsimus,
1456 1546 1766 1600 introsumptis,
1788 1553 1884 1588 tum

424 1617 553 1657 ctiam
584 1616 722 1656 diaeta
753 1614 1006 1668 supradicta,
1029 1614 1196 1654 hostem
1226 1628 1378 1667 urgere
1394 1631 1406 1664 3
1438 1628 1577 1668 neque
1607 1614 1713 1654 mihi
1738 1615 1887 1668 religio

424 1691 500 1736 est,
519 1685 663 1738 quovis
683 1684 860 1737 hujusce
875 1693 892 1710 Χ
909 1683 1010 1723 mali
1030 1688 1221 1736 tempore
1243 1682 1462 1736 sanguinis
1483 1683 1630 1723 uncias
1651 1698 1804 1724 novem
1823 1684 1888 1725 vel

423 1753 568 1794 decem
597 1768 619 1794 e
639 1752 812 1793 brachio
840 1752 921 1792 isto
953 1751 1174 1792 detrahere
1197 1751 1309 1804 quod
1336 1751 1533 1792 testiculo
1564 1752 1797 1793 tumefacto
1821 1767 1886 1794 re-

423 1822 617 1876 spondet,
642 1821 676 1861 si
703 1820 882 1861 tumoris
907 1819 1159 1872 magnitudo
1188 1824 1229 1859 et
1251 1819 1519 1860 vehementia
1541 1819 1695 1860 doloris
1719 1819 1763 1860 id
1783 1820 1888 1861 mihi

425 1890 646 1930 suadeant.
707 1889 851 1941 Atque
872 1888 976 1927 haec
996 1888 1204 1927 hactenus
1227 1887 1277 1927 de
1301 1887 1591 1928 Gonorrhoea.

490 1957 597 2011 [Q]
628 1957 736 1997 Cum
753 1970 852 1996 vero
874 1969 1059 2008 eousque
1080 1954 1305 1994 invaluerit
1327 1954 1514 2005 morbus,
1532 1961 1582 1995 ut
1598 1955 1689 2009 jam
1710 1956 1888 1997 Venerea

423 2026 543 2075 Lues,
561 2025 627 2065 vel
646 2025 755 2064 Lues
780 2023 1042 2075 Confirmata,
1063 2023 1250 2076 praecise
1272 2022 1355 2062 dici
1373 2028 1601 2074 mereatur,
1617 2024 1697 2064 alia
1712 2025 1887 2066 omnino

424 2099 547 2147 porta
583 2091 823 2146 quaerenda
864 2097 940 2141 est,
978 2096 1019 2131 et
1057 2090 1217 2131 duriori
1255 2090 1353 2131 huic
1386 2091 1498 2132 nodo
1538 2105 1699 2132 cuneus
1738 2092 1887 2133 itidem

425 2161 569 2201 durior
590 2166 652 2200 est
682 2159 947 2200 adhibendus
960 2175 971 2208 3
1005 2158 1348 2212 quandoquidem
1379 2159 1546 2199 nullum
1568 2159 1706 2200 adhuc
1727 2160 1886 2213 experi-

424 2234 620 2269 mentum
648 2227 777 2281 (quod
799 2227 957 2280 sciam,)
983 2226 1138 2267 adferri
1168 2226 1299 2280 possit
1321 2226 1518 2280 extirpati
1537 2227 1713 2281 hujusce
1734 2227 1884 2279 morbi,

424 2295 505 2336 nisi
535 2310 610 2349 per
631 2294 921 2335 salivationem
953 2293 1005 2334 ab
1026 2293 1290 2348 hydrargyro
1312 2294 1550 2345 excitatam,
1575 2295 1776 2349 quicquid
1795 2302 1886 2336 tam

426 2364 648 2404 doctorum
671 2362 883 2411 nonnulli,
906 2376 1033 2415 quam
1054 2361 1337 2411 indoctorum,
1361 2360 1412 2402 de
1433 2361 1523 2401 aliis
1552 2363 1731 2403 sanandi
1749 2363 1886 2404 modis

425 2432 526 2473 satis
556 2438 717 2472 temere
743 2436 785 2471 et
817 2429 1019 2470 audacter
1050 2428 1322 2468 effntiverint.
1386 2428 1494 2468 Cum
1522 2428 1666 2482 itaque
1697 2429 1885 2471 salivatio

425 2514 596 2540 omnem
625 2499 694 2539 hic
715 2511 945 2538 numerum
971 2495 1171 2545 absolvat,
1194 2495 1238 2534 id
1265 2500 1437 2535 tantum
1466 2495 1571 2535 mihi
1591 2495 1813 2548 incumbit,
1835 2502 1885 2538 ut

425 2582 531 2621 quae
549 2568 593 2607 in
614 2581 663 2607 ca
675 2572 795 2607 tffluy
817 2564 1051 2614 excitanda,
1065 2569 1160 2604 tum
1182 2562 1311 2603 etiam
1326 2563 1526 2615 regenda,
1549 2568 1591 2604 et
1606 2563 1715 2605 ratio
1734 2564 1884 2618 (qualis

426 2635 558 2688 qualis
581 2648 629 2674 ea
650 2633 823 2674 demum
843 2631 1001 2685 fuerit,)
1027 2636 1069 2671 et
1092 2630 1327 2671 observatio
1352 2630 1508 2672 rationi
1529 2631 1761 2686 suffragata
1780 2633 1886 2673 mihi

427 2701 690 2750 dictaverint,
714 2699 954 2740 edisseram.

491 2768 599 2821 [25]
638 2768 693 2807 In
725 2765 930 2820 principio
968 2770 1111 2806 autem
1148 2780 1202 2806 nc
1235 2766 1480 2820 conjectura
1513 2767 1683 2821 quidem
1719 2769 1884 2823 assequi

470 2884 476 2898 ³
503 2882 550 2911 Cf.
567 2881 654 2911 form.
676 2882 745 2911 ⁸226.
1224 2885 1235 2897 ¹
1261 2881 1383 2920 hujusce
1402 2880 1490 2920 mali]
1509 2884 1602 2911 morbi
1619 2882 1664 2912 cd.
1685 2885 1745 2912 '80-

471 2929 482 2940 ¹·
514 2936 581 2962 lum·
600 2927 680 2953 ‚mulo
692 2924 847 2962 panset-j]
866 2934 925 2953 oin.
945 2923 991 2954 ed.
1011 2926 1072 2953 '8st
1221 2932 1230 2950 .=
1260 2923 1338 2962 tum]
1357 2924 1401 2953 sic
1419 2924 1466 2953 ed.
1484 2926 1546 2959 ΠΨ),
1564 2935 1624 2956 om.
1643 2925 1688 2955 ed.
1709 2927 1771 2955 ’δῶ
