1985 3308
436 137 727 180 EPISTOLA
758 137 793 178 I.
829 136 1260 177 RESPONSORIA.
1492 138 1576 179 279

118 247 291 288 fortiore
327 244 619 300 superabitur3
661 248 704 285 et
748 257 855 297 quae
886 243 988 283 alias
1020 256 1195 295 aegrum
1225 242 1272 282 in
1302 242 1575 283 manifestum
1595 252 1648 282 Da
1660 251 1776 283 Mona.

117 315 229 356 vitae
260 314 485 355 discrimen
515 312 724 367 conjiciet,
751 310 935 352 eundem
964 309 1361 364 impraesentiarum
1389 309 1441 351 ab
1476 311 1576 351 Orci
1610 295 1762 369 Εξξᾜζ·

117 383 311 423 faucibus
328 381 540 422 liberabit.

183 451 292 505 [10.]
329 451 473 503 Atque
495 449 541 489 hi
571 452 671 489 sunt
692 447 829 489 morbi
852 447 936 498 isti,
960 447 1032 501 qui
1059 447 1140 488 hoc
1171 461 1284 488 anno
1314 446 1575 501 populaban-
1623 459 1750 488 Axxus

116 523 202 569 tur,
218 518 348 559 iidem
370 518 527 559 scilicet
553 518 616 570 (ut
633 517 723 571 jam
742 516 895 567 innui,)
917 529 1015 556 cum
1035 514 1194 556 morbis
1210 515 1343 555 trium
1365 529 1576 556 annorum
1635 505 1750 542 1⁶77·

117 586 474 640 praecedentium.
517 585 674 626 Quales
695 588 838 625 autem
858 583 1018 624 fuerint
1035 583 1107 637 qui
1128 597 1291 623 annum
1312 587 1573 636 sequentem,
1593 574 1746 649 ‘ssssnsffgo

118 653 312 694 xidelicet
342 655 466 703 1677,
488 653 809 703 funestavcrint,
831 665 920 692 non
949 651 1085 692 habeo
1106 651 1258 692 dicere.
1321 651 1431 691 Cum
1460 650 1575 691 enim
1593 660 1673 708 pede
1688 671 1779 700 prae-

117 721 415 763 molestissimo
437 721 657 774 sanguinis
677 720 824 770 mictu,
847 734 872 760 a
891 723 1012 760 motu
1040 719 1107 760 vel
1126 718 1349 770 levissimo,
1372 718 1450 759 sub
1473 718 1576 760 anni
1593 704 1753 785 {fffifgffr'

118 790 242 831 initio
273 790 383 830 male
413 790 641 839 multarer;
677 801 816 842 neque
845 788 906 828 ita
937 787 1009 828 diu
1039 791 1186 841 postea
1214 787 1402 841 podagra
1431 787 1573 837 etiam,
1593 788 1753 836 1¹3tegr111¹¹

120 872 228 912 quae
259 872 347 899 non
384 858 474 912 jam
511 862 601 898 tam
642 861 759 898 artus
796 870 923 910 quam
953 855 1113 896 viscera
1154 856 1394 896 saevissimo
1433 855 1575 896 dolore
1593 832 1786 903 3ἓίἷῇἶῖ-

119 926 398 976 excruciabat,
428 925 726 966 accedentibus
756 924 929 978 insuper
958 924 1111 964 virium
1143 928 1185 964 et
1216 924 1428 977 appetitus
1459 938 1575 977 pros-
1593 917 1782 947 tu‘finffl'ius·

118 995 315 1044 tratione,
353 1007 525 1034 crurum
564 998 744 1042 tumore,
778 992 953 1045 aliisque
985 992 1279 1046 symptomatis
1314 1006 1402 1033 non
1434 992 1576 1032 minus

119 1061 360 1115 periculosis
376 1078 387 1112 3
424 1062 578 1114 (quom,
601 1060 636 1101 si
663 1065 757 1100 tum
787 1060 941 1100 fuerim
963 1059 1189 1110 extinctus,
1212 1073 1325 1100 mors
1357 1064 1468 1100 certe
1489 1074 1577 1100 non

119 1135 209 1170 tam
240 1143 265 1170 a
290 1129 425 1179 bonis,
453 1143 580 1182 quam
611 1142 636 1168 a
665 1128 800 1178 malis,
829 1127 1115 1177 abstraxisset,
1143 1127 1260 1167 haud
1288 1128 1482 1181 equidem
1507 1115 1576 1168 'rc-

118 1202 383 1251 pugnantem
397 1197 424 1249 ς)
450 1210 518 1236 me
540 1196 654 1237 domi
668 1209 786 1236 meae
804 1195 857 1236 ad
873 1209 1038 1236 menses
1052 1200 1138 1235 tres
1160 1195 1393 1246 continere,
1409 1196 1575 1245 deinde,

118 1264 473 1318 redintegrandae
502 1263 696 1304 sanitatis
721 1278 859 1313 causa,
888 1277 963 1316 per
986 1263 1100 1303 idem
1129 1263 1216 1304 fere
1242 1264 1427 1317 spatium
1451 1264 1577 1305 rusti-

120 1332 206 1373 cari
236 1332 430 1385 cogebar.
490 1332 716 1371 Autumno
736 1344 928 1370 reversus
951 1330 1004 1370 ad
1025 1344 1154 1379 meOS,
1179 1331 1334 1372 Febres
1357 1332 1577 1372 Intermit-

117 1403 258 1440 tentes
288 1399 389 1439 hinc
418 1398 519 1439 inde
549 1412 711 1452 sparsas
743 1412 833 1438 esse
868 1398 1063 1451 (quarum
1091 1403 1237 1438 tamen
1267 1413 1363 1452 pars
1395 1400 1579 1440 maxima

118 1482 266 1521 aegros
287 1482 375 1509 non
395 1468 441 1508 in
462 1467 580 1508 Urbe
600 1468 786 1521 primum
801 1467 1041 1520 invaserat,)
1063 1467 1114 1507 ab
1138 1467 1282 1508 amicis
1304 1467 1430 1508 didici
1447 1485 1459 1518 3
1481 1483 1579 1509 cum

117 1541 263 1578 autem
292 1536 398 1576 mihi
425 1550 500 1590 per
526 1536 814 1576 valetudinem
841 1550 930 1576 non
956 1535 1102 1575 liceret
1134 1549 1280 1589 aegros
1311 1535 1502 1588 invisere,
1526 1537 1577 1578 de

119 1604 198 1646 hoc
219 1619 333 1645 anno
352 1604 461 1644 nihil
481 1604 633 1644 melius
655 1604 824 1644 silentio
844 1617 1017 1657 possum
1039 1603 1216 1644 adferre.

175 1673 283 1727 [11.]
322 1672 510 1713 Proximi
531 1672 646 1722 anni,
660 1672 855 1712 videlicet
879 1672 1003 1722 1678,
1023 1671 1285 1713 Constitutio
1305 1687 1476 1726 prorsus
1496 1673 1575 1713 im·
1625 1683 1751 1715 Axxus

117 1745 286 1781 mutata
315 1739 522 1781 Febribus
549 1739 945 1781 Intermittentibus
975 1740 1097 1793 (quae
1124 1741 1214 1794 jam
1236 1740 1289 1781 ab
1311 1755 1424 1782 anno
1448 1742 1573 1792 1664,
1632 1730 1747 1768 1678.

119 1808 173 1849 ad
193 1808 397 1849 tredecim
419 1808 576 1849 scih'cet
603 1822 750 1858 annos,
774 1807 894 1848 Urbe
923 1808 1011 1849 fere
1042 1809 1326 1860 exulaverant,
1349 1809 1432 1850 nisi
1463 1809 1574 1863 quod
1594 1793 1690 1822 Anno
1707 1794 1758 1825 ⁵⁷8

1594 1834 1711 1865 Febres
1724 1837 1780 1866 In-

118 1877 348 1918 nonnullos
369 1876 585 1930 sporadice
612 1880 879 1929 occuparent,
901 1877 967 1917 vel
988 1890 1039 1917 ex
1060 1877 1171 1930 agris
1191 1877 1300 1918 forte
1322 1877 1574 1919 comitaren-
1593 1878 1774 1960 ξξζῑὲῑέῗξ

118 1946 220 1996 tur,)
256 1958 390 1998 usque
431 1944 534 1984 adeo
568 1943 750 1994 favebat,
781 1947 831 1984 ut
861 1944 1132 1998 Epidemicae
1165 1959 1312 1986 rursus
1347 1947 1546 1988 audirent
1562 1963 1573 1998 3
1594 1973 1781 1994 annosexu.

117 2027 257 2067 neque
279 2027 378 2054 eum
393 2017 564 2053 tantum
582 2012 762 2065 gradum
777 2012 903 2052 hodie
919 2017 1110 2063 tuentur,
1133 2013 1237 2066 quin
1259 2018 1301 2054 et
1321 2014 1427 2055 fines
1447 2015 1575 2056 latius
1593 2005 1780 2079 ᾌῗίἑξὲξὶή·

118 2082 346 2136 proferent,
384 2081 517 2121 donec
551 2080 655 2121 haec
688 2094 712 2120 a
752 2094 835 2133 qua
868 2080 1057 2134 pendent
1093 2081 1203 2121 ae'ris
1236 2080 1420 2125 διάθεσις
1454 2097 1574 2124 suam
1593 2100 1703 2138 rursus
1722 2102 1780 2122 au-

119 2148 256 2202 ἀκμήν
282 2149 486 2203 attigerit.
549 2147 879 2190 Quantumlibet
901 2152 1045 2189 autem
1068 2147 1206 2189 dictae
1233 2148 1575 2192 Intermittentes
1595 2133 1694 2164 [hunt.

117 2218 332 2272 pauciores
366 2216 526 2270 aliquot
562 2216 692 2257 etiam
727 2220 917 2269 tempore
949 2229 1077 2256 verno
1111 2215 1272 2257 fuerint
1308 2217 1491 2269 adortae,
1526 2233 1575 2260 eo
1595 2235 1724 2277 Hyeme

118 2299 252 2340 usque
291 2290 438 2326 tamen
478 2288 659 2324 exeunte
701 2287 860 2324 aestate
901 2288 944 2324 et
975 2287 1185 2324 autumno
1221 2284 1431 2326 subeunte
1475 2300 1575 2340 prae
1593 2280 1774 2355 ξᾶᾖξέἒέξξές

119 2354 295 2395 caeteris
316 2351 571 2402 saeviebant,
593 2356 642 2392 ut
663 2351 770 2392 nulli
792 2351 972 2405 amplius
993 2351 1142 2393 morbo
1162 2351 1393 2404 Epidemicz·
1418 2368 1573 2395 nomen
1594 2364 1732 2396 Variolis

117 2421 420 2475 relinquerent.
483 2420 651 2474 Hyeme
696 2433 793 2460 vero
840 2419 1062 2472 paululum
1102 2419 1346 2461 fatiscentes
1392 2421 1574 2463 Variolis
1592 2407 1781 2489 {leisssffiim-

118 2489 259 2530 locum
303 2488 523 2538 cedebant,
566 2492 692 2541 atque
734 2487 825 2528 aliis
874 2487 1047 2541 insuper
1087 2488 1356 2541 Epidemicis‚
1389 2490 1460 2543 qui
1501 2505 1575 2544 per
1594 2493 1679 2564 gotis
1697 2494 1779 2543 Epi-

1616 2546 1726 2567 emlcls

119 2557 262 2598 omnia
289 2556 632 2607 dominabantur,
656 2557 788 2597 donec
811 2556 1206 2597 Intermittentibus
1227 2562 1326 2610 apta
1346 2563 1574 2612 tempestas
1593 2577 1699 2609 locum
1718 2590 1768 2611 ce—

117 2625 164 2665 in
185 2624 330 2666 orbem
353 2624 519 2665 rediret.
1594 2621 1719 2653 debant.

1595 2678 1795 2712 olims->uar-

183 2692 290 2747 [12]
331 2692 416 2733 Sed
442 2697 491 2733 ut
519 2693 609 2746 jam
643 2691 869 2732 edisseram
899 2705 1005 2744 quae
1037 2691 1088 2732 de
1119 2691 1272 2732 harum
1300 2693 1499 2735 Febrium
1532 2699 1574 2736 et
1594 2726 1686 2753 tanae
1702 2724 1764 2754 sre-

117 2765 273 2802 natura
287 2765 330 2801 et
346 2760 482 2801 causis
503 2760 650 2800 sedula
671 2759 963 2800 observatione
985 2764 1201 2800 assecutus
1224 2775 1341 2801 sum:
1367 2761 1574 2816 imprimis
1595 2767 1745 2804 quentins

115 2829 355 2870 notandum
376 2834 453 2879 est,
477 2828 602 2883 quod,
624 2828 723 2869 licet
744 2828 845 2868 olim
867 2827 1114 2869 Quartanae
1134 2828 1398 2882 frequentius
1430 2845 1572 2872 occur-
1593 2817 1778 2887 ffiffisffinc

117 2902 273 2949 rerent,
296 2911 411 2938 nunc
443 2896 608 2938 dierum
635 2901 709 2937 aut
739 2895 965 2937 Tei-tianae
997 2901 1132 2946 erant,
1156 2902 1229 2938 aut
1265 2897 1552 2941 Quotidianae
1559 2918 1570 2951 3
1590 2892 1779 2968 {icerfflssgg't

1760 2961 1768 2974 ‚
