1985 3308
300 127 823 172 OBSERVATIONUM
855 128 1232 172 MEDICARUM
1266 141 1296 174 1.
1323 145 1354 174 5.

1503 131 1557 172 67

106 248 310 288 generum
326 234 720 276 Intermittentibus
741 238 828 275 tam
852 236 1020 289 egregie
1033 236 1148 286 favit,
1165 251 1268 290 quas
1288 240 1383 277 tum
1404 235 1455 276 de
1475 236 1558 276 illis
1601 247 1738 277 Faenus

103 303 185 343 feci
197 303 508 344 observationes
521 302 638 343 haud
650 302 936 356 indiligentes,
944 303 1014 352 hic
1026 304 1280 357 impertiam.
1309 303 1478 343 Addam
1491 304 1556 344 in-

104 383 229 424 super
250 375 292 410 et
313 384 420 423 quae
441 370 492 411 de
512 370 657 424 paucis
683 369 765 409 illis
787 369 1182 411 Intermittentibus
1203 370 1426 421 observari,
1450 384 1556 423 quae

103 436 156 477 ab
187 437 260 477 illo
287 437 484 490 deinceps
513 441 704 490 tempore
735 436 950 490 sporadice
980 438 1266 491 contigerunt,
1299 451 1382 492 quo
1413 438 1556 478 minus

103 504 304 544 orationis
339 505 472 554 filum,
508 504 826 557 insequentium
857 503 1055 559 deinceps
1088 519 1300 546 annorum
1334 505 1556 546 historiam

102 571 433 625 complectentiS,
456 585 582 624 cogar
601 571 866 612 intercidere.

102 699 217 739 puerili
233 704 333 730 aetate
356 700 547 730 constitutus
570 700 611 730 sit
631 709 733 738 aeger,
751 699 800 729 vel

101 742 199 772 etiam
217 747 350 772 aetatem
365 747 508 782 vegetam
525 743 704 772 excesserit.
733 742 799 772 Tu-

102 793 173 814 mor
184 784 239 824 qui
255 785 398 824 puerulis
415 784 538 820 accidit,
552 784 712 824 imprimis
723 795 800 814 ven-

102 827 201 856 trium
221 831 286 862 est;
322 827 377 866 qui
400 827 585 857 hominibus
609 827 720 856 aetatis
743 827 800 856 flo-

102 878 171 898 rem
194 869 338 907 egressis,
362 869 538 909 plerunque
563 869 658 909 pedes
684 869 798 909 primo,

102 911 183 941 forte
199 911 294 941 etiam
307 917 431 941 ventres
446 911 604 951 deinceps,
618 912 744 951 quando
760 912 799 941 ad

102 953 279 994 hydropem
296 954 407 993 vergit,
425 959 569 993 occupat.

147 997 166 1011 “
178 996 334 1033 Secundo,
347 1001 384 1026 ut
395 996 433 1026 de
445 1006 480 1026 eo
493 1006 584 1035 porro
594 995 674 1025 inter
685 995 800 1025 Febres

103 1037 287 1068 discrimine
304 1038 482 1078 loquamur,
500 1038 583 1077 quod
603 1048 641 1067 ex
657 1048 799 1077 quorun-

103 1079 177 1109 dam
188 1090 344 1110 annorum
361 1081 399 1110 ab
415 1080 485 1109 aliis
502 1080 677 1110 differentia
689 1081 799 1117 oritur,

101 1122 299 1162 proindeque
315 1123 352 1152 de
373 1122 505 1152 medelis
527 1123 565 1152 ad
580 1123 665 1162 ipsas
687 1132 723 1152 eo
743 1132 800 1152 no-

102 1164 188 1194 mine
208 1165 458 1204 pertinentibus:
482 1165 657 1194 notandum
679 1169 726 1194 est
741 1165 802 1194 dif-

101 1205 252 1236 ferentiae
277 1206 365 1236 illius
391 1208 472 1236 inter
494 1207 591 1236 unius
618 1211 648 1236 et
669 1206 800 1237 alterius

102 1249 177 1279 anni
201 1249 318 1279 Febres
341 1250 498 1279 rationem
522 1249 589 1278 dari
613 1258 739 1288 semper
762 1260 800 1279 ex

102 1291 207 1321 causis
230 1292 408 1321 manifestis
430 1301 493 1321 non
516 1301 626 1331 posse;
655 1291 798 1330 quando-

102 1333 231 1373 quidem
261 1344 354 1374 saepe
380 1334 425 1369 fit,
448 1338 486 1363 ut
511 1343 596 1363 unus
627 1343 729 1363 annus
760 1334 800 1364 sit

102 1376 308 1416 epidemicus,
337 1386 401 1406 non
432 1376 535 1415 quoad
566 1381 686 1415 pestem
716 1376 800 1406 duna

102 1422 198 1454 taxat,
215 1419 270 1448 sed
293 1419 388 1448 etiam
405 1419 509 1457 quoad
526 1418 652 1455 Febres,
674 1419 799 1448 nonnisi

101 1461 302 1500 malignitate
319 1460 477 1491 ordinaria
499 1461 651 1496 minaces,
670 1461 726 1490 ubi
745 1471 796 1491 ra-

102 1503 221 1533 tionem
237 1503 400 1543 assignare
420 1513 484 1532 non
499 1513 669 1543 possumus
685 1513 723 1532 ex
739 1503 798 1533 ali-

102 1550 283 1576 mentorum
305 1546 392 1582 vitio,
407 1556 511 1585 neque
534 1555 573 1575 ex
596 1545 800 1576 inferioribus

102 1587 358 1618 exhalationibus
379 1589 413 1618 in
436 1589 507 1618 a'e're
529 1588 798 1627 putrescentibus,

101 1639 204 1670 neque
229 1641 268 1661 ex
297 1635 478 1671 temporum
508 1634 800 1670 tempestatumque

101 1671 287 1703 inordinatis
317 1677 412 1713 atque
442 1673 664 1712 inaequalibus
690 1679 798 1703 muta-

48 1730 50 1732 ·
100 1714 250 1753 tionibus,
267 1716 300 1746 in
322 1716 461 1746 calidum
486 1719 516 1745 et
539 1715 711 1745 humidum
727 1726 797 1745 ver-

101 1758 270 1797 gentibus;
309 1758 364 1788 sed
400 1758 496 1788 istam
528 1758 797 1795 constitutionem,

101 1809 222 1836 caecae,
237 1800 406 1840 malignae,
426 1806 456 1830 et
479 1799 696 1840 inexplicabili
717 1801 799 1830 a'eris

100 1843 251 1882 perniciei
274 1843 364 1872 nobis
391 1843 539 1872 inimicae
562 1842 703 1873 sobolem
730 1853 798 1874 esse

101 1884 254 1915 hactenus
270 1885 360 1915 fateri
377 1885 530 1925 cogimur.

146 1927 282 1967 “Atque
295 1928 341 1957 uti
354 1927 444 1957 nulla
454 1927 521 1957 dari
532 1927 612 1957 ratio
624 1931 728 1967 potest
737 1928 797 1957 dif-

101 1969 252 1999 ferentiae
275 1970 357 1999 inter
388 1969 483 1999 unius
513 1974 543 1999 et
569 1969 700 1999 alterius
724 1971 798 2000 anni

104 2011 229 2047 Febrcs,
254 2012 298 2041 sic
326 2022 382 2041 nee
409 2011 476 2041 ulla
500 2011 567 2040 dari
589 2016 693 2051 potest
716 2012 799 2042 circa

101 2054 300 2093 prognostica
332 2054 369 2083 de
400 2053 560 2093 sequentis
594 2054 693 2093 partis
723 2055 799 2084 anni

102 2096 296 2132 salubritate,
322 2096 370 2126 vel
393 2096 624 2131 insalubritate,
648 2106 686 2125 ex
710 2106 795 2125 com-

101 2139 195 2168 moda
211 2139 260 2168 vel
277 2138 477 2168 incommoda
500 2138 684 2177 praeteritae
700 2139 798 2178 partis

101 2181 263 2221 temperie,
295 2181 450 2211 instituta.
508 2180 650 2220 Hyemes
681 2180 799 2220 quippe

101 2233 256 2253 annorum
273 2224 353 2253 1662
366 2228 396 2253 et
411 2224 502 2258 1663,
517 2233 651 2261 (1113111111
665 2223 796 2252 alteram

101 2266 140 2295 ob
160 2265 362 2296 clementiam
383 2270 509 2295 tantum
532 2275 594 2295 non
616 2270 797 2304 praeterna-

101 2308 246 2344 turalem,
260 2308 391 2338 alteram
405 2318 477 2337 vero
489 2307 528 2336 ob
540 2307 688 2345 rigorem,
703 2307 798 2337 mira-

101 2350 216 2380 bantur
241 2360 361 2386 omneS,
383 2350 524 2379 salubres
547 2350 720 2379 admodum
743 2360 795 2380 ae-

101 2397 198 2423 states
213 2398 243 2423 et
259 2393 406 2423 autumni
423 2393 708 2431 consequebantur.

145 2438 164 2452 “
177 2435 247 2475 Ego
262 2436 295 2465 in
316 2445 388 2465 mea
404 2435 494 2475 praxi
511 2435 604 2464 hasce
621 2435 699 2464 duas
716 2435 798 2464 dun-

101 2481 189 2507 taxat
200 2478 433 2508 observationes
445 2478 482 2507 ‹le
494 2477 704 2516 prognosticis
717 2478 796 2517 cepi,

100 2530 180 2559 quae
201 2520 325 2550 institui
348 2526 489 2559 tempore
512 2520 631 2549 aestivo
653 2526 797 2559 possunt,

99 2564 180 2592 sitne
191 2568 366 2592 autumnus
374 2562 540 2602 proximus
550 2561 669 2602 (quoad
683 2562 798 2592 Febres

101 2604 197 2645 dico,)
217 2605 351 2635 salubris
367 2606 505 2640 futurus,
522 2615 562 2634 an
578 2605 685 2634 minus
700 2605 781 2635 talis.

143 2649 162 2663 ‘⁵
175 2649 200 2677 1.
226 2648 412 2681 Observavi,
429 2647 513 2686 quod
525 2647 652 2686 quando
670 2647 797 2684 Febres,

100 2689 164 2719 sive
174 2690 431 2726 Continuae,sive
440 2689 795 2729 InteriiiitteiiteS‚prae-

99 2738 222 2762 mature
249 2738 472 2772 apparuerunt,
498 2732 548 2769 (ut
573 2732 656 2761 circa
679 2732 797 2761 festum

101 2773 131 2804 S.
142 2775 324 2813 Johannis.)
336 2774 503 2814 temperies
515 2779 622 2804 secuta
635 2774 694 2803 snit
707 2774 798 2804 valde

100 2817 290 2856 epidemica:
315 2817 472 2857 imprimis
492 2817 517 2846 si
539 2817 703 2848 Quartana
724 2819 792 2855 (ge-

99 2859 197 2889 nuina
228 2859 386 2889 Autumni
412 2859 561 2897 soboles)
593 2859 644 2888 hic
679 2859 744 2888 illic
778 2870 795 2889 a

100 2905 238 2942 tompore
262 2902 354 2932 modo
377 2902 460 2932 dicto
488 2901 642 2942 quosdam
671 2901 793 2932 invasit.

856 699 951 730 Anno
977 701 1068 738 1661,
1093 710 1165 740 quo,
1190 703 1312 740 praeter
1328 700 1444 730 Febres
1469 699 1554 729 Con-

856 742 972 779 tinuas,
995 743 1164 773 Tertianae
1187 743 1372 783 praesertim
1396 741 1556 781 malignae

856 785 1029 815 admodum
1045 786 1202 821 furebant,
1220 786 1317 825 inque
1339 785 1449 814 multis
1465 784 1553 820 locis,

857 828 1006 867 correptis
1031 828 1094 857 sere
1121 828 1251 867 integris
1280 827 1422 863 familiis,
1450 827 1553 856 maxi-

856 879 944 898 mam
969 870 1138 900 hominum
1166 876 1303 909 stragem
1328 869 1480 905 edebant;
1520 879 1555 899 eo

856 912 1126 951 (inquam,)anno‚
1135 913 1265 942 memini
1277 912 1448 941 foeminam
1456 921 1556 951 quan-

855 954 929 983 dam
940 955 1071 984 aedibus
1082 955 1162 984 meis
1172 955 1322 989 vicinam,
1333 954 1436 994 primo
1446 954 1554 985 Quar-

855 1000 947 1026 tanae
964 1007 1039 1027 suae
1062 1007 1253 1037 paroxysmo
1271 997 1339 1036 ipso
1357 997 1387 1027 S.
1400 996 1555 1025 Johannis

855 1038 935 1068 festo
971 1044 1146 1078 correptam
1180 1039 1304 1069 fuisseG.
1367 1038 1555 1078 Complures

856 1080 920 1116 alii,
942 1081 1024 1111 circa
1046 1082 1130 1111 idem
1154 1086 1281 1121 tempus
1303 1086 1554 1121 praematurum,

858 1123 1011 1153 Febribus
1026 1123 1090 1153 illis
1110 1124 1244 1163 correpti
1265 1124 1361 1160 fuere,
1373 1133 1455 1162 quae
1466 1128 1553 1162 post-

855 1165 987 1195 modum
1023 1166 1100 1195 adeo
1135 1166 1329 1205 epidemicae
1368 1170 1552 1196 evasertmt:

856 1207 939 1246 quod
974 1212 1163 1247 argumento
1200 1213 1256 1244 est,
1292 1218 1446 1246 magnum
1485 1212 1555 1238 tum

855 1249 953 1279 fuisse
969 1250 1002 1279 111
1018 1251 1089 1286 ista,
1104 1261 1185 1290 quae
1197 1256 1274 1280 tunc
1287 1250 1457 1286 obtinebat,
1472 1251 1554 1280 a'e'ris

855 1293 1017 1331 temperie,
1042 1293 1082 1322 ad
1104 1293 1180 1322 istos
1204 1293 1329 1322 morbos
1353 1297 1553 1332 apparatum,

855 1334 909 1372 qui
921 1335 1068 1374 deinceps
1080 1335 1268 1374 procedente
1280 1344 1362 1364 anno
1376 1334 1553 1375 stipatiores

854 1377 1089 1415 grassabantur.

899 1420 917 1434 ‘⁴
930 1420 958 1449 2.
984 1419 1111 1455 Notavi,
1137 1419 1163 1449 si
1186 1420 1382 1449 insectorum
1406 1420 1553 1449 examina

854 1465 972 1491 aestate
1015 1462 1254 1497 abundaverint,
1296 1462 1437 1491 maxime
1480 1472 1555 1491 vero

854 1513 984 1534 muscae
1003 1504 1203 1540 domesticae,
1227 1509 1421 1534 autumnum
1445 1505 1551 1543 proxi-

853 1556 945 1576 mum
975 1546 1067 1576 valde
1095 1546 1291 1576 insalubrem
1321 1547 1485 1581 futurum3
1521 1547 1553 1576 id

854 1589 939 1627 quod
950 1591 983 1618 in
996 1589 1148 1629 praedicti
1164 1589 1239 1618 anni
1259 1590 1334 1619 1661
1354 1593 1420 1618 tota
1435 1594 1554 1619 aestate

853 1631 1070 1668 observabam,
1084 1632 1138 1661 sed
1154 1632 1187 1661 in
1200 1632 1336 1661 duorum
1351 1631 1552 1670 sequentium

854 1683 1019 1711 annorum,
1052 1684 1132 1713 quae
1165 1673 1242 1704 adeo
1277 1674 1419 1703 salubres
1453 1679 1553 1710 erant,

853 1717 1036 1753 aestatibus,
1050 1717 1222 1746 admodum
1239 1726 1358 1755 pauca;
1376 1716 1431 1745 ubi
1448 1722 1554 1746 tamen

853 1759 1039 1795 notandum,
1054 1759 1135 1789 113110
1148 1758 1260 1798 ((1113111
1275 1759 1370 1788 modo
1383 1758 1552 1797 diximus,)

852 1800 1049 1831 insectorum
1066 1802 1200 1841 copiam,
1213 1801 1281 1841 ipsa
1296 1801 1464 1840 ingruente
1479 1812 1550 1841 pes-

853 1848 893 1879 te,
909 1854 973 1873 non
990 1845 1067 1874 adeo
1083 1844 1250 1874 observari.

897 1886 1082 1926 “Exceptis
1106 1887 1155 1916 his
1181 1887 1314 1922 duobus,
1333 1885 1456 1925 reliqua
1480 1896 1552 1925 pro-

852 1928 996 1967 gnostica
1006 1929 1112 1958 omnia
1123 1929 1248 1958 fallacia
1260 1929 1440 1963 observavi;
1460 1928 1506 1958 ita
1518 1933 1554 1958 ut

853 1971 1091 2001 constitutionis
1121 1971 1316 2010 epidemicae
1350 1971 1554 2000 adventantis

852 2013 1032 2051 praesensio
1049 2013 1186 2043 difficilis
1208 2013 1381 2043 admodum
1397 2013 1552 2049 videatur,

852 2064 911 2084 nec
941 2055 1042 2094 signis
1068 2055 1154 2093 ullis,
1182 2061 1237 2086 aut
1268 2056 1446 2085 rationibus
1477 2056 1553 2085 satis

854 2106 1034 2136 consplcua.

897 2139 1039 2178 “Neque
1069 2140 1178 2169 minus
1202 2139 1330 2169 difficile
1355 2143 1402 2169 est
1434 2143 1552 2169 certam

853 2180 995 2220 aliquam
1022 2186 1118 2220 atque
1149 2182 1389 2212 determinatam
1421 2183 1555 2212 curandi

852 2224 1008 2253 rationem
1020 2234 1202 2264 proponere,
1211 2235 1292 2263 quae
1301 2224 1477 2254 discrimini
1492 2224 1551 2254 Fe-

852 2265 967 2302 brium,
986 2276 1023 2296 ex
1043 2276 1200 2296 annorum
1216 2267 1303 2297 varia
1326 2267 1477 2304 temperie
1497 2267 1552 2296 de-

852 2308 1013 2347 pendenti,
1041 2314 1187 2338 accurate
1212 2309 1420 2348 respondeat;
1455 2319 1552 2348 quam

854 2350 916 2389 (uti
929 2351 997 2389 jam
1015 2350 1163 2390 (lienum)
1177 2351 1277 2391 ipsius
1291 2351 1378 2381 illius
1388 2351 1552 2381 varietatis

853 2402 966 2422 causas
982 2393 1150 2432 explicare,
1164 2395 1212 2423 vel
1229 2394 1325 2423 etiam
1344 2404 1439 2432 quam
1456 2404 1551 2433 prog—

852 2436 974 2465 nostico
997 2436 1102 2475 aliquo
1126 2436 1178 2465 diu
1201 2441 1292 2466 antea
1316 2437 1409 2471 facto,
1426 2437 1552 2475 praedi-

853 2488 922 2507 cere
939 2483 1095 2517 quantum
1112 2478 1192 2508 inter
1207 2479 1292 2508 1111110
1310 2488 1428 2508 3111111111
1448 2478 1553 2517 (verbi

851 2521 980 2559 gratia,)
991 2526 1084 2560 atque
1096 2521 1206 2555 alium,
1215 2521 1318 2560 quoad
1331 2521 1551 2550 salubritatem

852 2563 901 2592 vel
915 2563 1180 2598 insalulnitatem,
1194 2563 1387 2593 discriminis
1401 2563 1553 2594 intererit.

853 2605 1071 2635 Veruntamen
1096 2616 1176 2645 quae
1198 2606 1297 2641 nobis,
1316 2606 1392 2635 haec
1413 2606 1481 2645 ipsa
1503 2610 1550 2636 at-

853 2652 937 2677 tente
969 2648 1219 2685 observantibus,
1250 2659 1316 2678 sese
1357 2648 1551 2685 obtulerunt,

853 2690 963 2730 paucis
979 2700 1134 2730 exponere
1150 2701 1211 2720 non
1228 2691 1440 2729 gravabimur.

896 2733 964 2762 “In
990 2733 1145 2762 Febribus
1165 2733 1264 2772 igitur
1283 2732 1550 2768 Autumnalibus,

853 2784 934 2813 quae
955 2775 986 2804 in
1006 2775 1231 2805 constitutione
1252 2775 1438 2816 epidemica‚
1456 2781 1551 2815 atque

853 2817 883 2846 in
898 2827 990 2855 anno,
1004 2828 1067 2857 quo
1083 2818 1185 2848 morbi
1201 2823 1358 2848 autumno
1373 2818 1551 2858 peculiares

851 2860 978 2899 (quales
1002 2865 1077 2890 sunt
1100 2860 1293 2896 Quartanae,
1319 2861 1551 2900 Tertianaeque

851 2902 1082 2942 malignioreS,)
1094 2903 1186 2934 solito
1197 2903 1349 2934 maturius
1358 2904 1448 2943 (puta
1461 2913 1550 2933 men-

1592 289 1742 320 INTERM.

1575 331 1758 361 Ausonum

1609 375 1744 403 ’61-’6-1.

1573 1039 1645 1072 ‘³Cs.
1662 1043 1718 1072 ins.

1574 1095 1600 1115 c.
1618 1086 1645 1115 5.
1666 1088 1679 1123 §
1699 1087 1727 1115 8.
