1985 3308
425 148 714 189 EPISTOLA
746 148 807 188 II.
842 147 1277 189 RESPONSORIA.
1493 152 1575 190 315

123 254 328 293 enematis
370 253 583 306 agendum
616 258 692 304 est,
728 250 878 306 quibus
919 253 1087 307 injectis
1123 254 1293 306 utrique
1329 254 1578 295 indicationi
1619 271 1672 302 1)E
1691 271 1766 301 Luu

125 321 330 373 (humoris
352 322 509 362 scilicet
537 327 631 361 tum
653 320 928 374 expurgandi,
950 325 1045 360 tum
1075 320 1127 361 ab
1150 321 1302 361 affecta
1325 326 1444 374 parte
1470 322 1578 362 deri·
1595 314 1775 363 {¹3⁸}ssssssss

121 388 276 441 vandi,)
298 389 398 429 satis
414 389 505 429 fieri
521 394 672 442 potest.
719 388 967 429 Quinetiam
980 388 1084 429 haec
1100 389 1325 429 methodus
1346 389 1579 442 expeditior

122 461 186 496 est
210 470 521 509 nonnunquam
545 459 881 509 praememorata
906 455 1001 504 ista,
1024 460 1067 494 at
1098 468 1186 494 non
1217 469 1350 508 acque
1380 460 1488 505 tuta,
1511 469 1579 496 me

116 521 260 575 judice
273 539 285 571 3
331 536 428 562 cum
460 523 575 575 prior
606 522 690 572 illa,
722 521 820 561 licet
854 521 1137 562 diutmnitate
1173 522 1402 572 molestior,
1435 523 1579 563 minus

120 593 267 629 tamen
294 588 447 629 habeat
475 589 651 642 periculi
680 602 822 642 nequa
853 588 1087 641 contagiosi
1111 589 1270 629 fomitis
1301 590 1510 642 particula
1533 590 1579 630 in

121 655 349 696 visceribus
374 656 559 707 haereat,
582 670 711 697 novos
740 656 892 696 datma
918 656 1157 696 tumultus:
1189 657 1269 697 hoc
1293 671 1391 698 vero
1418 657 1578 698 incom-

121 723 296 764 modum
311 723 509 764 facillime
526 725 719 775 evitatur,
738 724 772 764 si
789 724 1022 764 cathartica
1041 738 1116 778 per
1131 738 1176 765 os
1193 730 1410 778 assumpta
1431 725 1578 766 diebus

122 791 174 832 ab
195 806 277 831 usu
297 791 526 845 clysterum
546 792 703 842 liberis,
726 797 921 832 mutuam
942 792 992 832 iis
1014 806 1185 846 operam
1206 793 1490 834 commodent.

181 857 292 914 [17.]
329 858 422 899 Hac
452 860 594 913 itaque
625 860 689 900 via
718 859 890 900 incedo:
928 860 1079 913 pilulas
1104 860 1195 914 Jam
1224 861 1473 914 praedictas,
1505 866 1579 903 aut
1598 870 1770 919 qu3diniis

121 928 221 969 alias
249 928 468 982 ejusmodi,
491 928 655 968 duabus
682 928 867 969 tribusve
893 929 1052 969 auroris
1080 929 1292 970 continuis
1321 930 1578 971 exhibendas
1594 924 1783 997 gfflgffffir

121 1009 222 1036 curo
235 1013 246 1046 3
278 1001 425 1049 postea
446 1010 597 1036 enema
623 1010 802 1049 sequens
830 1010 956 1037 mane
984 1002 1026 1037 et
1054 997 1158 1037 hora
1179 996 1327 1050 quinta
1352 998 1577 1050 pomeridi-

121 1078 203 1104 ana
231 1064 417 1117 quotidie
444 1063 734 1117 injiciendum,
758 1064 892 1105 donec
919 1065 1090 1117 penitus
1117 1065 1371 1106 cessaverint
1393 1071 1579 1120 sympto-

121 1139 248 1183 mata,
285 1132 366 1172 nisi
402 1132 511 1185 quod
550 1132 680 1173 semel
716 1136 787 1172 aut
822 1131 886 1171 bis
922 1131 966 1171 in
1001 1131 1266 1173 hebdomade
1301 1133 1580 1174 catharticum

121 1200 295 1254 impero,
318 1200 444 1241 misso
467 1200 533 1240 dic
554 1200 635 1240 isto
657 1200 836 1253 clystere
852 1216 920 1240 :—

124 1329 253 1374 [Form.
272 1327 380 1368 61.]“=
408 1327 446 1376 R
476 1328 665 1361 Electuarii
683 1338 701 1360 e
720 1327 830 1360 Succo
848 1327 1019 1361 Rosarum
1037 1327 1220 1361 drachmas
1235 1339 1306 1368 sex,

472 1385 742 1419 Terebinthinae
759 1384 915 1417 Venetae
932 1385 1048 1418 vitello
1067 1385 1122 1418 ovi
1140 1385 1272 1418 solutae
1291 1386 1518 1419 semiunciam
1533 1399 1539 1423 ς

310 1442 550 1476 Dissolvantur
567 1442 603 1474 in
620 1442 741 1485 Aquae
762 1440 896 1473 Hordei
914 1440 1001 1474 libra
1019 1452 1109 1480 una;
1135 1441 1310 1475 celaturae
1328 1441 1416 1476 adde

473 1498 688 1532 Electuariin
707 1497 941 1531 Diacatholici
960 1498 1082 1531 uncias
1099 1497 1205 1537 duas;

308 1557 442 1597 Misce3
466 1556 527 1590 fiat
544 1567 678 1589 enema.

122 1681 309 1735 Singulis
345 1681 473 1722 etiam
506 1680 702 1722 noctibus
738 1680 1009 1734 opobalsami,
1042 1680 1108 1720 vel
1143 1680 1321 1721 balsami
1354 1694 1376 1721 e
1410 1680 1579 1731 Mecha,

120 1754 264 1802 guttas
284 1749 433 1802 viginti
455 1749 641 1803 quinque
663 1749 849 1789 sacchari
869 1749 1052 1789 frustulo
1074 1754 1270 1802 exceptas
1287 1749 1485 1799 concedo,
1504 1749 1580 1789 sub

119 1817 219 1857 lecti
250 1817 444 1870 ingressu
460 1834 471 1867 3
509 1817 622 1870 quod
658 1817 830 1870 quidem
862 1816 1236 1867 medicamentum,
1266 1831 1364 1857 cum
1395 1817 1583 1858 terebin-

119 1886 266 1926 thinae
289 1886 500 1939 quoddam
523 1901 657 1939 genus
679 1886 732 1927 sit
753 1885 963 1939 liquidum
991 1900 1039 1926 ac
1066 1900 1236 1938 purum,
1257 1887 1408 1927 iisdem
1429 1886 1583 1940 quibus

121 1954 192 1994 illa
221 1954 491 1994 facultatibus
521 1954 664 2007 pollet,
697 1959 740 1994 ct
771 1954 983 1994 ulcerosae
1016 1953 1267 2006 genitalium
1299 1954 1481 1995 diathesi
1512 1969 1583 2007 ap-

120 2022 254 2075 prime
291 2021 521 2062 succurrit:
564 2021 694 2074 hujus
729 2021 872 2074 itaque
904 2020 1074 2061 defectu
1108 2021 1400 2061 terebinthina
1430 2021 1585 2075 Cypria

121 2089 174 2129 ad
206 2089 489 2142 quantitatem
521 2088 734 2129 avellanae
766 2087 888 2128 dictis
918 2086 1181 2140 temporibus
1213 2087 1455 2128 devoranda
1485 2087 1583 2128 sub-

121 2156 240 2196 stitui
263 2156 406 2208 possit.

185 2223 293 2276 [18.]
323 2223 586 2263 Procedente
603 2223 830 2273 curatione,
850 2237 1099 2276 quacunque
1122 2238 1171 2264 ea
1187 2223 1361 2264 demum
1381 2225 1582 2266 methodo
1602 2240 1717 2271 Diaeta
1734 2240 1779 2270 in-

120 2297 323 2342 tentetur,
347 2306 473 2344 aegro
495 2291 596 2332 cibis
619 2290 814 2331 omnibus
836 2291 921 2331 sale
950 2291 1131 2331 conditis
1153 2291 1218 2331 vel
1244 2291 1345 2332 alias
1367 2292 1582 2346 dyspeptis
1601 2289 1778 2358 {legnfffffaffl

125 2360 282 2413 (quales
310 2366 408 2400 sunt
435 2374 582 2400 carnes
603 2359 793 2409 bovinae,
816 2358 1027 2412 porcinae,
1049 2359 1197 2412 pisces,
1221 2373 1378 2410 caseus,
1407 2360 1582 2412 radices,

122 2428 263 2481 olera,)
295 2432 337 2468 et
361 2428 567 2468 fructibus
592 2427 768 2468 horariis
797 2427 1133 2480 quibuscunque,
1156 2427 1362 2468 interdico
1375 2445 1386 2478 3
1432 2429 1584 2482 quibus

122 2495 331 2536 substituo
358 2510 530 2536 carnem
557 2495 832 2545 vervecinam,
854 2495 1092 2545 vitulinam,
1119 2495 1346 2548 pullorum,
1369 2497 1583 2538 cuniculo-

121 2578 228 2614 rum,
255 2568 296 2605 et
327 2570 494 2605 caetera
525 2563 727 2605 εὔπεπτα.
787 2563 897 2604 Volo
929 2563 1058 2604 etiam
1082 2568 1131 2603 ut
1152 2563 1219 2603 vel
1248 2563 1312 2603 his
1342 2563 1584 2616 parcissime

121 2637 279 2685 utatur,
301 2638 473 2674 tantum
494 2638 543 2674 ut
572 2633 687 2687 aegri
707 2633 812 2673 vires
837 2647 925 2673 non
952 2632 1183 2673 labascant.
1245 2631 1378 2672 Potus
1404 2633 1514 2685 (vino
1538 2634 1586 2674 in

123 2716 278 2755 genere
300 2702 506 2752 abdicato,
528 2707 577 2742 ut
599 2707 642 2742 ct
662 2701 823 2755 liquore
845 2699 962 2740 omni
991 2699 1075 2740 sive
1105 2698 1341 2752 spirituoso,
1365 2699 1450 2740 sive
1471 2715 1584 2742 aces-

123 2772 274 2824 cente,)
313 2770 547 2825 hydrogala
579 2775 682 2818 esto,
717 2783 767 2809 ex
798 2768 934 2808 tribus
971 2781 1104 2821 aquae
1141 2771 1284 2808 coctae
1319 2768 1511 2821 partibus
1542 2775 1585 2810 et

123 2839 242 2881 lactis
272 2855 372 2890 una,
399 2839 480 2879 nisi
512 2838 624 2892 quod
651 2838 697 2878 in
718 2837 894 2890 prandio
927 2842 969 2877 et
999 2850 1130 2877 coena
1152 2835 1349 2876 eereu'sia
1369 2837 1509 2877 tenuis
1541 2837 1584 2878 in

210 2930 230 2943 '¹‘
255 2926 305 2956 Cf.
321 2926 410 2956 form,
430 2926 501 2955 223,
1111 2917 1123 2930 “
1150 2922 1217 2959 Syr.
1240 2920 1351 2950 Violac.
1369 2920 1416 2951 ed.
1435 2922 1498 2950 '80.
