1985 3308
246 145 769 187 OBSERVATIONUM
801 146 1123 187 MEDICARU
1127 147 1177 186 M
1211 152 1273 185 IV.
1292 158 1323 186 7.
1430 148 1512 186 199

57 255 280 296 nobiscum
300 259 544 308 reputemus
566 258 757 294 ventrem
779 253 1033 303 inferiorem,
1056 253 1101 293 in
1123 268 1206 307 quo
1229 253 1514 307 disponuntur
1562 264 1692 294 Comcx

58 337 218 375 organa
245 322 481 372 secretoria,
507 322 586 362 hoc
615 335 811 361 maxume
843 321 1041 361 exercitio
1071 321 1239 371 vibrari,
1263 335 1394 374 eaque
1422 335 1513 361 suc·
1533 307 1716 379 Αᾞζὲζῗζί

58 390 369 431 cussationibus
392 390 552 443 aliquot
579 389 693 429 mille
721 403 808 428 uno
830 389 876 428 in
905 388 971 428 dic
993 389 1198 441 exagitari
1226 389 1371 438 solere,
1392 389 1514 429 facile
1533 392 1691 440 “79-'72-
1706 438 1717 441 „

57 458 277 498 credemus
308 457 456 498 eadem
488 470 661 497 succum
693 456 924 510 quemlibet
952 457 1317 496 recrementitium
1347 456 1407 496 ibi
1436 456 1514 496 im·
1533 450 1717 531 ῗιῖιζῖἱζζζῑῗῑιῗι-

57 530 230 578 pactum
261 539 338 579 ope
369 525 471 565 dicti
504 524 693 565 exercitii
723 538 844 578 posse
872 528 1079 573 excutere,
1109 530 1151 565 et
1184 524 1313 577 (quod
1345 524 1516 578 majoris
1535 503 1654 565 tiuhai

58 593 196 633 adhuc
225 598 289 633 est
320 593 556 645 momenti‚)
581 591 771 632 validiori
802 591 884 632 ista
914 592 1062 632 caloris
1094 592 1228 632 nativi
1261 592 1516 633 excitatione

57 661 118 702 ita
151 661 424 710 corroborari,
456 665 505 701 ut
540 674 730 710 munere,
763 660 876 713 quod
911 660 962 700 iis
998 660 1216 701 mandavit
1256 660 1439 711 Natura,
1470 660 1516 700 in

57 730 265 783 sanguine
287 729 534 783 depurando
555 734 670 769 recte
691 729 995 782 defungantur.

121 798 228 852 [13.]
267 799 477 848 Diaetam,
496 797 530 838 si
547 798 693 852 junior
713 798 842 838 fuerit
864 811 989 852 aeger
1010 802 1054 838 et
1075 797 1285 838 calidioris
1307 802 1516 851 tempera-
1537 807 1652 856 Qualis
1679 851 1685 857 ·

53 868 204 918 menti,
227 868 548 921 refrigerantem
571 872 697 920 atque
718 867 1026 907 incrassantem
1048 866 1222 919 impero,
1245 870 1349 920 puta
1369 865 1516 907 hordei
1536 851 1638 881 (haeta
1654 851 1707 881 ¹¹¹⁰

57 949 302 985 cremorem,
325 935 595 989 panatcllam,
619 939 713 984 etc„
736 939 778 975 ct
800 934 926 974 tertio
949 947 1115 987 quoque
1138 933 1216 984 dic,
1240 933 1273 973 si
1295 934 1423 974 latret
1445 933 1516 974 ad-

55 1003 139 1044 huc
171 1003 426 1053 stomachus,
458 1003 623 1056 pullum
654 1003 922 1052 teneriorem,
950 1003 1209 1042 merulamvc
1237 1002 1396 1056 piscem
1424 1016 1516 1043 eoc-

55 1075 163 1111 tum.
226 1071 381 1111 Potum
409 1085 496 1111 non
528 1071 658 1110 alium
690 1070 875 1111 concedo
908 1085 1035 1124 quam
1066 1070 1308 1110 cerevisiam
1340 1075 1517 1111 tenuem

55 1137 370 1192 mitemque,vel
391 1139 454 1179 lac
477 1152 574 1178 cum
592 1153 701 1191 aqua
722 1143 909 1188 coctum3
937 1152 1076 1191 neque
1092 1137 1271 1178 ulterius
1287 1138 1515 1191 quicquam

55 1205 270 1259 indulgeo,
293 1206 375 1246 nisi
396 1206 600 1259 equitatio
622 1206 675 1246 ad
707 1206 1083 1259 redintegrandam
1112 1206 1341 1246 sanitatem
1370 1220 1515 1246 neccs-

56 1274 177 1324 saria,
206 1274 438 1327 pleniorem
469 1274 628 1314 victum
659 1279 701 1314 et
733 1273 1044 1327 generosiorem
1077 1274 1263 1327 postulet
1294 1274 1513 1327 liquorem,

55 1341 208 1395 quibus
257 1341 548 1395 rependantm·
599 1342 827 1395 spirituum
877 1341 1077 1382 exercitio
1127 1341 1513 1382 exhauriendorum

55 1409 224 1449 damna.

120 1478 227 1531 [14.]
267 1477 472 1520 Quinimo
489 1476 781 1518 observatione
803 1481 984 1528 constat,
1008 1477 1133 1531 quod,
1150 1477 1226 1517 ubi
1246 1477 1315 1517 hic
1337 1476 1510 1517 morbus
1532 1482 1571 1531 131
1588 1484 1698 1533 m⁰fl³⁰

55 1545 196 1586 minus
226 1546 359 1599 perite
390 1550 597 1586 tractatus
629 1545 866 1586 diutissime
897 1545 1150 1599 fatigaverit,
1177 1546 1238 1586 ita
1267 1549 1316 1586 ut
1351 1545 1511 1586 viscera
1527 1526 1688 1604 gssssfffu‘

54 1614 414 1667 elanguescerent,
438 1619 565 1668 atque
586 1629 711 1668 aeger
733 1619 921 1655 extrema
937 1615 1027 1668 jam
1047 1614 1181 1655 macie
1213 1618 1340 1668 atque
1363 1614 1509 1654 debili-
1526 1621 1649 1685 {³¹:1³3ss
1661 1613 1714 1643 de-

0 1710 1 1722 i
54 1687 143 1722 tate
164 1688 333 1723 tantum
360 1697 446 1723 non
474 1687 583 1723 esset
610 1683 841 1732 confectus,
864 1683 909 1722 in
937 1683 1016 1722 hoc
1042 1683 1260 1736 (inquam,)
1286 1696 1386 1722 casu
1406 1682 1510 1723 libe·
1529 1667 1716 1736 epidemiiiq'

0 1738 1 1791 ]
53 1750 180 1791 ralior
201 1751 285 1791 sive
311 1765 443 1805 aquae
465 1751 733 1805 epidemicae,
758 1751 841 1791 sive
861 1751 1079 1802 mirabilis,
1103 1751 1187 1792 sive
1209 1751 1315 1791 alius
1338 1751 1510 1791 demum
1529 1740 1718 1777 ¹¹¹ir³b⁰³¹¹t

1526 1782 1656 1813 alterius
1675 1784 1718 1813 si-

54 1818 344 1872 cujuscunque
367 1833 450 1873 qua
478 1833 605 1859 sanus
627 1819 810 1859 maxime
832 1819 1134 1869 delectabatur,
1156 1834 1271 1870 usus,
1293 1819 1374 1860 hoc
1402 1823 1509 1860 tem·
1527 1825 1626 1861 milis,
1638 1837 1716 1857 usus

53 1901 154 1940 pore
185 1888 368 1927 eundem
398 1888 512 1928 ultra
542 1902 659 1940 spem
690 1901 859 1928 omnem
897 1887 1054 1941 juverit
1068 1905 1080 1938 5
1121 1888 1249 1941 hujus
1286 1887 1400 1928 enim
1433 1901 1510 1941 ope
1529 1868 1703 1946 {gg-tegn-

55 1955 330 2007 paucissimae
352 1955 457 1995 istae
479 1956 626 1995 caloris
648 1956 779 1995 nativi
802 1955 1112 2009 spirituumque
1133 1955 1335 2009 reliquiae
1356 1955 1510 1996 excita·
1528 1964 1635 1993 quare.

55 2021 226 2071 bantur,
250 2027 291 2062 ct
323 2023 581 2063 fermentum
612 2023 973 2075 praeternaturale
1003 2023 1232 2063 visceribus
1263 2023 1510 2074 adhaerens,

55 2094 97 2130 et
119 2090 237 2130 novis
260 2090 517 2144 paroxysmis
539 2091 731 2130 fomitem
753 2091 933 2131 subinde
954 2090 1214 2141 ministrans,
1233 2106 1257 2131 a
1277 2091 1512 2145 liquoribus

55 2158 189 2211 magis
211 2158 444 2211 spirituosis
466 2158 809 2211 extinguebatur.

115 2224 226 2281 [15]
262 2226 404 2275 Porro,
422 2232 471 2266 ut
492 2226 537 2266 in
558 2226 696 2266 morbi
718 2225 950 2277 curatione,
968 2226 1028 2267 ita
1044 2226 1169 2267 etiam
1194 2230 1237 2267 et
1254 2226 1402 2267 eodem
1419 2226 1509 2279 jam
1529 2238 1643 2269 Diaeta
1663 2243 1709 2269 te-

55 2293 241 2347 depulso,
264 2294 402 2334 diaeta
427 2294 497 2334 illa
518 2294 672 2344 tenuis,
695 2294 746 2334 dc
773 2309 856 2347 qua
882 2294 1077 2345 diximus,
1101 2294 1239 2335 adhuc
1261 2294 1508 2348 aliquandiu
1527 2282 1710 2322 nuisquare

55 2366 118 2401 est
145 2361 416 2402 observanda.
479 2362 587 2402 Cum
616 2362 730 2402 cnim
752 2362 924 2403 morbus
951 2362 1019 2403 hic
1040 2362 1267 2403 recidivam
1294 2377 1394 2416 prae
1415 2362 1506 2402 aliis
1523 2324 1714 2407 ῧξὲυεῗέῐξῖιίι-

54 2429 252 2469 omnibus
274 2430 454 2480 affectet,
470 2435 597 2483 atquc
613 2430 786 2483 insuper
802 2431 944 2471 sedem
962 2430 1041 2471 sibi
1063 2431 1266 2484 delegerit
1282 2430 1508 2484 praecipua
1525 2420 1601 2483 {¹:12}
1609 2420 1695 2482 ¹23¹*

54 2498 256 2539 coctionis
277 2499 577 2550 instrumenta,
605 2500 779 2553 (viscera-
798 2500 1004 2553 intelligo,
1028 2500 1118 2553 jam
1141 2499 1192 2540 ab
1221 2499 1369 2540 eodem
1391 2499 1506 2539 infir·
1524 2496 1695 2568 ggservan-

52 2568 196 2618 mata,)
230 2566 294 2607 vel
324 2567 558 2608 lexdssimus
585 2568 712 2622 hujus
744 2568 910 2621 generis
939 2582 1053 2608 error
1082 2569 1245 2608 malum
1274 2567 1390 2608 haud
1417 2567 1507 2608 leve
1567 2562 1574 2570 ’

53 2633 277 2675 confestim
299 2635 550 2688 apportabit.
595 2635 805 2677 Quocirca
826 2642 914 2676 tam
936 2636 980 2676 in
1001 2636 1094 2686 hoc,
1118 2650 1243 2689 quam
1266 2635 1312 2676 in
1333 2634 1510 2676 caeteris

54 2701 251 2742 omnibus
282 2702 489 2743 viscerum
526 2703 760 2754 affectibus,
793 2704 877 2744 cibi
912 2702 1147 2744 δύσπεπτοι
1183 2717 1287 2744 cane
1317 2704 1437 2757 pejus
1468 2707 1512 2743 et

55 2771 211 2823 anguet
232 2775 333 2811 sunt
355 2771 516 2812 vitandi
523 2789 534 2822 3
567 2777 609 2812 et
632 2772 704 2826 qui
725 2772 1020 2813 conceduntur
1041 2770 1253 2821 εὔπεπτοι,
1271 2785 1321 2813 ea
1340 2776 1512 2812 tantum

1535 894 1712 924 conveniat.

99 2884 110 2901 ⁸
134 2889 152 2903 ‘⁸
167 2887 260 2918 Alter
277 2888 381 2918 Mileti
397 2893 528 2926 textam,
546 2899 623 2919 cane
639 2890 732 2929 pejus
749 2894 779 2919 et
796 2900 899 2930 angue

166 2930 289 2961 vitabit
302 2931 537 2972 chlainydein.'’
586 2932 714 2971 (Horat.
731 2933 830 2971 Epist.
848 2933 867 2963 i.
886 2933 931 2964 17.
948 2933 1015 2971 31.)
1031 2932 1079 2962 Cf.
1096 2932 1223 2962 Erasmi
1237 2933 1338 2971 Adag.
1350 2930 1380 2961 ii.
1395 2931 1423 2961 9.
1439 2931 1488 2961 63.
