<?xml version="1.0" encoding="UTF-8"?>
<!DOCTYPE html PUBLIC "-//W3C//DTD XHTML 1.0 Transitional//EN"
    "http://www.w3.org/TR/xhtml1/DTD/xhtml1-transitional.dtd">
<html xmlns="http://www.w3.org/1999/xhtml" xml:lang="en" lang="en">
 <head>
  <title>
</title>
<meta http-equiv="Content-Type" content="text/html;charset=utf-8" />
  <meta name='ocr-system' content='tesseract 3.04.00' />
  <meta name='ocr-capabilities' content='ocr_page ocr_carea ocr_par ocr_line ocrx_word'/>
</head>
<body>
  <div class='ocr_page' id='page_1' title='image "./thomaesydenhammd00sydeuoft_0542.png"; bbox 0 0 1985 3308; ppageno 0'>
   <div class='ocr_carea' id='block_1_1' title="bbox 397 137 1442 180">
    <p class='ocr_par' dir='ltr' id='par_1_1' title="bbox 397 137 1442 180">
     <span class='ocr_line' id='line_1_1' title="bbox 397 137 1442 180; baseline 0.002 -4"><span class='ocrx_word' id='word_1_1' title='bbox 397 137 481 177; x_wconf 88' lang='lat'><strong>506</strong></span> <span class='ocrx_word' id='word_1_2' title='bbox 811 137 1068 179; x_wconf 85' lang='lat' dir='ltr'><strong>THOMAE</strong></span> <span class='ocrx_word' id='word_1_3' title='bbox 1102 138 1442 180; x_wconf 85' lang='lat' dir='ltr'>SYDENHAM</span> 
     </span>
    </p>
   </div>
   <div class='ocr_carea' id='block_1_2' title="bbox 190 243 1854 771">
    <p class='ocr_par' dir='ltr' id='par_1_2' title="bbox 190 243 1854 771">
     <span class='ocr_line' id='line_1_2' title="bbox 195 243 1853 302; baseline 0.002 -22"><span class='ocrx_word' id='word_1_4' title='bbox 195 251 376 302; x_wconf 55' lang='lat' dir='ltr'><strong>DqNomn</strong></span> <span class='ocrx_word' id='word_1_5' title='bbox 461 243 568 297; x_wconf 67' lang='lat'>[36]</span> <span class='ocrx_word' id='word_1_6' title='bbox 607 244 840 285; x_wconf 88' lang='lat' dir='ltr'><strong>Methodus</strong></span> <span class='ocrx_word' id='word_1_7' title='bbox 868 246 958 299; x_wconf 86' lang='lat' dir='ltr'><strong>jam</strong></span> <span class='ocrx_word' id='word_1_8' title='bbox 982 244 1154 285; x_wconf 88' lang='lat' dir='ltr'><strong>laudata</strong></span> <span class='ocrx_word' id='word_1_9' title='bbox 1181 244 1356 286; x_wconf 89' lang='lat' dir='ltr'><strong>caeteris</strong></span> <span class='ocrx_word' id='word_1_10' title='bbox 1393 258 1496 297; x_wconf 88' lang='lat' dir='ltr'><strong>quas</strong></span> <span class='ocrx_word' id='word_1_11' title='bbox 1527 248 1722 297; x_wconf 83' lang='lat' dir='ltr'><strong>expertus</strong></span> <span class='ocrx_word' id='word_1_12' title='bbox 1759 258 1853 284; x_wconf 89' lang='lat' dir='ltr'><strong>sum</strong></span> 
     </span>
     <span class='ocr_line' id='line_1_3' title="bbox 194 294 1854 366; baseline 0.001 -16"><span class='ocrx_word' id='word_1_13' title='bbox 194 294 370 366; x_wconf 41' lang='lat' dir='ltr'>INPGERBERSISSU</span> <span class='ocrx_word' id='word_1_14' title='bbox 396 311 593 352; x_wconf 91' lang='lat' dir='ltr'><strong>omnibus</strong></span> <span class='ocrx_word' id='word_1_15' title='bbox 627 311 673 352; x_wconf 87' lang='lat' dir='ltr'><strong>in</strong></span> <span class='ocrx_word' id='word_1_16' title='bbox 707 312 884 366; x_wconf 87' lang='lat' dir='ltr'><strong>hujusce</strong></span> <span class='ocrx_word' id='word_1_17' title='bbox 919 313 1064 353; x_wconf 83' lang='lat' dir='ltr'>Febris</span> <span class='ocrx_word' id='word_1_18' title='bbox 1105 313 1322 352; x_wconf 74' lang='lat' dir='ltr'>curatione</span> <span class='ocrx_word' id='word_1_19' title='bbox 1356 312 1477 352; x_wconf 84' lang='lat' dir='ltr'><strong>facile</strong></span> <span class='ocrx_word' id='word_1_20' title='bbox 1518 311 1746 352; x_wconf 84' lang='lat' dir='ltr'><strong>antecellit.</strong></span> <span class='ocrx_word' id='word_1_21' title='bbox 1809 311 1854 351; x_wconf 89' lang='lat' dir='ltr'><strong>Si</strong></span> 
     </span>
     <span class='ocr_line' id='line_1_4' title="bbox 397 378 1853 433; baseline 0.001 -15"><span class='ocrx_word' id='word_1_22' title='bbox 397 379 566 432; x_wconf 89' lang='lat' dir='ltr'><strong>quando</strong></span> <span class='ocrx_word' id='word_1_23' title='bbox 597 394 694 420; x_wconf 75' lang='lat' dir='ltr'><strong>vero</strong></span> <span class='ocrx_word' id='word_1_24' title='bbox 724 380 895 420; x_wconf 85' lang='lat' dir='ltr'>Febrim</span> <span class='ocrx_word' id='word_1_25' title='bbox 926 394 1014 420; x_wconf 88' lang='lat' dir='ltr'><strong>non</strong></span> <span class='ocrx_word' id='word_1_26' title='bbox 1049 378 1234 433; x_wconf 53' lang='lat' dir='ltr'><strong>prorsus*</strong></span> <span class='ocrx_word' id='word_1_27' title='bbox 1254 379 1390 429; x_wconf 90' lang='lat' dir='ltr'><strong>tollat,</strong></span> <span class='ocrx_word' id='word_1_28' title='bbox 1421 378 1465 419; x_wconf 90' lang='lat' dir='ltr'><strong>id</strong></span> <span class='ocrx_word' id='word_1_29' title='bbox 1497 379 1646 419; x_wconf 88' lang='lat' dir='ltr'><strong>saltem</strong></span> <span class='ocrx_word' id='word_1_30' title='bbox 1682 379 1769 432; x_wconf 88' lang='lat' dir='ltr'><strong>agit</strong></span> <span class='ocrx_word' id='word_1_31' title='bbox 1804 384 1853 419; x_wconf 90' lang='lat' dir='ltr'><strong>ut</strong></span> 
     </span>
     <span class='ocr_line' id='line_1_5' title="bbox 394 446 1854 501; baseline 0.001 -15"><span class='ocrx_word' id='word_1_32' title='bbox 394 446 676 488; x_wconf 79' lang='lat' dir='ltr'><strong>intermittere</strong></span> <span class='ocrx_word' id='word_1_33' title='bbox 708 453 883 501; x_wconf 83' lang='lat' dir='ltr'><strong>cogatur</strong></span> <span class='ocrx_word' id='word_1_34' title='bbox 894 464 906 496; x_wconf 66' lang='grc' dir='ltr'><strong><em>ς</em></strong></span> <span class='ocrx_word' id='word_1_35' title='bbox 954 460 1000 486; x_wconf 89' lang='lat' dir='ltr'><strong>ac</strong></span> <span class='ocrx_word' id='word_1_36' title='bbox 1031 446 1207 499; x_wconf 87' lang='lat' dir='ltr'><strong>proinde</strong></span> <span class='ocrx_word' id='word_1_37' title='bbox 1234 446 1470 487; x_wconf 72' lang='lat' dir='ltr'><strong>Peruviano</strong></span> <span class='ocrx_word' id='word_1_38' title='bbox 1498 446 1655 496; x_wconf 81' lang='lat' dir='ltr'><strong>cortici,</strong></span> <span class='ocrx_word' id='word_1_39' title='bbox 1685 446 1757 500; x_wconf 90' lang='lat' dir='ltr'><strong>qui</strong></span> <span class='ocrx_word' id='word_1_40' title='bbox 1785 446 1854 487; x_wconf 91' lang='lat' dir='ltr'><strong>hic</strong></span> 
     </span>
     <span class='ocr_line' id='line_1_6' title="bbox 393 513 1853 568; baseline -0.001 -13"><span class='ocrx_word' id='word_1_41' title='bbox 393 529 615 568; x_wconf 85' lang='lat' dir='ltr'><strong>nunquam</strong></span> <span class='ocrx_word' id='word_1_42' title='bbox 644 530 733 555; x_wconf 90' lang='lat' dir='ltr'><strong>non</strong></span> <span class='ocrx_word' id='word_1_43' title='bbox 762 514 1010 567; x_wconf 85' lang='lat' dir='ltr'><strong>triumphat,</strong></span> <span class='ocrx_word' id='word_1_44' title='bbox 1033 513 1337 554; x_wconf 87' lang='lat' dir='ltr'><strong>conficiendam</strong></span> <span class='ocrx_word' id='word_1_45' title='bbox 1365 514 1510 554; x_wconf 87' lang='lat' dir='ltr'><strong>tradit.</strong></span> <span class='ocrx_word' id='word_1_46' title='bbox 1573 514 1683 554; x_wconf 85' lang='lat' dir='ltr'><strong>Cum</strong></span> <span class='ocrx_word' id='word_1_47' title='bbox 1708 519 1853 554; x_wconf 87' lang='lat' dir='ltr'><strong>autem</strong></span> 
     </span>
     <span class='ocr_line' id='line_1_7' title="bbox 395 581 1852 635; baseline -0.001 -13"><span class='ocrx_word' id='word_1_48' title='bbox 395 583 598 623; x_wconf 86' lang='lat' dir='ltr'><strong>catharsis</strong></span> <span class='ocrx_word' id='word_1_49' title='bbox 628 583 722 623; x_wconf 87' lang='lat' dir='ltr'><strong>istic</strong></span> <span class='ocrx_word' id='word_1_50' title='bbox 754 583 961 635; x_wconf 88' lang='lat' dir='ltr'><strong>imperata</strong></span> <span class='ocrx_word' id='word_1_51' title='bbox 992 581 1201 621; x_wconf 89' lang='lat' dir='ltr'><strong>curationi</strong></span> <span class='ocrx_word' id='word_1_52' title='bbox 1232 581 1358 635; x_wconf 82' lang='lat' dir='ltr'><strong>hujus</strong></span> <span class='ocrx_word' id='word_1_53' title='bbox 1389 581 1535 622; x_wconf 85' lang='lat' dir='ltr'><strong>Febris</strong></span> <span class='ocrx_word' id='word_1_54' title='bbox 1571 581 1716 622; x_wconf 87' lang='lat' dir='ltr'><strong>obesse</strong></span> <span class='ocrx_word' id='word_1_55' title='bbox 1746 595 1852 622; x_wconf 90' lang='lat' dir='ltr'><strong>non-</strong></span> 
     </span>
     <span class='ocr_line' id='line_1_8' title="bbox 190 649 1853 705; baseline 0.004 -21"><span class='ocrx_word' id='word_1_56' title='bbox 190 654 356 705; x_wconf 55' lang='lat' dir='ltr'><strong>Laudatur</strong></span> <span class='ocrx_word' id='word_1_57' title='bbox 393 650 522 690; x_wconf 87' lang='lat' dir='ltr'><strong>nullis</strong></span> <span class='ocrx_word' id='word_1_58' title='bbox 557 651 644 690; x_wconf 91' lang='lat' dir='ltr'><strong>fore</strong></span> <span class='ocrx_word' id='word_1_59' title='bbox 679 650 884 699; x_wconf 73' lang='lat' dir='ltr'><strong>videatur,</strong></span> <span class='ocrx_word' id='word_1_60' title='bbox 920 663 996 702; x_wconf 88' lang='lat' dir='ltr'><strong>pro</strong></span> <span class='ocrx_word' id='word_1_61' title='bbox 1037 654 1251 702; x_wconf 90' lang='lat' dir='ltr'><strong>comperto</strong></span> <span class='ocrx_word' id='word_1_62' title='bbox 1293 649 1466 698; x_wconf 89' lang='lat' dir='ltr'><strong>affirmo,</strong></span> <span class='ocrx_word' id='word_1_63' title='bbox 1502 649 1610 689; x_wconf 83' lang='lat' dir='ltr'><strong>nihil</strong></span> <span class='ocrx_word' id='word_1_64' title='bbox 1644 649 1704 689; x_wconf 90' lang='lat' dir='ltr'><strong>ita</strong></span> <span class='ocrx_word' id='word_1_65' title='bbox 1738 655 1853 690; x_wconf 86' lang='lat' dir='ltr'><strong>certo</strong></span> 
     </span>
     <span class='ocr_line' id='line_1_9' title="bbox 190 701 1852 771; baseline 0 -14"><span class='ocrx_word' id='word_1_66' title='bbox 190 701 344 729; x_wconf 51' lang='lat' dir='ltr'>catham*</span> <span class='ocrx_word' id='word_1_67' title='bbox 395 722 521 771; x_wconf 89' lang='lat' dir='ltr'><strong>atque</strong></span> <span class='ocrx_word' id='word_1_68' title='bbox 552 718 612 757; x_wconf 90' lang='lat' dir='ltr'><strong>ita</strong></span> <span class='ocrx_word' id='word_1_69' title='bbox 640 722 837 770; x_wconf 89' lang='lat' dir='ltr'><strong>potenter</strong></span> <span class='ocrx_word' id='word_1_70' title='bbox 868 731 1043 769; x_wconf 87' lang='lat' dir='ltr'><strong>aegrum</strong></span> <span class='ocrx_word' id='word_1_71' title='bbox 1073 717 1320 770; x_wconf 88' lang='lat' dir='ltr'><strong>refrigerare</strong></span> <span class='ocrx_word' id='word_1_72' title='bbox 1356 721 1483 770; x_wconf 91' lang='lat' dir='ltr'><strong>atque</strong></span> <span class='ocrx_word' id='word_1_73' title='bbox 1514 716 1727 757; x_wconf 87' lang='lat' dir='ltr'><strong>catharsin</strong></span> <span class='ocrx_word' id='word_1_74' title='bbox 1756 722 1852 770; x_wconf 86' lang='lat' dir='ltr'><strong>post</strong></span> 
     </span>
    </p>
   </div>
   <div class='ocr_carea' id='block_1_3' title="bbox 188 746 1850 837">
    <p class='ocr_par' dir='ltr' id='par_1_3' title="bbox 188 746 1850 837">
     <span class='ocr_line' id='line_1_10' title="bbox 213 746 329 771; baseline 0.017 -2"><span class='ocrx_word' id='word_1_75' title='bbox 213 746 259 770; x_wconf 85' lang='lat' dir='ltr'><strong>ost</strong></span> <span class='ocrx_word' id='word_1_76' title='bbox 275 751 329 771; x_wconf 87' lang='lat' dir='ltr'><strong>ve—</strong></span> 
     </span>
     <span class='ocr_line' id='line_1_11' title="bbox 188 750 1850 837; baseline 0.001 -14"><span class='ocrx_word' id='word_1_77' title='bbox 188 750 362 813; x_wconf 68' lang='lat' dir='ltr'><strong>iiae-seeti-</strong></span> <span class='ocrx_word' id='word_1_78' title='bbox 393 785 776 826; x_wconf 77' lang='lat' dir='ltr'><strong>venae-sectionem</strong></span> <span class='ocrx_word' id='word_1_79' title='bbox 801 785 922 837; x_wconf 89' lang='lat' dir='ltr'><strong>(quae</strong></span> <span class='ocrx_word' id='word_1_80' title='bbox 942 785 1100 837; x_wconf 91' lang='lat' dir='ltr'><strong>ubique</strong></span> <span class='ocrx_word' id='word_1_81' title='bbox 1121 784 1432 837; x_wconf 89' lang='lat' dir='ltr'><strong>praemittenda</strong></span> <span class='ocrx_word' id='word_1_82' title='bbox 1453 785 1546 837; x_wconf 89' lang='lat' dir='ltr'><strong>est‚)</strong></span> <span class='ocrx_word' id='word_1_83' title='bbox 1572 784 1850 825; x_wconf 83' lang='lat' dir='ltr'><strong>celebratam:</strong></span> 
     </span>
    </p>
   </div>
   <div class='ocr_carea' id='block_1_4' title="bbox 180 827 1853 2053">
    <p class='ocr_par' dir='ltr' id='par_1_4' title="bbox 189 827 1853 1906">
     <span class='ocr_line' id='line_1_12' title="bbox 189 827 1853 905; baseline 0.003 -16"><span class='ocrx_word' id='word_1_84' title='bbox 189 827 353 898; x_wconf 47' lang='grc' dir='ltr'><strong>ἓὲἓζηῇξ</strong></span> <span class='ocrx_word' id='word_1_85' title='bbox 392 851 563 890; x_wconf 89' lang='lat' dir='ltr'><strong>tametsi</strong></span> <span class='ocrx_word' id='word_1_86' title='bbox 595 851 710 891; x_wconf 89' lang='lat' dir='ltr'><strong>enim</strong></span> <span class='ocrx_word' id='word_1_87' title='bbox 736 852 1103 892; x_wconf 86' lang='lat' dir='ltr'><strong>medicamentum</strong></span> <span class='ocrx_word' id='word_1_88' title='bbox 1134 866 1321 905; x_wconf 89' lang='lat' dir='ltr'><strong>purgans</strong></span> <span class='ocrx_word' id='word_1_89' title='bbox 1351 866 1400 892; x_wconf 92' lang='lat' dir='ltr'><strong>eo</strong></span> <span class='ocrx_word' id='word_1_90' title='bbox 1430 852 1520 905; x_wconf 91' lang='lat' dir='ltr'><strong>ipso</strong></span> <span class='ocrx_word' id='word_1_91' title='bbox 1554 866 1637 905; x_wconf 92' lang='lat' dir='ltr'><strong>quo</strong></span> <span class='ocrx_word' id='word_1_92' title='bbox 1671 854 1853 894; x_wconf 84' lang='lat' dir='ltr'><strong>sumitur</strong></span> 
     </span>
     <span class='ocr_line' id='line_1_13' title="bbox 393 918 1853 973; baseline 0.002 -15"><span class='ocrx_word' id='word_1_93' title='bbox 393 918 472 968; x_wconf 89' lang='lat' dir='ltr'><strong>die,</strong></span> <span class='ocrx_word' id='word_1_94' title='bbox 496 924 623 972; x_wconf 90' lang='lat' dir='ltr'><strong>atque</strong></span> <span class='ocrx_word' id='word_1_95' title='bbox 651 920 756 960; x_wconf 89' lang='lat' dir='ltr'><strong>adeo</strong></span> <span class='ocrx_word' id='word_1_96' title='bbox 785 919 898 960; x_wconf 88' lang='lat' dir='ltr'><strong>inter</strong></span> <span class='ocrx_word' id='word_1_97' title='bbox 928 920 1202 973; x_wconf 88' lang='lat' dir='ltr'><strong>operandum,</strong></span> <span class='ocrx_word' id='word_1_98' title='bbox 1224 920 1429 973; x_wconf 84' lang='lat' dir='ltr'><strong>majorem</strong></span> <span class='ocrx_word' id='word_1_99' title='bbox 1459 919 1853 973; x_wconf 86' lang='lat' dir='ltr'><strong>impraesentiarum</strong></span> 
     </span>
     <span class='ocr_line' id='line_1_14' title="bbox 393 986 1851 1041; baseline 0.002 -15"><span class='ocrx_word' id='word_1_100' title='bbox 393 986 501 1026; x_wconf 88' lang='lat' dir='ltr'><strong>etin</strong></span> <span class='ocrx_word' id='word_1_101' title='bbox 526 987 733 1040; x_wconf 88' lang='lat' dir='ltr'><strong>sanguine</strong></span> <span class='ocrx_word' id='word_1_102' title='bbox 761 992 802 1027; x_wconf 90' lang='lat' dir='ltr'><strong>et</strong></span> <span class='ocrx_word' id='word_1_103' title='bbox 830 987 875 1027; x_wconf 90' lang='lat' dir='ltr'><strong>in</strong></span> <span class='ocrx_word' id='word_1_104' title='bbox 903 987 1072 1040; x_wconf 88' lang='lat' dir='ltr'><strong>reliquis</strong></span> <span class='ocrx_word' id='word_1_105' title='bbox 1092 987 1354 1038; x_wconf 83' lang='lat' dir='ltr'><strong>humoribus,</strong></span> <span class='ocrx_word' id='word_1_106' title='bbox 1378 1001 1505 1040; x_wconf 88' lang='lat' dir='ltr'><strong>quam</strong></span> <span class='ocrx_word' id='word_1_107' title='bbox 1534 988 1606 1041; x_wconf 91' lang='lat' dir='ltr'><strong>qui</strong></span> <span class='ocrx_word' id='word_1_108' title='bbox 1637 993 1735 1028; x_wconf 89' lang='lat' dir='ltr'><strong>ante</strong></span> <span class='ocrx_word' id='word_1_109' title='bbox 1755 988 1851 1040; x_wconf 83' lang='lat' dir='ltr'><strong>fuit,</strong></span> 
     </span>
     <span class='ocr_line' id='line_1_15' title="bbox 391 1054 1853 1108; baseline 0.002 -15"><span class='ocrx_word' id='word_1_110' title='bbox 391 1054 629 1094; x_wconf 86' lang='lat' dir='ltr'><strong>tumultum</strong></span> <span class='ocrx_word' id='word_1_111' title='bbox 664 1054 831 1104; x_wconf 75' lang='lat' dir='ltr'><strong>excitet,</strong></span> <span class='ocrx_word' id='word_1_112' title='bbox 865 1060 909 1095; x_wconf 90' lang='lat' dir='ltr'><strong>et</strong></span> <span class='ocrx_word' id='word_1_113' title='bbox 943 1054 1120 1108; x_wconf 89' lang='lat' dir='ltr'><strong>proinde</strong></span> <span class='ocrx_word' id='word_1_114' title='bbox 1152 1054 1326 1095; x_wconf 83' lang='lat' dir='ltr'><strong>Febrim</strong></span> <span class='ocrx_word' id='word_1_115' title='bbox 1359 1054 1554 1095; x_wconf 89' lang='lat' dir='ltr'><strong>intendat</strong></span> <span class='ocrx_word' id='word_1_116' title='bbox 1567 1072 1578 1104; x_wconf 81' lang='lat'>3</span> <span class='ocrx_word' id='word_1_117' title='bbox 1629 1055 1673 1095; x_wconf 92' lang='lat' dir='ltr'><strong>id</strong></span> <span class='ocrx_word' id='word_1_118' title='bbox 1706 1060 1853 1096; x_wconf 89' lang='lat' dir='ltr'><strong>tamen</strong></span> 
     </span>
     <span class='ocr_line' id='line_1_16' title="bbox 391 1122 1850 1177; baseline 0.002 -15"><span class='ocrx_word' id='word_1_119' title='bbox 391 1135 525 1162; x_wconf 79' lang='lat' dir='ltr'><strong>noxae</strong></span> <span class='ocrx_word' id='word_1_120' title='bbox 546 1123 836 1163; x_wconf 90' lang='lat' dir='ltr'><strong>emolumento</strong></span> <span class='ocrx_word' id='word_1_121' title='bbox 857 1137 955 1163; x_wconf 80' lang='lat' dir='ltr'><strong>mox</strong></span> <span class='ocrx_word' id='word_1_122' title='bbox 975 1123 1075 1163; x_wconf 88' lang='lat' dir='ltr'><strong>inde</strong></span> <span class='ocrx_word' id='word_1_123' title='bbox 1097 1122 1376 1163; x_wconf 88' lang='lat' dir='ltr'><strong>subsecuturo</strong></span> <span class='ocrx_word' id='word_1_124' title='bbox 1396 1123 1490 1176; x_wconf 92' lang='lat' dir='ltr'><strong>plus</strong></span> <span class='ocrx_word' id='word_1_125' title='bbox 1513 1123 1614 1164; x_wconf 84' lang='lat' dir='ltr'><strong>satis</strong></span> <span class='ocrx_word' id='word_1_126' title='bbox 1633 1130 1850 1177; x_wconf 88' lang='lat' dir='ltr'><strong>pensatur.</strong></span> 
     </span>
     <span class='ocr_line' id='line_1_17' title="bbox 391 1189 1852 1244; baseline 0.002 -14"><span class='ocrx_word' id='word_1_127' title='bbox 391 1189 591 1230; x_wconf 85' lang='lat' dir='ltr'><strong>Testatur</strong></span> <span class='ocrx_word' id='word_1_128' title='bbox 625 1191 740 1230; x_wconf 89' lang='lat' dir='ltr'><strong>enim</strong></span> <span class='ocrx_word' id='word_1_129' title='bbox 777 1191 1047 1244; x_wconf 76' lang='lat' dir='ltr'><strong>experientia,</strong></span> <span class='ocrx_word' id='word_1_130' title='bbox 1084 1190 1299 1231; x_wconf 87' lang='lat' dir='ltr'><strong>catharsin</strong></span> <span class='ocrx_word' id='word_1_131' title='bbox 1333 1191 1474 1243; x_wconf 91' lang='lat' dir='ltr'><strong>(modo</strong></span> <span class='ocrx_word' id='word_1_132' title='bbox 1514 1196 1609 1244; x_wconf 90' lang='lat' dir='ltr'><strong>post</strong></span> <span class='ocrx_word' id='word_1_133' title='bbox 1649 1192 1852 1233; x_wconf 88' lang='lat' dir='ltr'><strong>eductum</strong></span> 
     </span>
     <span class='ocr_line' id='line_1_18' title="bbox 391 1258 1852 1312; baseline 0.003 -16"><span class='ocrx_word' id='word_1_134' title='bbox 391 1258 644 1310; x_wconf 88' lang='lat' dir='ltr'><strong>sanguinem</strong></span> <span class='ocrx_word' id='word_1_135' title='bbox 672 1259 892 1311; x_wconf 69' lang='lat' dir='ltr'><strong>tentetiu·,)</strong></span> <span class='ocrx_word' id='word_1_136' title='bbox 922 1259 1182 1312; x_wconf 88' lang='lat' dir='ltr'><strong>quibuslibet</strong></span> <span class='ocrx_word' id='word_1_137' title='bbox 1217 1258 1308 1298; x_wconf 88' lang='lat' dir='ltr'><strong>aliis</strong></span> <span class='ocrx_word' id='word_1_138' title='bbox 1340 1258 1536 1298; x_wconf 82' lang='lat' dir='ltr'><strong>remediis</strong></span> <span class='ocrx_word' id='word_1_139' title='bbox 1571 1258 1734 1300; x_wconf 85' lang='lat' dir='ltr'><strong>felicius</strong></span> <span class='ocrx_word' id='word_1_140' title='bbox 1764 1274 1852 1300; x_wconf 90' lang='lat' dir='ltr'><strong>cer-</strong></span> 
     </span>
     <span class='ocr_line' id='line_1_19' title="bbox 387 1324 1852 1379; baseline 0.003 -16"><span class='ocrx_word' id='word_1_141' title='bbox 387 1324 555 1378; x_wconf 87' lang='lat' dir='ltr'><strong>tiusque</strong></span> <span class='ocrx_word' id='word_1_142' title='bbox 596 1326 777 1366; x_wconf 86' lang='lat' dir='ltr'><strong>Febrem</strong></span> <span class='ocrx_word' id='word_1_143' title='bbox 816 1326 1064 1379; x_wconf 88' lang='lat' dir='ltr'><strong>perdomare</strong></span> <span class='ocrx_word' id='word_1_144' title='bbox 1080 1343 1091 1376; x_wconf 78' lang='lat'>3</span> <span class='ocrx_word' id='word_1_145' title='bbox 1142 1331 1239 1366; x_wconf 89' lang='lat' dir='ltr'><strong>tum</strong></span> <span class='ocrx_word' id='word_1_146' title='bbox 1279 1330 1489 1379; x_wconf 89' lang='lat' dir='ltr'><strong>quatenus</strong></span> <span class='ocrx_word' id='word_1_147' title='bbox 1528 1326 1697 1367; x_wconf 88' lang='lat' dir='ltr'><strong>foedam</strong></span> <span class='ocrx_word' id='word_1_148' title='bbox 1736 1327 1852 1367; x_wconf 89' lang='lat' dir='ltr'><strong>illam</strong></span> 
     </span>
     <span class='ocr_line' id='line_1_20' title="bbox 387 1392 1852 1447; baseline 0.003 -16"><span class='ocrx_word' id='word_1_149' title='bbox 387 1392 615 1433; x_wconf 90' lang='lat' dir='ltr'><strong>humorum</strong></span> <span class='ocrx_word' id='word_1_150' title='bbox 635 1393 822 1434; x_wconf 80' lang='lat' dir='ltr'><strong>illuviem</strong></span> <span class='ocrx_word' id='word_1_151' title='bbox 843 1408 866 1434; x_wconf 93' lang='lat' dir='ltr'><strong>e</strong></span> <span class='ocrx_word' id='word_1_152' title='bbox 897 1408 1070 1447; x_wconf 89' lang='lat' dir='ltr'><strong>corpore</strong></span> <span class='ocrx_word' id='word_1_153' title='bbox 1102 1393 1255 1447; x_wconf 82' lang='lat' dir='ltr'><strong>exigat,</strong></span> <span class='ocrx_word' id='word_1_154' title='bbox 1279 1407 1303 1433; x_wconf 91' lang='lat' dir='ltr'><strong>a</strong></span> <span class='ocrx_word' id='word_1_155' title='bbox 1325 1393 1478 1446; x_wconf 92' lang='lat' dir='ltr'><strong>quibus</strong></span> <span class='ocrx_word' id='word_1_156' title='bbox 1500 1398 1549 1434; x_wconf 91' lang='lat' dir='ltr'><strong>ut</strong></span> <span class='ocrx_word' id='word_1_157' title='bbox 1571 1408 1595 1434; x_wconf 90' lang='lat' dir='ltr'><strong>a</strong></span> <span class='ocrx_word' id='word_1_158' title='bbox 1623 1408 1748 1434; x_wconf 86' lang='lat' dir='ltr'><strong>causa</strong></span> <span class='ocrx_word' id='word_1_159' title='bbox 1777 1409 1852 1435; x_wconf 90' lang='lat' dir='ltr'><strong>an-</strong></span> 
     </span>
     <span class='ocr_line' id='line_1_21' title="bbox 386 1456 1851 1514; baseline 0.001 -14"><span class='ocrx_word' id='word_1_160' title='bbox 386 1460 610 1501; x_wconf 87' lang='lat' dir='ltr'><strong>tecedente</strong></span> <span class='ocrx_word' id='word_1_161' title='bbox 631 1461 777 1501; x_wconf 90' lang='lat' dir='ltr'><strong>Febris</strong></span> <span class='ocrx_word' id='word_1_162' title='bbox 799 1456 1124 1512; x_wconf 83' lang='lat' dir='ltr'><strong>accendebatur,</strong></span> <span class='ocrx_word' id='word_1_163' title='bbox 1145 1461 1212 1501; x_wconf 71' lang='lat' dir='ltr'><strong>vel</strong></span> <span class='ocrx_word' id='word_1_164' title='bbox 1233 1460 1268 1501; x_wconf 88' lang='lat' dir='ltr'><strong>si</strong></span> <span class='ocrx_word' id='word_1_165' title='bbox 1294 1475 1382 1501; x_wconf 89' lang='lat' dir='ltr'><strong>non</strong></span> <span class='ocrx_word' id='word_1_166' title='bbox 1408 1466 1535 1501; x_wconf 86' lang='lat' dir='ltr'><strong>antea</strong></span> <span class='ocrx_word' id='word_1_167' title='bbox 1554 1461 1788 1514; x_wconf 86' lang='lat' dir='ltr'><strong>peccabant</strong></span> <span class='ocrx_word' id='word_1_168' title='bbox 1808 1462 1851 1513; x_wconf 89' lang='lat' dir='ltr'><strong>ii,</strong></span> 
     </span>
     <span class='ocr_line' id='line_1_22' title="bbox 381 1527 1851 1580; baseline 0.003 -14"><span class='ocrx_word' id='word_1_169' title='bbox 381 1527 471 1579; x_wconf 89' lang='lat' dir='ltr'><strong>jam</strong></span> <span class='ocrx_word' id='word_1_170' title='bbox 503 1528 652 1568; x_wconf 88' lang='lat' dir='ltr'><strong>saltem</strong></span> <span class='ocrx_word' id='word_1_171' title='bbox 688 1529 974 1578; x_wconf 88' lang='lat' dir='ltr'><strong>concalefacti,</strong></span> <span class='ocrx_word' id='word_1_172' title='bbox 1006 1534 1049 1569; x_wconf 92' lang='lat' dir='ltr'><strong>et</strong></span> <span class='ocrx_word' id='word_1_173' title='bbox 1086 1543 1109 1568; x_wconf 90' lang='lat' dir='ltr'><strong>a</strong></span> <span class='ocrx_word' id='word_1_174' title='bbox 1144 1528 1290 1568; x_wconf 87' lang='lat' dir='ltr'><strong>Febris</strong></span> <span class='ocrx_word' id='word_1_175' title='bbox 1327 1527 1475 1568; x_wconf 88' lang='lat' dir='ltr'><strong>ardore</strong></span> <span class='ocrx_word' id='word_1_176' title='bbox 1507 1528 1626 1580; x_wconf 85' lang='lat' dir='ltr'><strong>quasi</strong></span> <span class='ocrx_word' id='word_1_177' title='bbox 1664 1529 1773 1569; x_wconf 89' lang='lat' dir='ltr'><strong>cocti</strong></span> <span class='ocrx_word' id='word_1_178' title='bbox 1808 1535 1851 1570; x_wconf 88' lang='lat' dir='ltr'><strong>et</strong></span> 
     </span>
     <span class='ocr_line' id='line_1_23' title="bbox 387 1595 1850 1649; baseline 0.002 -15"><span class='ocrx_word' id='word_1_179' title='bbox 387 1595 626 1648; x_wconf 87' lang='lat' dir='ltr'><strong>constipati,</strong></span> <span class='ocrx_word' id='word_1_180' title='bbox 650 1596 703 1636; x_wconf 89' lang='lat' dir='ltr'><strong>ad</strong></span> <span class='ocrx_word' id='word_1_181' title='bbox 725 1596 914 1649; x_wconf 83' lang='lat' dir='ltr'><strong>ejusdem</strong></span> <span class='ocrx_word' id='word_1_182' title='bbox 934 1610 1098 1636; x_wconf 87' lang='lat' dir='ltr'><strong>moram</strong></span> <span class='ocrx_word' id='word_1_183' title='bbox 1120 1595 1430 1636; x_wconf 90' lang='lat' dir='ltr'><strong>diuturniorem</strong></span> <span class='ocrx_word' id='word_1_184' title='bbox 1454 1596 1640 1635; x_wconf 80' lang='lat' dir='ltr'><strong>multum</strong></span> <span class='ocrx_word' id='word_1_185' title='bbox 1661 1596 1825 1637; x_wconf 89' lang='lat' dir='ltr'><strong>faciunt</strong></span> <span class='ocrx_word' id='word_1_186' title='bbox 1837 1615 1850 1647; x_wconf 79' lang='lat'><em>3</em></span> 
     </span>
     <span class='ocr_line' id='line_1_24' title="bbox 386 1663 1850 1717; baseline 0.002 -15"><span class='ocrx_word' id='word_1_187' title='bbox 386 1667 481 1702; x_wconf 86' lang='lat' dir='ltr'><strong>tum</strong></span> <span class='ocrx_word' id='word_1_188' title='bbox 503 1663 631 1703; x_wconf 90' lang='lat' dir='ltr'><strong>etiam</strong></span> <span class='ocrx_word' id='word_1_189' title='bbox 653 1668 863 1716; x_wconf 89' lang='lat' dir='ltr'><strong>quatenus</strong></span> <span class='ocrx_word' id='word_1_190' title='bbox 892 1664 1089 1717; x_wconf 81' lang='lat' dir='ltr'><strong>anodyno</strong></span> <span class='ocrx_word' id='word_1_191' title='bbox 1109 1663 1219 1703; x_wconf 59' lang='lat' dir='ltr'><strong>iiam</strong></span> <span class='ocrx_word' id='word_1_192' title='bbox 1242 1663 1407 1712; x_wconf 89' lang='lat' dir='ltr'><strong>sternit,</strong></span> <span class='ocrx_word' id='word_1_193' title='bbox 1431 1663 1544 1716; x_wconf 88' lang='lat' dir='ltr'><strong>quod</strong></span> <span class='ocrx_word' id='word_1_194' title='bbox 1564 1664 1698 1703; x_wconf 89' lang='lat' dir='ltr'><strong>tutius</strong></span> <span class='ocrx_word' id='word_1_195' title='bbox 1723 1664 1850 1717; x_wconf 86' lang='lat' dir='ltr'><strong>longe</strong></span> 
     </span>
     <span class='ocr_line' id='line_1_25' title="bbox 388 1730 1848 1784; baseline 0.002 -15"><span class='ocrx_word' id='word_1_196' title='bbox 388 1730 626 1783; x_wconf 81' lang='lat' dir='ltr'><strong>certiusque</strong></span> <span class='ocrx_word' id='word_1_197' title='bbox 656 1732 791 1771; x_wconf 88' lang='lat' dir='ltr'><strong>officio</strong></span> <span class='ocrx_word' id='word_1_198' title='bbox 824 1745 899 1771; x_wconf 92' lang='lat' dir='ltr'><strong>suo</strong></span> <span class='ocrx_word' id='word_1_199' title='bbox 929 1731 1135 1784; x_wconf 89' lang='lat' dir='ltr'><strong>fungitur,</strong></span> <span class='ocrx_word' id='word_1_200' title='bbox 1166 1745 1293 1784; x_wconf 90' lang='lat' dir='ltr'><strong>quam</strong></span> <span class='ocrx_word' id='word_1_201' title='bbox 1323 1730 1358 1770; x_wconf 86' lang='lat' dir='ltr'><strong>si</strong></span> <span class='ocrx_word' id='word_1_202' title='bbox 1384 1730 1585 1770; x_wconf 91' lang='lat' dir='ltr'><strong>humores</strong></span> <span class='ocrx_word' id='word_1_203' title='bbox 1611 1738 1848 1784; x_wconf 88' lang='lat' dir='ltr'><strong>peccantes,</strong></span> 
     </span>
     <span class='ocr_line' id='line_1_26' title="bbox 388 1797 1849 1852; baseline 0.003 -16"><span class='ocrx_word' id='word_1_204' title='bbox 388 1797 458 1850; x_wconf 91' lang='lat' dir='ltr'><strong>qui</strong></span> <span class='ocrx_word' id='word_1_205' title='bbox 489 1798 721 1851; x_wconf 79' lang='lat' dir='ltr'><strong>paregorici</strong></span> <span class='ocrx_word' id='word_1_206' title='bbox 752 1799 859 1839; x_wconf 71' lang='lat' dir='ltr'><strong>vires</strong></span> <span class='ocrx_word' id='word_1_207' title='bbox 893 1799 1014 1839; x_wconf 88' lang='lat' dir='ltr'><strong>aliter</strong></span> <span class='ocrx_word' id='word_1_208' title='bbox 1046 1798 1284 1852; x_wconf 89' lang='lat' dir='ltr'><strong>potuissent</strong></span> <span class='ocrx_word' id='word_1_209' title='bbox 1319 1797 1564 1850; x_wconf 67' lang='lat' dir='ltr'><strong>instringere,</strong></span> <span class='ocrx_word' id='word_1_210' title='bbox 1596 1800 1849 1851; x_wconf 84' lang='lat' dir='ltr'><strong>purgatione</strong></span> 
     </span>
     <span class='ocr_line' id='line_1_27' title="bbox 388 1865 897 1906; baseline 0.006 -3"><span class='ocrx_word' id='word_1_211' title='bbox 388 1878 476 1904; x_wconf 87' lang='lat' dir='ltr'><strong>non</strong></span> <span class='ocrx_word' id='word_1_212' title='bbox 496 1865 656 1906; x_wconf 88' lang='lat' dir='ltr'><strong>fuerint</strong></span> <span class='ocrx_word' id='word_1_213' title='bbox 678 1866 897 1906; x_wconf 86' lang='lat' dir='ltr'><strong>eliminati.</strong></span> 
     </span>
    </p>

    <p class='ocr_par' dir='ltr' id='par_1_5' title="bbox 185 1931 1850 1989">
     <span class='ocr_line' id='line_1_28' title="bbox 185 1931 1850 1989; baseline 0.003 -20"><span class='ocrx_word' id='word_1_214' title='bbox 185 1938 347 1989; x_wconf 58' lang='lat' dir='ltr'><strong>Efqntra,</strong></span> <span class='ocrx_word' id='word_1_215' title='bbox 452 1932 558 1985; x_wconf 86' lang='lat'>[37.]</span> <span class='ocrx_word' id='word_1_216' title='bbox 602 1933 661 1972; x_wconf 90' lang='lat' dir='ltr'><strong>At</strong></span> <span class='ocrx_word' id='word_1_217' title='bbox 697 1947 719 1972; x_wconf 91' lang='lat' dir='ltr'><strong>e</strong></span> <span class='ocrx_word' id='word_1_218' title='bbox 755 1939 915 1983; x_wconf 89' lang='lat' dir='ltr'><strong>contra,</strong></span> <span class='ocrx_word' id='word_1_219' title='bbox 953 1932 1076 1973; x_wconf 87' lang='lat' dir='ltr'><strong>sicuti</strong></span> <span class='ocrx_word' id='word_1_220' title='bbox 1111 1932 1338 1973; x_wconf 86' lang='lat' dir='ltr'><strong>methodus</strong></span> <span class='ocrx_word' id='word_1_221' title='bbox 1373 1931 1446 1972; x_wconf 88' lang='lat' dir='ltr'><strong>illa</strong></span> <span class='ocrx_word' id='word_1_222' title='bbox 1482 1946 1588 1985; x_wconf 87' lang='lat' dir='ltr'><strong>quac</strong></span> <span class='ocrx_word' id='word_1_223' title='bbox 1628 1934 1850 1975; x_wconf 85' lang='lat' dir='ltr'><strong>materiam</strong></span> 
     </span>
    </p>

    <p class='ocr_par' dir='ltr' id='par_1_6' title="bbox 180 1990 1849 2053">
     <span class='ocr_line' id='line_1_29' title="bbox 180 1990 1849 2053; baseline 0.002 -14"><span class='ocrx_word' id='word_1_224' title='bbox 180 1990 323 2022; x_wconf 50' lang='lat' dir='ltr'><strong>“mcum</strong></span> <span class='ocrx_word' id='word_1_225' title='bbox 385 1998 595 2039; x_wconf 88' lang='lat' dir='ltr'><strong>Febrilem</strong></span> <span class='ocrx_word' id='word_1_226' title='bbox 616 2014 691 2052; x_wconf 87' lang='lat' dir='ltr'><strong>per</strong></span> <span class='ocrx_word' id='word_1_227' title='bbox 710 2014 834 2053; x_wconf 90' lang='lat' dir='ltr'><strong>poros</strong></span> <span class='ocrx_word' id='word_1_228' title='bbox 863 2000 971 2040; x_wconf 89' lang='lat' dir='ltr'><strong>cutis</strong></span> <span class='ocrx_word' id='word_1_229' title='bbox 1005 2000 1222 2041; x_wconf 89' lang='lat' dir='ltr'><strong>eliminare</strong></span> <span class='ocrx_word' id='word_1_230' title='bbox 1251 2000 1418 2052; x_wconf 81' lang='lat' dir='ltr'><strong>satagit,</strong></span> <span class='ocrx_word' id='word_1_231' title='bbox 1442 2000 1583 2040; x_wconf 88' lang='lat' dir='ltr'><strong>minus</strong></span> <span class='ocrx_word' id='word_1_232' title='bbox 1610 2001 1739 2042; x_wconf 90' lang='lat' dir='ltr'><strong>habet</strong></span> <span class='ocrx_word' id='word_1_233' title='bbox 1761 2015 1849 2042; x_wconf 88' lang='lat' dir='ltr'><strong>cer-</strong></span> 
     </span>
    </p>
   </div>
   <div class='ocr_carea' id='block_1_5' title="bbox 182 2026 1851 2122">
    <p class='ocr_par' dir='ltr' id='par_1_7' title="bbox 182 2026 1851 2122">
     <span class='ocr_line' id='line_1_30' title="bbox 182 2026 352 2056; baseline 0.012 -2"><span class='ocrx_word' id='word_1_234' title='bbox 182 2026 352 2056; x_wconf 85' lang='lat' dir='ltr'><strong>methodus</strong></span> 
     </span>
     <span class='ocr_line' id='line_1_31' title="bbox 182 2067 1851 2122; baseline 0.001 -15"><span class='ocrx_word' id='word_1_235' title='bbox 182 2079 263 2107; x_wconf 73' lang='lat' dir='ltr'><strong>quae</strong></span> <span class='ocrx_word' id='word_1_236' title='bbox 279 2079 347 2099; x_wconf 75' lang='lat' dir='ltr'><strong>ma-</strong></span> <span class='ocrx_word' id='word_1_237' title='bbox 385 2067 594 2117; x_wconf 84' lang='lat' dir='ltr'><strong>titudinis‚</strong></span> <span class='ocrx_word' id='word_1_238' title='bbox 615 2068 676 2108; x_wconf 86' lang='lat' dir='ltr'><strong>ita</strong></span> <span class='ocrx_word' id='word_1_239' title='bbox 695 2069 788 2121; x_wconf 89' lang='lat' dir='ltr'><strong>plus</strong></span> <span class='ocrx_word' id='word_1_240' title='bbox 808 2068 938 2108; x_wconf 87' lang='lat' dir='ltr'><strong>habet</strong></span> <span class='ocrx_word' id='word_1_241' title='bbox 967 2072 1009 2108; x_wconf 91' lang='lat' dir='ltr'><strong>et</strong></span> <span class='ocrx_word' id='word_1_242' title='bbox 1036 2068 1194 2108; x_wconf 84' lang='lat' dir='ltr'><strong>fastidii</strong></span> <span class='ocrx_word' id='word_1_243' title='bbox 1214 2073 1256 2108; x_wconf 89' lang='lat' dir='ltr'><strong>et</strong></span> <span class='ocrx_word' id='word_1_244' title='bbox 1276 2082 1433 2117; x_wconf 86' lang='lat' dir='ltr'><strong>morae,</strong></span> <span class='ocrx_word' id='word_1_245' title='bbox 1456 2072 1606 2121; x_wconf 87' lang='lat' dir='ltr'><strong>utpote</strong></span> <span class='ocrx_word' id='word_1_246' title='bbox 1628 2083 1711 2122; x_wconf 87' lang='lat' dir='ltr'><strong>qua</strong></span> <span class='ocrx_word' id='word_1_247' title='bbox 1737 2083 1851 2110; x_wconf 85' lang='lat' dir='ltr'><strong>mor-</strong></span> 
     </span>
    </p>
   </div>
   <div class='ocr_carea' id='block_1_6' title="bbox 182 2113 1849 2866">
    <p class='ocr_par' dir='ltr' id='par_1_8' title="bbox 182 2113 1849 2866">
     <span class='ocr_line' id='line_1_32' title="bbox 182 2113 1849 2194; baseline 0.002 -20"><span class='ocrx_word' id='word_1_248' title='bbox 182 2114 295 2183; x_wconf 54' lang='lat' dir='ltr'><strong>{fflffl</strong></span> <span class='ocrx_word' id='word_1_249' title='bbox 311 2113 369 2194; x_wconf 42' lang='lat' dir='ltr'><strong>{ie-r</strong></span> <span class='ocrx_word' id='word_1_250' title='bbox 385 2135 465 2175; x_wconf 90' lang='lat' dir='ltr'><strong>bus</strong></span> <span class='ocrx_word' id='word_1_251' title='bbox 501 2136 666 2188; x_wconf 87' lang='lat' dir='ltr'><strong>saepius</strong></span> <span class='ocrx_word' id='word_1_252' title='bbox 697 2136 751 2176; x_wconf 89' lang='lat' dir='ltr'><strong>ad</strong></span> <span class='ocrx_word' id='word_1_253' title='bbox 782 2136 1038 2189; x_wconf 88' lang='lat' dir='ltr'><strong>septimanas</strong></span> <span class='ocrx_word' id='word_1_254' title='bbox 1073 2135 1233 2188; x_wconf 81' lang='lat' dir='ltr'><strong>aliquot</strong></span> <span class='ocrx_word' id='word_1_255' title='bbox 1272 2135 1543 2188; x_wconf 85' lang='lat' dir='ltr'><strong>producitur:</strong></span> <span class='ocrx_word' id='word_1_256' title='bbox 1595 2149 1693 2176; x_wconf 90' lang='lat' dir='ltr'><strong>cum</strong></span> <span class='ocrx_word' id='word_1_257' title='bbox 1724 2150 1849 2189; x_wconf 87' lang='lat' dir='ltr'><strong>aeger</strong></span> 
     </span>
     <span class='ocr_line' id='line_1_33' title="bbox 182 2198 1846 2270; baseline 0 -26"><span class='ocrx_word' id='word_1_258' title='bbox 182 2198 368 2270; x_wconf 41' lang='lat' dir='ltr'><strong>{ffil‘fflfgffis</strong></span> <span class='ocrx_word' id='word_1_259' title='bbox 385 2203 465 2244; x_wconf 90' lang='lat' dir='ltr'><strong>hoc</strong></span> <span class='ocrx_word' id='word_1_260' title='bbox 493 2204 619 2244; x_wconf 91' lang='lat' dir='ltr'><strong>modo</strong></span> <span class='ocrx_word' id='word_1_261' title='bbox 649 2204 836 2257; x_wconf 88' lang='lat' dir='ltr'><strong>primum</strong></span> <span class='ocrx_word' id='word_1_262' title='bbox 862 2204 909 2244; x_wconf 90' lang='lat' dir='ltr'><strong>in</strong></span> <span class='ocrx_word' id='word_1_263' title='bbox 934 2204 1026 2256; x_wconf 89' lang='lat' dir='ltr'><strong>ipso</strong></span> <span class='ocrx_word' id='word_1_264' title='bbox 1055 2203 1266 2256; x_wconf 87' lang='lat' dir='ltr'><strong>sepulchri</strong></span> <span class='ocrx_word' id='word_1_265' title='bbox 1292 2202 1485 2255; x_wconf 86' lang='lat' dir='ltr'><strong>margine</strong></span> <span class='ocrx_word' id='word_1_266' title='bbox 1518 2203 1568 2255; x_wconf 86' lang='lat' dir='ltr'><strong>(si</strong></span> <span class='ocrx_word' id='word_1_267' title='bbox 1594 2203 1704 2244; x_wconf 87' lang='lat' dir='ltr'><strong>forte</strong></span> <span class='ocrx_word' id='word_1_268' title='bbox 1732 2204 1846 2245; x_wconf 91' lang='lat' dir='ltr'><strong>Libi-</strong></span> 
     </span>
     <span class='ocr_line' id='line_1_34' title="bbox 185 2271 1847 2325; baseline 0.002 -16"><span class='ocrx_word' id='word_1_269' title='bbox 185 2281 308 2320; x_wconf 83' lang='lat' dir='ltr'><strong>satagit.</strong></span> <span class='ocrx_word' id='word_1_270' title='bbox 384 2272 521 2312; x_wconf 87' lang='lat' dir='ltr'><strong>tinam</strong></span> <span class='ocrx_word' id='word_1_271' title='bbox 557 2272 684 2312; x_wconf 73' lang='lat' dir='ltr'><strong>evitet</strong></span> <span class='ocrx_word' id='word_1_272' title='bbox 719 2272 924 2325; x_wconf 88' lang='lat' dir='ltr'><strong>tandem,)</strong></span> <span class='ocrx_word' id='word_1_273' title='bbox 964 2271 1272 2320; x_wconf 83' lang='lat' dir='ltr'><strong>constituatm·;</strong></span> <span class='ocrx_word' id='word_1_274' title='bbox 1320 2276 1362 2311; x_wconf 91' lang='lat' dir='ltr'><strong>et</strong></span> <span class='ocrx_word' id='word_1_275' title='bbox 1397 2284 1472 2323; x_wconf 89' lang='lat' dir='ltr'><strong>per</strong></span> <span class='ocrx_word' id='word_1_276' title='bbox 1505 2271 1684 2324; x_wconf 89' lang='lat' dir='ltr'><strong>longum</strong></span> <span class='ocrx_word' id='word_1_277' title='bbox 1724 2271 1847 2313; x_wconf 92' lang='lat' dir='ltr'><strong>illum</strong></span> 
     </span>
     <span class='ocr_line' id='line_1_35' title="bbox 385 2337 1845 2392; baseline 0.001 -13"><span class='ocrx_word' id='word_1_278' title='bbox 385 2339 530 2379; x_wconf 87' lang='lat' dir='ltr'><strong>Febris</strong></span> <span class='ocrx_word' id='word_1_279' title='bbox 548 2339 774 2380; x_wconf 89' lang='lat' dir='ltr'><strong>decursum</strong></span> <span class='ocrx_word' id='word_1_280' title='bbox 791 2339 922 2380; x_wconf 86' lang='lat' dir='ltr'><strong>denso</strong></span> <span class='ocrx_word' id='word_1_281' title='bbox 937 2338 1225 2379; x_wconf 89' lang='lat' dir='ltr'><strong>remediorum</strong></span> <span class='ocrx_word' id='word_1_282' title='bbox 1241 2338 1410 2391; x_wconf 85' lang='lat' dir='ltr'><strong>agmine</strong></span> <span class='ocrx_word' id='word_1_283' title='bbox 1431 2337 1671 2389; x_wconf 88' lang='lat' dir='ltr'><strong>infestetur,</strong></span> <span class='ocrx_word' id='word_1_284' title='bbox 1690 2338 1845 2392; x_wconf 89' lang='lat' dir='ltr'><strong>quibus</strong></span> 
     </span>
     <span class='ocr_line' id='line_1_36' title="bbox 385 2405 1846 2461; baseline 0.001 -15"><span class='ocrx_word' id='word_1_285' title='bbox 385 2420 434 2446; x_wconf 90' lang='lat' dir='ltr'><strong>ea</strong></span> <span class='ocrx_word' id='word_1_286' title='bbox 464 2412 765 2460; x_wconf 84' lang='lat' dir='ltr'><strong>expugnantur</strong></span> <span class='ocrx_word' id='word_1_287' title='bbox 795 2410 1080 2461; x_wconf 74' lang='lat' dir='ltr'><strong>symptomata</strong></span> <span class='ocrx_word' id='word_1_288' title='bbox 1112 2420 1219 2459; x_wconf 88' lang='lat' dir='ltr'><strong>quae</strong></span> <span class='ocrx_word' id='word_1_289' title='bbox 1251 2405 1449 2458; x_wconf 88' lang='lat' dir='ltr'><strong>imperita</strong></span> <span class='ocrx_word' id='word_1_290' title='bbox 1480 2405 1617 2445; x_wconf 88' lang='lat' dir='ltr'><strong>morbi</strong></span> <span class='ocrx_word' id='word_1_291' title='bbox 1647 2407 1846 2448; x_wconf 89' lang='lat' dir='ltr'><strong>tractatio</strong></span> 
     </span>
     <span class='ocr_line' id='line_1_37' title="bbox 385 2472 1847 2528; baseline 0.001 -14"><span class='ocrx_word' id='word_1_292' title='bbox 385 2475 576 2524; x_wconf 77' lang='lat' dir='ltr'><strong>advexit3</strong></span> <span class='ocrx_word' id='word_1_293' title='bbox 608 2475 711 2514; x_wconf 90' lang='lat' dir='ltr'><strong>dum</strong></span> <span class='ocrx_word' id='word_1_294' title='bbox 730 2475 938 2528; x_wconf 88' lang='lat' dir='ltr'><strong>regimine</strong></span> <span class='ocrx_word' id='word_1_295' title='bbox 959 2479 1001 2514; x_wconf 91' lang='lat' dir='ltr'><strong>et</strong></span> <span class='ocrx_word' id='word_1_296' title='bbox 1031 2473 1350 2514; x_wconf 89' lang='lat' dir='ltr'><strong>medicamentis</strong></span> <span class='ocrx_word' id='word_1_297' title='bbox 1372 2472 1633 2513; x_wconf 86' lang='lat' dir='ltr'><strong>calidissimis</strong></span> <span class='ocrx_word' id='word_1_298' title='bbox 1654 2479 1847 2515; x_wconf 86' lang='lat' dir='ltr'><strong>tentatur</strong></span> 
     </span>
     <span class='ocr_line' id='line_1_38' title="bbox 386 2540 1845 2596; baseline 0 -14"><span class='ocrx_word' id='word_1_299' title='bbox 386 2543 547 2583; x_wconf 90' lang='lat' dir='ltr'><strong>curatio</strong></span> <span class='ocrx_word' id='word_1_300' title='bbox 577 2542 785 2596; x_wconf 81' lang='lat' dir='ltr'><strong>ejusmodi</strong></span> <span class='ocrx_word' id='word_1_301' title='bbox 810 2543 998 2591; x_wconf 81' lang='lat' dir='ltr'><strong>affectus,</strong></span> <span class='ocrx_word' id='word_1_302' title='bbox 1027 2541 1099 2595; x_wconf 89' lang='lat' dir='ltr'><strong>qui</strong></span> <span class='ocrx_word' id='word_1_303' title='bbox 1126 2555 1200 2595; x_wconf 88' lang='lat' dir='ltr'><strong>pro</strong></span> <span class='ocrx_word' id='word_1_304' title='bbox 1228 2540 1354 2594; x_wconf 89' lang='lat' dir='ltr'><strong>genio</strong></span> <span class='ocrx_word' id='word_1_305' title='bbox 1382 2554 1457 2580; x_wconf 91' lang='lat' dir='ltr'><strong>suo</strong></span> <span class='ocrx_word' id='word_1_306' title='bbox 1483 2545 1665 2594; x_wconf 87' lang='lat' dir='ltr'><strong>utraque</strong></span> <span class='ocrx_word' id='word_1_307' title='bbox 1691 2540 1845 2582; x_wconf 83' lang='lat' dir='ltr'><strong>horum</strong></span> 
     </span>
     <span class='ocr_line' id='line_1_39' title="bbox 383 2607 1846 2662; baseline 0 -14"><span class='ocrx_word' id='word_1_308' title='bbox 383 2609 655 2661; x_wconf 86' lang='lat' dir='ltr'><strong>frigidissima</strong></span> <span class='ocrx_word' id='word_1_309' title='bbox 695 2609 868 2650; x_wconf 89' lang='lat' dir='ltr'><strong>omnino</strong></span> <span class='ocrx_word' id='word_1_310' title='bbox 909 2608 1107 2662; x_wconf 87' lang='lat' dir='ltr'><strong>deposcit.</strong></span> <span class='ocrx_word' id='word_1_311' title='bbox 1170 2609 1313 2660; x_wconf 89' lang='lat' dir='ltr'><strong>Atque</strong></span> <span class='ocrx_word' id='word_1_312' title='bbox 1352 2607 1415 2647; x_wconf 89' lang='lat' dir='ltr'><strong>ita</strong></span> <span class='ocrx_word' id='word_1_313' title='bbox 1460 2607 1563 2647; x_wconf 88' lang='lat' dir='ltr'><strong>dum</strong></span> <span class='ocrx_word' id='word_1_314' title='bbox 1603 2607 1714 2648; x_wconf 88' lang='lat' dir='ltr'><strong>male</strong></span> <span class='ocrx_word' id='word_1_315' title='bbox 1754 2609 1846 2648; x_wconf 88' lang='lat' dir='ltr'><strong>sani</strong></span> 
     </span>
     <span class='ocr_line' id='line_1_40' title="bbox 384 2674 1844 2729; baseline 0.001 -13"><span class='ocrx_word' id='word_1_316' title='bbox 384 2677 578 2717; x_wconf 87' lang='lat' dir='ltr'><strong>homines</strong></span> <span class='ocrx_word' id='word_1_317' title='bbox 590 2676 709 2717; x_wconf 83' lang='lat' dir='ltr'><strong>Artis</strong></span> <span class='ocrx_word' id='word_1_318' title='bbox 725 2677 849 2729; x_wconf 74' lang='lat' dir='ltr'><strong>(falso</strong></span> <span class='ocrx_word' id='word_1_319' title='bbox 866 2676 1031 2729; x_wconf 51' lang='lat' dir='ltr'><strong>dictae)</strong></span> <span class='ocrx_word' id='word_1_320' title='bbox 1050 2675 1208 2729; x_wconf 87' lang='lat' dir='ltr'><strong>regulis</strong></span> <span class='ocrx_word' id='word_1_321' title='bbox 1225 2689 1267 2715; x_wconf 90' lang='lat' dir='ltr'><strong>se</strong></span> <span class='ocrx_word' id='word_1_322' title='bbox 1283 2674 1542 2727; x_wconf 88' lang='lat' dir='ltr'><strong>mancipant,</strong></span> <span class='ocrx_word' id='word_1_323' title='bbox 1558 2674 1687 2715; x_wconf 88' lang='lat' dir='ltr'><strong>etiam</strong></span> <span class='ocrx_word' id='word_1_324' title='bbox 1703 2680 1844 2729; x_wconf 88' lang='lat' dir='ltr'><strong>spreto</strong></span> 
     </span>
     <span class='ocr_line' id='line_1_41' title="bbox 386 2742 1844 2797; baseline -0.001 -13"><span class='ocrx_word' id='word_1_325' title='bbox 386 2758 587 2784; x_wconf 88' lang='lat' dir='ltr'><strong>sensuum</strong></span> <span class='ocrx_word' id='word_1_326' title='bbox 612 2745 694 2785; x_wconf 91' lang='lat' dir='ltr'><strong>illis</strong></span> <span class='ocrx_word' id='word_1_327' title='bbox 722 2744 1047 2785; x_wconf 86' lang='lat' dir='ltr'><strong>reclamantium</strong></span> <span class='ocrx_word' id='word_1_328' title='bbox 1072 2742 1244 2797; x_wconf 83' lang='lat' dir='ltr'><strong>judicio,</strong></span> <span class='ocrx_word' id='word_1_329' title='bbox 1276 2742 1474 2782; x_wconf 91' lang='lat' dir='ltr'><strong>morbum</strong></span> <span class='ocrx_word' id='word_1_330' title='bbox 1507 2755 1558 2782; x_wconf 80' lang='lat' dir='ltr'><strong>ex</strong></span> <span class='ocrx_word' id='word_1_331' title='bbox 1586 2756 1663 2782; x_wconf 87' lang='lat' dir='ltr'><strong>sua</strong></span> <span class='ocrx_word' id='word_1_332' title='bbox 1688 2747 1844 2784; x_wconf 85' lang='lat' dir='ltr'><strong>natura</strong></span> 
     </span>
     <span class='ocr_line' id='line_1_42' title="bbox 384 2809 1841 2866; baseline -0.001 -15"><span class='ocrx_word' id='word_1_333' title='bbox 384 2811 553 2852; x_wconf 76' lang='lat' dir='ltr'><strong>brevem</strong></span> <span class='ocrx_word' id='word_1_334' title='bbox 583 2813 833 2866; x_wconf 88' lang='lat' dir='ltr'><strong>facilemque</strong></span> <span class='ocrx_word' id='word_1_335' title='bbox 865 2812 909 2851; x_wconf 88' lang='lat' dir='ltr'><strong>in</strong></span> <span class='ocrx_word' id='word_1_336' title='bbox 941 2811 1192 2851; x_wconf 88' lang='lat' dir='ltr'><strong>diuturnum</strong></span> <span class='ocrx_word' id='word_1_337' title='bbox 1224 2815 1266 2850; x_wconf 89' lang='lat' dir='ltr'><strong>et</strong></span> <span class='ocrx_word' id='word_1_338' title='bbox 1298 2809 1510 2850; x_wconf 81' lang='lat' dir='ltr'><strong>difficilem</strong></span> <span class='ocrx_word' id='word_1_339' title='bbox 1546 2809 1710 2850; x_wconf 88' lang='lat' dir='ltr'><strong>erudite</strong></span> <span class='ocrx_word' id='word_1_340' title='bbox 1743 2823 1841 2850; x_wconf 89' lang='lat' dir='ltr'><strong>con-</strong></span> 
     </span>
    </p>
   </div>
   <div class='ocr_carea' id='block_1_7' title="bbox 384 2876 1843 2930">
    <p class='ocr_par' dir='ltr' id='par_1_9' title="bbox 384 2876 1843 2930">
     <span class='ocr_line' id='line_1_43' title="bbox 384 2876 1843 2930; baseline -0.002 -11"><span class='ocrx_word' id='word_1_341' title='bbox 384 2886 569 2930; x_wconf 76' lang='lat' dir='ltr'><strong>vertunt,</strong></span> <span class='ocrx_word' id='word_1_342' title='bbox 606 2881 748 2921; x_wconf 87' lang='lat' dir='ltr'><strong>omnia</strong></span> <span class='ocrx_word' id='word_1_343' title='bbox 786 2879 978 2920; x_wconf 83' lang='lat' dir='ltr'><strong>tumultu</strong></span> <span class='ocrx_word' id='word_1_344' title='bbox 1013 2883 1056 2919; x_wconf 93' lang='lat' dir='ltr'><strong>et</strong></span> <span class='ocrx_word' id='word_1_345' title='bbox 1095 2883 1215 2918; x_wconf 90' lang='lat' dir='ltr'><strong>metu</strong></span> <span class='ocrx_word' id='word_1_346' title='bbox 1255 2876 1574 2926; x_wconf 78' lang='lat' dir='ltr'><strong>conmrbantes,</strong></span> <span class='ocrx_word' id='word_1_347' title='bbox 1611 2878 1653 2916; x_wconf 80' lang='lat' dir='ltr'><strong>et</strong></span> <span class='ocrx_word' id='word_1_348' title='bbox 1684 2876 1843 2929; x_wconf 75' lang='lat' dir='ltr'><strong>fluetus</strong></span> 
     </span>
    </p>
   </div>
   <div class='ocr_carea' id='block_1_8' title="bbox 192 383 374 388">
    <p class='ocr_par' dir='ltr' id='par_1_10' title="bbox 192 383 374 388">
     <span class='ocr_line' id='line_1_44' title="bbox 192 383 374 388; baseline 0 0"><span class='ocrx_word' id='word_1_349' title='bbox 192 383 374 388; x_wconf 95' lang='lat' dir='ltr'><strong> </strong></span> 
     </span>
    </p>
   </div>
   <div class='ocr_carea' id='block_1_9' title="bbox 1919 0 1985 3308">
    <p class='ocr_par' dir='ltr' id='par_1_11' title="bbox 1919 0 1985 3308">
     <span class='ocr_line' id='line_1_45' title="bbox 1919 0 1985 3308; baseline 0 0"><span class='ocrx_word' id='word_1_350' title='bbox 1919 0 1985 3308; x_wconf 95' lang='lat' dir='ltr'><strong> </strong></span> 
     </span>
    </p>
   </div>
  </div>
 </body>
</html>
