<?xml version="1.0" encoding="UTF-8"?>
<!DOCTYPE html PUBLIC "-//W3C//DTD XHTML 1.0 Transitional//EN"
    "http://www.w3.org/TR/xhtml1/DTD/xhtml1-transitional.dtd">
<html xmlns="http://www.w3.org/1999/xhtml" xml:lang="en" lang="en">
 <head>
  <title>
</title>
<meta http-equiv="Content-Type" content="text/html;charset=utf-8" />
  <meta name='ocr-system' content='tesseract 3.04.00' />
  <meta name='ocr-capabilities' content='ocr_page ocr_carea ocr_par ocr_line ocrx_word'/>
</head>
<body>
  <div class='ocr_page' id='page_1' title='image "./thomaesydenhammd00sydeuoft_0213.png"; bbox 0 0 1985 3308; ppageno 0'>
   <div class='ocr_carea' id='block_1_1' title="bbox 0 0 48 3308">
    <p class='ocr_par' dir='ltr' id='par_1_1' title="bbox 0 0 48 3308">
     <span class='ocr_line' id='line_1_1' title="bbox 0 0 48 3308; baseline 0 0"><span class='ocrx_word' id='word_1_1' title='bbox 0 0 48 3308; x_wconf 95' lang='lat' dir='ltr'> </span> 
     </span>
    </p>
   </div>
   <div class='ocr_carea' id='block_1_2' title="bbox 279 162 1562 207">
    <p class='ocr_par' dir='ltr' id='par_1_2' title="bbox 279 162 1562 207">
     <span class='ocr_line' id='line_1_2' title="bbox 279 162 1562 207; baseline 0.002 -2"><span class='ocrx_word' id='word_1_2' title='bbox 279 162 802 205; x_wconf 81' lang='lat' dir='ltr'><strong>OBSERVATIONUM</strong></span> <span class='ocrx_word' id='word_1_3' title='bbox 834 162 1210 203; x_wconf 83' lang='lat' dir='ltr'><strong>MEDICARUM</strong></span> <span class='ocrx_word' id='word_1_4' title='bbox 1246 168 1306 201; x_wconf 77' lang='lat' dir='ltr'>lv.</span> <span class='ocrx_word' id='word_1_5' title='bbox 1335 172 1366 202; x_wconf 83' lang='grc'>3,</span> <span class='ocrx_word' id='word_1_6' title='bbox 1482 168 1562 207; x_wconf 82' lang='grc'>177</span> 
     </span>
    </p>
   </div>
   <div class='ocr_carea' id='block_1_3' title="bbox 97 267 1771 2912">
    <p class='ocr_par' dir='ltr' id='par_1_3' title="bbox 97 267 1761 2025">
     <span class='ocr_line' id='line_1_3' title="bbox 166 267 1750 324; baseline -0.001 -13"><span class='ocrx_word' id='word_1_7' title='bbox 166 270 274 324; x_wconf 90' lang='grc'><strong>[19.]</strong></span> <span class='ocrx_word' id='word_1_8' title='bbox 313 271 410 311; x_wconf 86' lang='lat' dir='ltr'>Jam</span> <span class='ocrx_word' id='word_1_9' title='bbox 447 269 546 309; x_wconf 91' lang='lat' dir='ltr'>olim</span> <span class='ocrx_word' id='word_1_10' title='bbox 583 268 765 309; x_wconf 83' lang='lat' dir='ltr'>diximus</span> <span class='ocrx_word' id='word_1_11' title='bbox 808 269 852 323; x_wconf 54' lang='grc' dir='ltr'>[ᾧ</span> <span class='ocrx_word' id='word_1_12' title='bbox 884 268 946 321; x_wconf 75' lang='lat'>4.]</span> <span class='ocrx_word' id='word_1_13' title='bbox 995 267 1107 321; x_wconf 92' lang='lat' dir='ltr'>quod</span> <span class='ocrx_word' id='word_1_14' title='bbox 1148 281 1451 322; x_wconf 80' lang='lat' dir='ltr'>saepenumero</span> <span class='ocrx_word' id='word_1_15' title='bbox 1492 270 1560 311; x_wconf 92' lang='lat' dir='ltr'>hic</span> <span class='ocrx_word' id='word_1_16' title='bbox 1595 278 1750 309; x_wconf 63' lang='lat' dir='ltr'>Dx-smw.</span> 
     </span>
     <span class='ocr_line' id='line_1_4' title="bbox 99 321 1758 396; baseline -0.001 -18"><span class='ocrx_word' id='word_1_17' title='bbox 99 338 286 389; x_wconf 90' lang='lat' dir='ltr'>morbus,</span> <span class='ocrx_word' id='word_1_18' title='bbox 305 338 339 378; x_wconf 92' lang='lat' dir='ltr'>si</span> <span class='ocrx_word' id='word_1_19' title='bbox 361 337 520 378; x_wconf 87' lang='lat' dir='ltr'>diutius</span> <span class='ocrx_word' id='word_1_20' title='bbox 537 340 744 387; x_wconf 79' lang='lat' dir='ltr'>excurrat,</span> <span class='ocrx_word' id='word_1_21' title='bbox 759 337 965 377; x_wconf 90' lang='lat' dir='ltr'>intestina</span> <span class='ocrx_word' id='word_1_22' title='bbox 986 336 1174 376; x_wconf 88' lang='lat' dir='ltr'>seriatim</span> <span class='ocrx_word' id='word_1_23' title='bbox 1195 337 1340 377; x_wconf 87' lang='lat' dir='ltr'>omnia</span> <span class='ocrx_word' id='word_1_24' title='bbox 1361 337 1558 378; x_wconf 88' lang='lat' dir='ltr'>deorsum</span> <span class='ocrx_word' id='word_1_25' title='bbox 1579 321 1758 396; x_wconf 34' lang='lat' dir='ltr'>‘ffggfflssff&#39;</span> 
     </span>
     <span class='ocr_line' id='line_1_5' title="bbox 99 404 1752 458; baseline -0.001 -10"><span class='ocrx_word' id='word_1_26' title='bbox 99 421 243 448; x_wconf 89' lang='lat' dir='ltr'>versus</span> <span class='ocrx_word' id='word_1_27' title='bbox 274 407 440 456; x_wconf 87' lang='lat' dir='ltr'>afficiat,</span> <span class='ocrx_word' id='word_1_28' title='bbox 470 406 603 446; x_wconf 91' lang='lat' dir='ltr'>donec</span> <span class='ocrx_word' id='word_1_29' title='bbox 633 405 808 446; x_wconf 89' lang='lat' dir='ltr'>tandem</span> <span class='ocrx_word' id='word_1_30' title='bbox 838 405 976 445; x_wconf 92' lang='lat' dir='ltr'>omnis</span> <span class='ocrx_word' id='word_1_31' title='bbox 1007 405 1097 458; x_wconf 87' lang='lat' dir='ltr'>ejus</span> <span class='ocrx_word' id='word_1_32' title='bbox 1127 404 1188 444; x_wconf 88' lang='lat' dir='ltr'>vis</span> <span class='ocrx_word' id='word_1_33' title='bbox 1216 404 1260 444; x_wconf 91' lang='lat' dir='ltr'>in</span> <span class='ocrx_word' id='word_1_34' title='bbox 1288 409 1453 446; x_wconf 90' lang='lat' dir='ltr'>rectum</span> <span class='ocrx_word' id='word_1_35' title='bbox 1486 406 1555 447; x_wconf 91' lang='lat' dir='ltr'>dc·</span> <span class='ocrx_word' id='word_1_36' title='bbox 1574 411 1752 453; x_wconf 45' lang='lat' dir='ltr'>5131spanss</span> 
     </span>
     <span class='ocr_line' id='line_1_6' title="bbox 99 465 1761 547; baseline -0.001 -31"><span class='ocrx_word' id='word_1_37' title='bbox 99 474 273 516; x_wconf 90' lang='lat' dir='ltr'>cumbat</span> <span class='ocrx_word' id='word_1_38' title='bbox 301 489 399 515; x_wconf 92' lang='lat' dir='ltr'>cum</span> <span class='ocrx_word' id='word_1_39' title='bbox 430 473 598 514; x_wconf 86' lang='lat' dir='ltr'>assidua</span> <span class='ocrx_word' id='word_1_40' title='bbox 624 473 843 513; x_wconf 89' lang='lat' dir='ltr'>desidendi</span> <span class='ocrx_word' id='word_1_41' title='bbox 865 472 1111 526; x_wconf 88' lang='lat' dir='ltr'>cupiditate,</span> <span class='ocrx_word' id='word_1_42' title='bbox 1140 487 1223 525; x_wconf 85' lang='lat' dir='ltr'>qua</span> <span class='ocrx_word' id='word_1_43' title='bbox 1252 473 1360 513; x_wconf 89' lang='lat' dir='ltr'>nihil</span> <span class='ocrx_word' id='word_1_44' title='bbox 1390 479 1557 527; x_wconf 86' lang='lat' dir='ltr'>practer</span> <span class='ocrx_word' id='word_1_45' title='bbox 1574 465 1761 547; x_wconf 39' lang='grc' dir='ltr'><strong>15111113)ιὲιίξέ</strong></span> 
     </span>
     <span class='ocr_line' id='line_1_7' title="bbox 99 540 1746 595; baseline -0.001 -12"><span class='ocrx_word' id='word_1_46' title='bbox 99 556 322 583; x_wconf 87' lang='lat' dir='ltr'>mucosum</span> <span class='ocrx_word' id='word_1_47' title='bbox 348 541 550 595; x_wconf 86' lang='lat' dir='ltr'><strong>quiddam</strong></span> <span class='ocrx_word' id='word_1_48' title='bbox 571 545 613 581; x_wconf 93' lang='lat' dir='ltr'>et</span> <span class='ocrx_word' id='word_1_49' title='bbox 635 540 942 581; x_wconf 88' lang='lat' dir='ltr'>subcruentum</span> <span class='ocrx_word' id='word_1_50' title='bbox 965 540 1218 581; x_wconf 79' lang='lat' dir='ltr'>excernitur.</span> <span class='ocrx_word' id='word_1_51' title='bbox 1282 541 1377 581; x_wconf 92' lang='lat' dir='ltr'>Hoc</span> <span class='ocrx_word' id='word_1_52' title='bbox 1405 541 1439 581; x_wconf 90' lang='lat' dir='ltr'>si</span> <span class='ocrx_word' id='word_1_53' title='bbox 1467 542 1554 592; x_wconf 89' lang='lat' dir='ltr'>fiat,</span> <span class='ocrx_word' id='word_1_54' title='bbox 1573 550 1605 579; x_wconf 87' lang='lat' dir='ltr'>bi</span> <span class='ocrx_word' id='word_1_55' title='bbox 1622 559 1684 579; x_wconf 85' lang='lat' dir='ltr'>non</span> <span class='ocrx_word' id='word_1_56' title='bbox 1702 557 1746 579; x_wconf 67' lang='lat' dir='ltr'>est</span> 
     </span>
     <span class='ocr_line' id='line_1_8' title="bbox 97 593 1734 670; baseline -0.001 -19"><span class='ocrx_word' id='word_1_57' title='bbox 97 610 256 651; x_wconf 85' lang='lat' dir='ltr'>frustra</span> <span class='ocrx_word' id='word_1_58' title='bbox 268 610 348 651; x_wconf 92' lang='lat' dir='ltr'>erit</span> <span class='ocrx_word' id='word_1_59' title='bbox 364 611 446 663; x_wconf 91' lang='lat' dir='ltr'>(me</span> <span class='ocrx_word' id='word_1_60' title='bbox 455 609 627 663; x_wconf 86' lang='lat' dir='ltr'>judice,)</span> <span class='ocrx_word' id='word_1_61' title='bbox 640 609 711 662; x_wconf 90' lang='lat' dir='ltr'>qui</span> <span class='ocrx_word' id='word_1_62' title='bbox 725 609 926 649; x_wconf 88' lang='lat' dir='ltr'>medicari</span> <span class='ocrx_word' id='word_1_63' title='bbox 939 613 1103 661; x_wconf 83' lang='lat' dir='ltr'>sataget</span> <span class='ocrx_word' id='word_1_64' title='bbox 1117 609 1181 648; x_wconf 71' lang='lat' dir='ltr'>vcl</span> <span class='ocrx_word' id='word_1_65' title='bbox 1194 609 1338 662; x_wconf 85' lang='lat' dir='ltr'>quavis</span> <span class='ocrx_word' id='word_1_66' title='bbox 1351 610 1555 650; x_wconf 84' lang='lat' dir='ltr'>methodo</span> <span class='ocrx_word' id='word_1_67' title='bbox 1571 593 1734 670; x_wconf 52' lang='grc' dir='ltr'>Ῐξρζῗζῖξ</span> 
     </span>
     <span class='ocr_line' id='line_1_9' title="bbox 97 676 1739 732; baseline 0.001 -14"><span class='ocrx_word' id='word_1_68' title='bbox 97 677 314 732; x_wconf 88' lang='lat' dir='ltr'>praedicta</span> <span class='ocrx_word' id='word_1_69' title='bbox 319 694 330 727; x_wconf 78' lang='lat'><em>3</em></span> <span class='ocrx_word' id='word_1_70' title='bbox 361 678 426 718; x_wconf 76' lang='lat' dir='ltr'>vel</span> <span class='ocrx_word' id='word_1_71' title='bbox 442 677 692 730; x_wconf 81' lang='lat' dir='ltr'>clysteribus</span> <span class='ocrx_word' id='word_1_72' title='bbox 709 676 1064 730; x_wconf 90' lang='lat' dir='ltr'>abstergentibus,</span> <span class='ocrx_word' id='word_1_73' title='bbox 1084 676 1411 729; x_wconf 87' lang='lat' dir='ltr'>glutinantibus,</span> <span class='ocrx_word' id='word_1_74' title='bbox 1427 682 1554 731; x_wconf 88' lang='lat' dir='ltr'>atque</span> <span class='ocrx_word' id='word_1_75' title='bbox 1573 687 1591 707; x_wconf 83' lang='lat' dir='ltr'>a</span> <span class='ocrx_word' id='word_1_76' title='bbox 1607 678 1739 707; x_wconf 82' lang='lat' dir='ltr'>materia</span> 
     </span>
     <span class='ocr_line' id='line_1_10' title="bbox 97 730 1748 803; baseline 0.001 -18"><span class='ocrx_word' id='word_1_77' title='bbox 97 745 448 799; x_wconf 84' lang='lat' dir='ltr'>astringentibus,</span> <span class='ocrx_word' id='word_1_78' title='bbox 467 745 589 799; x_wconf 81' lang='lat' dir='ltr'>quaei</span> <span class='ocrx_word' id='word_1_79' title='bbox 606 760 681 799; x_wconf 89' lang='lat' dir='ltr'>pro</span> <span class='ocrx_word' id='word_1_80' title='bbox 695 745 817 786; x_wconf 84' lang='lat' dir='ltr'>variis</span> <span class='ocrx_word' id='word_1_81' title='bbox 831 746 982 786; x_wconf 88' lang='lat' dir='ltr'>ulceris</span> <span class='ocrx_word' id='word_1_82' title='bbox 1004 745 1132 798; x_wconf 93' lang='lat' dir='ltr'>(quod</span> <span class='ocrx_word' id='word_1_83' title='bbox 1147 746 1428 799; x_wconf 89' lang='lat' dir='ltr'>supponitur,)</span> <span class='ocrx_word' id='word_1_84' title='bbox 1445 751 1552 787; x_wconf 90' lang='lat' dir='ltr'>tem·</span> <span class='ocrx_word' id='word_1_85' title='bbox 1572 730 1748 803; x_wconf 40' lang='lat' dir='ltr'>qmlisscffiffes-</span> 
     </span>
     <span class='ocr_line' id='line_1_11' title="bbox 98 805 1758 879; baseline 0.001 -25"><span class='ocrx_word' id='word_1_86' title='bbox 98 813 270 867; x_wconf 86' lang='lat' dir='ltr'>poribus</span> <span class='ocrx_word' id='word_1_87' title='bbox 291 814 409 867; x_wconf 84' lang='lat' dir='ltr'>injici</span> <span class='ocrx_word' id='word_1_88' title='bbox 440 813 576 854; x_wconf 82' lang='lat' dir='ltr'>solent</span> <span class='ocrx_word' id='word_1_89' title='bbox 589 830 600 863; x_wconf 64' lang='grc' dir='ltr'><strong><em>ς</em></strong></span> <span class='ocrx_word' id='word_1_90' title='bbox 633 813 698 853; x_wconf 86' lang='lat' dir='ltr'>vel</span> <span class='ocrx_word' id='word_1_91' title='bbox 723 813 853 854; x_wconf 88' lang='lat' dir='ltr'>etiam</span> <span class='ocrx_word' id='word_1_92' title='bbox 883 812 988 863; x_wconf 82' lang='lat' dir='ltr'>fotu,</span> <span class='ocrx_word' id='word_1_93' title='bbox 1011 813 1189 863; x_wconf 91' lang='lat' dir='ltr'>insessu,</span> <span class='ocrx_word' id='word_1_94' title='bbox 1213 814 1482 867; x_wconf 86' lang='lat' dir='ltr'>suffumigiis,</span> <span class='ocrx_word' id='word_1_95' title='bbox 1506 828 1554 855; x_wconf 89' lang='lat' dir='ltr'>ac</span> <span class='ocrx_word' id='word_1_96' title='bbox 1571 805 1758 879; x_wconf 41' lang='lat' dir='ltr'>{iggztgppli-</span> 
     </span>
     <span class='ocr_line' id='line_1_12' title="bbox 98 880 1555 935; baseline 0.001 -14"><span class='ocrx_word' id='word_1_97' title='bbox 98 881 388 935; x_wconf 89' lang='lat' dir='ltr'>suppositoriis</span> <span class='ocrx_word' id='word_1_98' title='bbox 410 881 544 922; x_wconf 89' lang='lat' dir='ltr'>dictos</span> <span class='ocrx_word' id='word_1_99' title='bbox 576 895 720 935; x_wconf 91' lang='lat' dir='ltr'>scopos</span> <span class='ocrx_word' id='word_1_100' title='bbox 748 880 1086 934; x_wconf 86' lang='lat' dir='ltr'>respicientibus.</span> <span class='ocrx_word' id='word_1_101' title='bbox 1148 882 1304 935; x_wconf 89' lang='lat' dir='ltr'>Liquet</span> <span class='ocrx_word' id='word_1_102' title='bbox 1335 883 1450 923; x_wconf 89' lang='lat' dir='ltr'>enim</span> <span class='ocrx_word' id='word_1_103' title='bbox 1474 883 1555 924; x_wconf 94' lang='lat' dir='ltr'>hoc</span> 
     </span>
     <span class='ocr_line' id='line_1_13' title="bbox 97 949 1554 1004; baseline 0.002 -15"><span class='ocrx_word' id='word_1_104' title='bbox 97 949 151 990; x_wconf 88' lang='lat' dir='ltr'>ab</span> <span class='ocrx_word' id='word_1_105' title='bbox 173 949 313 991; x_wconf 82' lang='lat' dir='ltr'>ulcere</span> <span class='ocrx_word' id='word_1_106' title='bbox 333 950 438 991; x_wconf 86' lang='lat' dir='ltr'>recti</span> <span class='ocrx_word' id='word_1_107' title='bbox 464 964 552 991; x_wconf 86' lang='lat' dir='ltr'>non</span> <span class='ocrx_word' id='word_1_108' title='bbox 582 950 821 1004; x_wconf 89' lang='lat' dir='ltr'>procedere,</span> <span class='ocrx_word' id='word_1_109' title='bbox 844 949 918 990; x_wconf 87' lang='lat' dir='ltr'>sed</span> <span class='ocrx_word' id='word_1_110' title='bbox 944 963 994 990; x_wconf 83' lang='lat' dir='ltr'>ex</span> <span class='ocrx_word' id='word_1_111' title='bbox 1015 949 1087 991; x_wconf 91' lang='lat' dir='ltr'>illo</span> <span class='ocrx_word' id='word_1_112' title='bbox 1108 950 1261 1003; x_wconf 90' lang='lat' dir='ltr'>potius,</span> <span class='ocrx_word' id='word_1_113' title='bbox 1285 951 1398 1004; x_wconf 90' lang='lat' dir='ltr'>quod</span> <span class='ocrx_word' id='word_1_114' title='bbox 1425 951 1554 992; x_wconf 89' lang='lat' dir='ltr'>intes-</span> 
     </span>
     <span class='ocr_line' id='line_1_14' title="bbox 97 1017 1556 1072; baseline 0.001 -14"><span class='ocrx_word' id='word_1_115' title='bbox 97 1017 203 1068; x_wconf 88' lang='lat' dir='ltr'>tina,</span> <span class='ocrx_word' id='word_1_116' title='bbox 226 1018 377 1072; x_wconf 90' lang='lat' dir='ltr'>quibus</span> <span class='ocrx_word' id='word_1_117' title='bbox 400 1018 601 1071; x_wconf 82' lang='lat' dir='ltr'>gradibus</span> <span class='ocrx_word' id='word_1_118' title='bbox 623 1018 729 1058; x_wconf 82' lang='lat' dir='ltr'>vires</span> <span class='ocrx_word' id='word_1_119' title='bbox 757 1017 1077 1070; x_wconf 80' lang='lat' dir='ltr'>resumpserint,</span> <span class='ocrx_word' id='word_1_120' title='bbox 1099 1017 1251 1058; x_wconf 86' lang='lat' dir='ltr'>iisdem</span> <span class='ocrx_word' id='word_1_121' title='bbox 1273 1018 1402 1059; x_wconf 88' lang='lat' dir='ltr'>etiam</span> <span class='ocrx_word' id='word_1_122' title='bbox 1423 1023 1556 1059; x_wconf 89' lang='lat' dir='ltr'>mate-</span> 
     </span>
     <span class='ocr_line' id='line_1_15' title="bbox 99 1085 1558 1140; baseline 0.001 -14"><span class='ocrx_word' id='word_1_123' title='bbox 99 1085 186 1126; x_wconf 85' lang='lat' dir='ltr'>riae</span> <span class='ocrx_word' id='word_1_124' title='bbox 226 1085 467 1126; x_wconf 89' lang='lat' dir='ltr'>morbificae</span> <span class='ocrx_word' id='word_1_125' title='bbox 514 1086 711 1139; x_wconf 87' lang='lat' dir='ltr'>reliquias</span> <span class='ocrx_word' id='word_1_126' title='bbox 758 1085 803 1125; x_wconf 88' lang='lat' dir='ltr'>in</span> <span class='ocrx_word' id='word_1_127' title='bbox 843 1090 1009 1125; x_wconf 91' lang='lat' dir='ltr'>rectum</span> <span class='ocrx_word' id='word_1_128' title='bbox 1052 1085 1368 1127; x_wconf 81' lang='lat' dir='ltr'>deturbaverint</span> <span class='ocrx_word' id='word_1_129' title='bbox 1384 1104 1396 1137; x_wconf 76' lang='lat'><em>3</em></span> <span class='ocrx_word' id='word_1_130' title='bbox 1445 1087 1558 1140; x_wconf 91' lang='lat' dir='ltr'>quod</span> 
     </span>
     <span class='ocr_line' id='line_1_16' title="bbox 100 1153 1559 1207; baseline 0.001 -14"><span class='ocrx_word' id='word_1_131' title='bbox 100 1153 273 1206; x_wconf 88' lang='lat' dir='ltr'>quidem</span> <span class='ocrx_word' id='word_1_132' title='bbox 304 1153 596 1194; x_wconf 85' lang='lat' dir='ltr'>indesinenter</span> <span class='ocrx_word' id='word_1_133' title='bbox 631 1153 885 1207; x_wconf 87' lang='lat' dir='ltr'>proritatum</span> <span class='ocrx_word' id='word_1_134' title='bbox 922 1153 1099 1206; x_wconf 88' lang='lat' dir='ltr'>singulis</span> <span class='ocrx_word' id='word_1_135' title='bbox 1133 1153 1303 1194; x_wconf 91' lang='lat' dir='ltr'>sedibus</span> <span class='ocrx_word' id='word_1_136' title='bbox 1340 1169 1559 1195; x_wconf 89' lang='lat' dir='ltr'>mucosam</span> 
     </span>
     <span class='ocr_line' id='line_1_17' title="bbox 99 1221 1558 1277; baseline 0.001 -16"><span class='ocrx_word' id='word_1_137' title='bbox 99 1221 216 1262; x_wconf 86' lang='lat' dir='ltr'>illam</span> <span class='ocrx_word' id='word_1_138' title='bbox 237 1222 473 1271; x_wconf 81' lang='lat' dir='ltr'>materiam,</span> <span class='ocrx_word' id='word_1_139' title='bbox 498 1236 580 1274; x_wconf 90' lang='lat' dir='ltr'>qua</span> <span class='ocrx_word' id='word_1_140' title='bbox 609 1235 658 1262; x_wconf 72' lang='lat' dir='ltr'>ex</span> <span class='ocrx_word' id='word_1_141' title='bbox 679 1221 873 1261; x_wconf 85' lang='lat' dir='ltr'>Naturae</span> <span class='ocrx_word' id='word_1_142' title='bbox 895 1221 1160 1274; x_wconf 82' lang='lat' dir='ltr'>providentia</span> <span class='ocrx_word' id='word_1_143' title='bbox 1186 1222 1394 1262; x_wconf 84' lang='lat' dir='ltr'>intestina</span> <span class='ocrx_word' id='word_1_144' title='bbox 1420 1223 1558 1277; x_wconf 89' lang='lat' dir='ltr'>dupli-</span> 
     </span>
     <span class='ocr_line' id='line_1_18' title="bbox 99 1289 1559 1344; baseline 0.001 -14"><span class='ocrx_word' id='word_1_145' title='bbox 99 1293 265 1339; x_wconf 86' lang='lat' dir='ltr'>cantur,</span> <span class='ocrx_word' id='word_1_146' title='bbox 303 1289 434 1330; x_wconf 86' lang='lat' dir='ltr'>elidit.</span> <span class='ocrx_word' id='word_1_147' title='bbox 499 1289 823 1330; x_wconf 86' lang='lat' dir='ltr'>Corroboranda</span> <span class='ocrx_word' id='word_1_148' title='bbox 856 1294 920 1329; x_wconf 91' lang='lat' dir='ltr'>est</span> <span class='ocrx_word' id='word_1_149' title='bbox 959 1289 1104 1342; x_wconf 88' lang='lat' dir='ltr'>itaque</span> <span class='ocrx_word' id='word_1_150' title='bbox 1139 1304 1235 1343; x_wconf 86' lang='lat' dir='ltr'>pars</span> <span class='ocrx_word' id='word_1_151' title='bbox 1276 1290 1440 1340; x_wconf 84' lang='lat' dir='ltr'>affecta,</span> <span class='ocrx_word' id='word_1_152' title='bbox 1476 1305 1559 1344; x_wconf 90' lang='lat' dir='ltr'>quo</span> 
     </span>
     <span class='ocr_line' id='line_1_19' title="bbox 98 1357 1560 1411; baseline 0.001 -13"><span class='ocrx_word' id='word_1_153' title='bbox 98 1357 243 1411; x_wconf 88' lang='lat' dir='ltr'>possit,</span> <span class='ocrx_word' id='word_1_154' title='bbox 276 1357 455 1398; x_wconf 88' lang='lat' dir='ltr'>aliorum</span> <span class='ocrx_word' id='word_1_155' title='bbox 485 1358 789 1397; x_wconf 85' lang='lat' dir='ltr'>intestinorum</span> <span class='ocrx_word' id='word_1_156' title='bbox 819 1357 1024 1410; x_wconf 84' lang='lat' dir='ltr'>exemplo,</span> <span class='ocrx_word' id='word_1_157' title='bbox 1056 1358 1147 1411; x_wconf 84' lang='lat' dir='ltr'>jam</span> <span class='ocrx_word' id='word_1_158' title='bbox 1182 1358 1427 1399; x_wconf 88' lang='lat' dir='ltr'>fatiscentes</span> <span class='ocrx_word' id='word_1_159' title='bbox 1459 1359 1560 1399; x_wconf 86' lang='lat' dir='ltr'>mali</span> 
     </span>
     <span class='ocr_line' id='line_1_20' title="bbox 99 1425 1557 1479; baseline 0.001 -14"><span class='ocrx_word' id='word_1_160' title='bbox 99 1425 297 1479; x_wconf 87' lang='lat' dir='ltr'>reliquias</span> <span class='ocrx_word' id='word_1_161' title='bbox 318 1425 512 1465; x_wconf 83' lang='lat' dir='ltr'>funditus</span> <span class='ocrx_word' id='word_1_162' title='bbox 535 1425 766 1465; x_wconf 85' lang='lat' dir='ltr'>eliminare.</span> <span class='ocrx_word' id='word_1_163' title='bbox 807 1425 903 1465; x_wconf 92' lang='lat' dir='ltr'>Hoc</span> <span class='ocrx_word' id='word_1_164' title='bbox 920 1430 1064 1465; x_wconf 87' lang='lat' dir='ltr'>autem</span> <span class='ocrx_word' id='word_1_165' title='bbox 1086 1439 1135 1465; x_wconf 87' lang='lat' dir='ltr'>ea</span> <span class='ocrx_word' id='word_1_166' title='bbox 1157 1426 1245 1466; x_wconf 87' lang='lat' dir='ltr'>sola</span> <span class='ocrx_word' id='word_1_167' title='bbox 1264 1426 1557 1479; x_wconf 89' lang='lat' dir='ltr'>praestabunt,</span> 
     </span>
     <span class='ocr_line' id='line_1_21' title="bbox 100 1494 1734 1548; baseline 0.001 -14"><span class='ocrx_word' id='word_1_168' title='bbox 100 1508 207 1547; x_wconf 88' lang='lat' dir='ltr'>quae</span> <span class='ocrx_word' id='word_1_169' title='bbox 235 1494 399 1548; x_wconf 79' lang='lat' dir='ltr'>corpori</span> <span class='ocrx_word' id='word_1_170' title='bbox 423 1494 469 1534; x_wconf 91' lang='lat' dir='ltr'>in</span> <span class='ocrx_word' id='word_1_171' title='bbox 497 1508 652 1547; x_wconf 88' lang='lat' dir='ltr'>genere</span> <span class='ocrx_word' id='word_1_172' title='bbox 677 1494 782 1534; x_wconf 75' lang='lat' dir='ltr'>vires</span> <span class='ocrx_word' id='word_1_173' title='bbox 812 1494 993 1547; x_wconf 84' lang='lat' dir='ltr'>adjicere</span> <span class='ocrx_word' id='word_1_174' title='bbox 1024 1499 1124 1547; x_wconf 88' lang='lat' dir='ltr'>apta</span> <span class='ocrx_word' id='word_1_175' title='bbox 1153 1500 1257 1535; x_wconf 89' lang='lat' dir='ltr'>nata</span> <span class='ocrx_word' id='word_1_176' title='bbox 1286 1499 1388 1535; x_wconf 85' lang='lat' dir='ltr'>suut</span> <span class='ocrx_word' id='word_1_177' title='bbox 1402 1512 1413 1545; x_wconf 68' lang='grc' dir='ltr'><strong><em>ς</em></strong></span> <span class='ocrx_word' id='word_1_178' title='bbox 1450 1495 1558 1548; x_wconf 87' lang='lat' dir='ltr'>topi·</span> <span class='ocrx_word' id='word_1_179' title='bbox 1576 1499 1734 1540; x_wconf 85' lang='lat' dir='ltr'>Topicum</span> 
     </span>
     <span class='ocr_line' id='line_1_22' title="bbox 99 1543 1751 1625; baseline 0.001 -23"><span class='ocrx_word' id='word_1_180' title='bbox 99 1575 198 1603; x_wconf 89' lang='lat' dir='ltr'>cum</span> <span class='ocrx_word' id='word_1_181' title='bbox 220 1562 348 1612; x_wconf 88' lang='lat' dir='ltr'>enim,</span> <span class='ocrx_word' id='word_1_182' title='bbox 366 1562 659 1616; x_wconf 87' lang='lat' dir='ltr'>qualecunque</span> <span class='ocrx_word' id='word_1_183' title='bbox 680 1562 724 1602; x_wconf 91' lang='lat' dir='ltr'>id</span> <span class='ocrx_word' id='word_1_184' title='bbox 746 1562 919 1603; x_wconf 90' lang='lat' dir='ltr'>demum</span> <span class='ocrx_word' id='word_1_185' title='bbox 939 1563 1081 1611; x_wconf 86' lang='lat' dir='ltr'>fuerit,</span> <span class='ocrx_word' id='word_1_186' title='bbox 1104 1563 1216 1616; x_wconf 88' lang='lat' dir='ltr'>parti</span> <span class='ocrx_word' id='word_1_187' title='bbox 1237 1563 1400 1620; x_wconf 87' lang='lat' dir='ltr'>dolenti</span> <span class='ocrx_word' id='word_1_188' title='bbox 1426 1564 1557 1617; x_wconf 89' lang='lat' dir='ltr'>appli-</span> <span class='ocrx_word' id='word_1_189' title='bbox 1577 1543 1751 1625; x_wconf 46' lang='lat' dir='ltr'>gxlffign-</span> 
     </span>
     <span class='ocr_line' id='line_1_23' title="bbox 100 1631 1688 1684; baseline 0.001 -13"><span class='ocrx_word' id='word_1_190' title='bbox 100 1635 257 1681; x_wconf 82' lang='lat' dir='ltr'>catum,</span> <span class='ocrx_word' id='word_1_191' title='bbox 280 1644 378 1671; x_wconf 90' lang='lat' dir='ltr'>cum</span> <span class='ocrx_word' id='word_1_192' title='bbox 409 1631 596 1671; x_wconf 89' lang='lat' dir='ltr'>alienum</span> <span class='ocrx_word' id='word_1_193' title='bbox 627 1631 728 1684; x_wconf 88' lang='lat' dir='ltr'>quid</span> <span class='ocrx_word' id='word_1_194' title='bbox 759 1631 826 1681; x_wconf 90' lang='lat' dir='ltr'>sit,</span> <span class='ocrx_word' id='word_1_195' title='bbox 856 1635 1056 1671; x_wconf 91' lang='lat' dir='ltr'>contactu</span> <span class='ocrx_word' id='word_1_196' title='bbox 1088 1631 1266 1672; x_wconf 87' lang='lat' dir='ltr'>molesto</span> <span class='ocrx_word' id='word_1_197' title='bbox 1295 1631 1559 1672; x_wconf 86' lang='lat' dir='ltr'>debilitatem</span> <span class='ocrx_word' id='word_1_198' title='bbox 1578 1633 1688 1663; x_wconf 75' lang='lat' dir='ltr'>noeet;</span> 
     </span>
     <span class='ocr_line' id='line_1_24' title="bbox 100 1698 1557 1753; baseline 0.001 -15"><span class='ocrx_word' id='word_1_199' title='bbox 100 1699 235 1752; x_wconf 86' lang='lat' dir='ltr'>magis</span> <span class='ocrx_word' id='word_1_200' title='bbox 257 1699 431 1749; x_wconf 88' lang='lat' dir='ltr'>adferet,</span> <span class='ocrx_word' id='word_1_201' title='bbox 454 1714 581 1753; x_wconf 92' lang='lat' dir='ltr'>quam</span> <span class='ocrx_word' id='word_1_202' title='bbox 602 1699 731 1739; x_wconf 90' lang='lat' dir='ltr'>robur</span> <span class='ocrx_word' id='word_1_203' title='bbox 753 1698 1107 1740; x_wconf 82' lang='lat' dir='ltr'>subministrabit.</span> <span class='ocrx_word' id='word_1_204' title='bbox 1169 1699 1456 1740; x_wconf 83' lang='lat' dir='ltr'>Tolerandum</span> <span class='ocrx_word' id='word_1_205' title='bbox 1479 1700 1557 1740; x_wconf 88' lang='lat' dir='ltr'>ita-</span> 
     </span>
     <span class='ocr_line' id='line_1_25' title="bbox 101 1767 1758 1821; baseline 0.001 -14"><span class='ocrx_word' id='word_1_206' title='bbox 101 1780 183 1821; x_wconf 87' lang='lat' dir='ltr'>que</span> <span class='ocrx_word' id='word_1_207' title='bbox 204 1771 268 1807; x_wconf 93' lang='lat' dir='ltr'>est</span> <span class='ocrx_word' id='word_1_208' title='bbox 289 1781 428 1821; x_wconf 85' lang='lat' dir='ltr'>aegro,</span> <span class='ocrx_word' id='word_1_209' title='bbox 446 1767 581 1808; x_wconf 90' lang='lat' dir='ltr'>donec</span> <span class='ocrx_word' id='word_1_210' title='bbox 597 1767 738 1808; x_wconf 89' lang='lat' dir='ltr'>diaeta</span> <span class='ocrx_word' id='word_1_211' title='bbox 753 1767 1001 1820; x_wconf 85' lang='lat' dir='ltr'>analeptica,</span> <span class='ocrx_word' id='word_1_212' title='bbox 1020 1771 1063 1807; x_wconf 88' lang='lat' dir='ltr'>et</span> <span class='ocrx_word' id='word_1_213' title='bbox 1083 1767 1246 1821; x_wconf 86' lang='lat' dir='ltr'>liquore</span> <span class='ocrx_word' id='word_1_214' title='bbox 1268 1768 1408 1821; x_wconf 88' lang='lat' dir='ltr'>aliquo</span> <span class='ocrx_word' id='word_1_215' title='bbox 1424 1768 1557 1809; x_wconf 87' lang='lat' dir='ltr'>cardi·</span> <span class='ocrx_word' id='word_1_216' title='bbox 1578 1773 1644 1803; x_wconf 83' lang='lat' dir='ltr'>sola</span> <span class='ocrx_word' id='word_1_217' title='bbox 1655 1773 1758 1821; x_wconf 60' lang='grc' dir='ltr'>(Πᾶς-’ἵει</span> 
     </span>
     <span class='ocr_line' id='line_1_26' title="bbox 101 1815 1755 1899; baseline 0.001 -24"><span class='ocrx_word' id='word_1_218' title='bbox 101 1848 189 1885; x_wconf 83' lang='lat' dir='ltr'>aco,</span> <span class='ocrx_word' id='word_1_219' title='bbox 218 1835 290 1889; x_wconf 84' lang='lat' dir='ltr'>qui</span> <span class='ocrx_word' id='word_1_220' title='bbox 320 1836 461 1889; x_wconf 85' lang='lat' dir='ltr'>palato</span> <span class='ocrx_word' id='word_1_221' title='bbox 487 1835 644 1876; x_wconf 84' lang='lat' dir='ltr'>arridet</span> <span class='ocrx_word' id='word_1_222' title='bbox 672 1850 882 1887; x_wconf 76' lang='lat' dir='ltr'>maxume,</span> <span class='ocrx_word' id='word_1_223' title='bbox 908 1850 984 1889; x_wconf 88' lang='lat' dir='ltr'>pro</span> <span class='ocrx_word' id='word_1_224' title='bbox 1014 1836 1137 1877; x_wconf 90' lang='lat' dir='ltr'>libitu</span> <span class='ocrx_word' id='word_1_225' title='bbox 1164 1836 1345 1890; x_wconf 86' lang='lat' dir='ltr'>ingesto,</span> <span class='ocrx_word' id='word_1_226' title='bbox 1373 1837 1558 1878; x_wconf 81' lang='lat' dir='ltr'>revocari</span> <span class='ocrx_word' id='word_1_227' title='bbox 1574 1815 1755 1899; x_wconf 51' lang='grc' dir='ltr'>Ξῖζὲξξῖρῆ</span> 
     </span>
     <span class='ocr_line' id='line_1_27' title="bbox 103 1902 1560 1959; baseline 0.003 -17"><span class='ocrx_word' id='word_1_228' title='bbox 103 1902 266 1956; x_wconf 90' lang='lat' dir='ltr'>possint</span> <span class='ocrx_word' id='word_1_229' title='bbox 286 1903 418 1953; x_wconf 75' lang='lat' dir='ltr'>vires,</span> <span class='ocrx_word' id='word_1_230' title='bbox 452 1903 604 1956; x_wconf 91' lang='lat' dir='ltr'>quibus</span> <span class='ocrx_word' id='word_1_231' title='bbox 632 1903 924 1954; x_wconf 82' lang='lat' dir='ltr'>redeuntibus,</span> <span class='ocrx_word' id='word_1_232' title='bbox 947 1904 1034 1957; x_wconf 88' lang='lat' dir='ltr'>pari</span> <span class='ocrx_word' id='word_1_233' title='bbox 1066 1918 1193 1958; x_wconf 86' lang='lat' dir='ltr'>passu</span> <span class='ocrx_word' id='word_1_234' title='bbox 1221 1919 1379 1959; x_wconf 90' lang='lat' dir='ltr'>suaque</span> <span class='ocrx_word' id='word_1_235' title='bbox 1409 1909 1560 1959; x_wconf 85' lang='lat' dir='ltr'>sponte</span> 
     </span>
     <span class='ocr_line' id='line_1_28' title="bbox 103 1970 946 2025; baseline 0.001 -15"><span class='ocrx_word' id='word_1_236' title='bbox 103 1970 305 2023; x_wconf 89' lang='lat' dir='ltr'>proripiet</span> <span class='ocrx_word' id='word_1_237' title='bbox 327 1983 371 2010; x_wconf 87' lang='lat' dir='ltr'>se</span> <span class='ocrx_word' id='word_1_238' title='bbox 391 1970 471 2011; x_wconf 93' lang='lat' dir='ltr'>hoc</span> <span class='ocrx_word' id='word_1_239' title='bbox 492 1971 674 2011; x_wconf 90' lang='lat' dir='ltr'>tenesmi</span> <span class='ocrx_word' id='word_1_240' title='bbox 695 1976 946 2025; x_wconf 73' lang='lat' dir='ltr'>symptoma.</span> 
     </span>
    </p>

    <p class='ocr_par' dir='ltr' id='par_1_4' title="bbox 97 2038 1771 2912">
     <span class='ocr_line' id='line_1_29' title="bbox 169 2038 1563 2093; baseline 0.003 -15"><span class='ocrx_word' id='word_1_241' title='bbox 169 2038 277 2092; x_wconf 70' lang='lat'>[20]</span> <span class='ocrx_word' id='word_1_242' title='bbox 316 2038 484 2079; x_wconf 88' lang='lat' dir='ltr'>Accidit</span> <span class='ocrx_word' id='word_1_243' title='bbox 505 2039 634 2079; x_wconf 86' lang='lat' dir='ltr'>etiam</span> <span class='ocrx_word' id='word_1_244' title='bbox 651 2052 963 2092; x_wconf 86' lang='lat' dir='ltr'>nonnunquam</span> <span class='ocrx_word' id='word_1_245' title='bbox 989 2039 1102 2091; x_wconf 90' lang='lat' dir='ltr'>(licet</span> <span class='ocrx_word' id='word_1_246' title='bbox 1122 2054 1217 2081; x_wconf 87' lang='lat' dir='ltr'>raro</span> <span class='ocrx_word' id='word_1_247' title='bbox 1234 2040 1494 2093; x_wconf 87' lang='lat' dir='ltr'>admodum‚)</span> <span class='ocrx_word' id='word_1_248' title='bbox 1514 2046 1563 2081; x_wconf 91' lang='lat' dir='ltr'>ut</span> 
     </span>
     <span class='ocr_line' id='line_1_30' title="bbox 105 2106 1563 2162; baseline 0.002 -16"><span class='ocrx_word' id='word_1_249' title='bbox 105 2106 361 2160; x_wconf 87' lang='lat' dir='ltr'>Dysenteria</span> <span class='ocrx_word' id='word_1_250' title='bbox 387 2106 464 2147; x_wconf 90' lang='lat' dir='ltr'>sub</span> <span class='ocrx_word' id='word_1_251' title='bbox 490 2106 612 2147; x_wconf 89' lang='lat' dir='ltr'>initio</span> <span class='ocrx_word' id='word_1_252' title='bbox 638 2120 727 2147; x_wconf 88' lang='lat' dir='ltr'>non</span> <span class='ocrx_word' id='word_1_253' title='bbox 753 2106 834 2146; x_wconf 89' lang='lat' dir='ltr'>rite</span> <span class='ocrx_word' id='word_1_254' title='bbox 859 2111 1018 2157; x_wconf 87' lang='lat' dir='ltr'>curata,</span> <span class='ocrx_word' id='word_1_255' title='bbox 1040 2108 1294 2160; x_wconf 86' lang='lat' dir='ltr'>particulare</span> <span class='ocrx_word' id='word_1_256' title='bbox 1322 2109 1563 2162; x_wconf 82' lang='lat' dir='ltr'>subjectum</span> 
     </span>
     <span class='ocr_line' id='line_1_31' title="bbox 105 2174 1563 2229; baseline 0.001 -14"><span class='ocrx_word' id='word_1_257' title='bbox 105 2174 160 2216; x_wconf 90' lang='lat' dir='ltr'>ad</span> <span class='ocrx_word' id='word_1_258' title='bbox 190 2189 324 2216; x_wconf 87' lang='lat' dir='ltr'>annos</span> <span class='ocrx_word' id='word_1_259' title='bbox 355 2175 515 2229; x_wconf 86' lang='lat' dir='ltr'>aliquot</span> <span class='ocrx_word' id='word_1_260' title='bbox 543 2176 781 2226; x_wconf 87' lang='lat' dir='ltr'>discruciet,</span> <span class='ocrx_word' id='word_1_261' title='bbox 807 2176 977 2229; x_wconf 88' lang='lat' dir='ltr'>integra</span> <span class='ocrx_word' id='word_1_262' title='bbox 1006 2177 1225 2229; x_wconf 89' lang='lat' dir='ltr'>sanguinis</span> <span class='ocrx_word' id='word_1_263' title='bbox 1255 2191 1395 2217; x_wconf 85' lang='lat' dir='ltr'>massa</span> <span class='ocrx_word' id='word_1_264' title='bbox 1424 2178 1563 2218; x_wconf 87' lang='lat' dir='ltr'>crasin</span> 
     </span>
     <span class='ocr_line' id='line_1_32' title="bbox 105 2243 1562 2299; baseline 0.002 -16"><span class='ocrx_word' id='word_1_265' title='bbox 105 2243 224 2296; x_wconf 91' lang='lat' dir='ltr'>quasi</span> <span class='ocrx_word' id='word_1_266' title='bbox 255 2243 579 2297; x_wconf 78' lang='lat' dir='ltr'>Dysentericam</span> <span class='ocrx_word' id='word_1_267' title='bbox 605 2244 695 2297; x_wconf 87' lang='lat' dir='ltr'>jam</span> <span class='ocrx_word' id='word_1_268' title='bbox 725 2243 923 2297; x_wconf 71' lang='lat' dir='ltr'>indepta,</span> <span class='ocrx_word' id='word_1_269' title='bbox 960 2244 1074 2284; x_wconf 90' lang='lat' dir='ltr'>unde</span> <span class='ocrx_word' id='word_1_270' title='bbox 1103 2258 1217 2285; x_wconf 89' lang='lat' dir='ltr'>acres</span> <span class='ocrx_word' id='word_1_271' title='bbox 1245 2245 1453 2299; x_wconf 88' lang='lat' dir='ltr'>calidique</span> <span class='ocrx_word' id='word_1_272' title='bbox 1483 2246 1562 2286; x_wconf 85' lang='lat' dir='ltr'>hu-</span> 
     </span>
     <span class='ocr_line' id='line_1_33' title="bbox 106 2311 1562 2366; baseline 0.002 -15"><span class='ocrx_word' id='word_1_273' title='bbox 106 2325 243 2352; x_wconf 89' lang='lat' dir='ltr'>mores</span> <span class='ocrx_word' id='word_1_274' title='bbox 273 2311 489 2352; x_wconf 88' lang='lat' dir='ltr'>intestinis</span> <span class='ocrx_word' id='word_1_275' title='bbox 520 2311 725 2352; x_wconf 87' lang='lat' dir='ltr'>continuo</span> <span class='ocrx_word' id='word_1_276' title='bbox 756 2312 1095 2365; x_wconf 89' lang='lat' dir='ltr'>suppeditantur,</span> <span class='ocrx_word' id='word_1_277' title='bbox 1119 2326 1244 2366; x_wconf 87' lang='lat' dir='ltr'>aegro</span> <span class='ocrx_word' id='word_1_278' title='bbox 1274 2313 1445 2354; x_wconf 89' lang='lat' dir='ltr'>interim</span> <span class='ocrx_word' id='word_1_279' title='bbox 1478 2314 1562 2354; x_wconf 89' lang='lat' dir='ltr'>sin-</span> 
     </span>
     <span class='ocr_line' id='line_1_34' title="bbox 107 2379 1563 2435; baseline 0.002 -16"><span class='ocrx_word' id='word_1_280' title='bbox 107 2379 208 2432; x_wconf 87' lang='lat' dir='ltr'>gula</span> <span class='ocrx_word' id='word_1_281' title='bbox 222 2379 332 2420; x_wconf 70' lang='lat' dir='ltr'>m‘tae</span> <span class='ocrx_word' id='word_1_282' title='bbox 354 2379 502 2420; x_wconf 88' lang='lat' dir='ltr'>munia</span> <span class='ocrx_word' id='word_1_283' title='bbox 522 2379 790 2420; x_wconf 87' lang='lat' dir='ltr'>mediocriter</span> <span class='ocrx_word' id='word_1_284' title='bbox 810 2379 919 2420; x_wconf 91' lang='lat' dir='ltr'>bene</span> <span class='ocrx_word' id='word_1_285' title='bbox 941 2379 1139 2421; x_wconf 89' lang='lat' dir='ltr'>obeunte.</span> <span class='ocrx_word' id='word_1_286' title='bbox 1184 2381 1327 2435; x_wconf 81' lang='lat' dir='ltr'>Hujus</span> <span class='ocrx_word' id='word_1_287' title='bbox 1349 2381 1563 2434; x_wconf 84' lang='lat' dir='ltr'>specimen</span> 
     </span>
     <span class='ocr_line' id='line_1_35' title="bbox 107 2446 1563 2502; baseline 0.001 -14"><span class='ocrx_word' id='word_1_288' title='bbox 107 2460 152 2488; x_wconf 84' lang='lat' dir='ltr'>se</span> <span class='ocrx_word' id='word_1_289' title='bbox 186 2446 292 2488; x_wconf 90' lang='lat' dir='ltr'>mihi</span> <span class='ocrx_word' id='word_1_290' title='bbox 332 2446 489 2489; x_wconf 86' lang='lat' dir='ltr'>obtulit</span> <span class='ocrx_word' id='word_1_291' title='bbox 524 2462 611 2488; x_wconf 88' lang='lat' dir='ltr'>non</span> <span class='ocrx_word' id='word_1_292' title='bbox 648 2448 708 2488; x_wconf 87' lang='lat' dir='ltr'>ita</span> <span class='ocrx_word' id='word_1_293' title='bbox 742 2447 906 2502; x_wconf 89' lang='lat' dir='ltr'>pridem</span> <span class='ocrx_word' id='word_1_294' title='bbox 941 2448 986 2488; x_wconf 89' lang='lat' dir='ltr'>in</span> <span class='ocrx_word' id='word_1_295' title='bbox 1023 2448 1199 2489; x_wconf 86' lang='lat' dir='ltr'>muliere</span> <span class='ocrx_word' id='word_1_296' title='bbox 1241 2449 1423 2502; x_wconf 82' lang='lat' dir='ltr'>quadam</span> <span class='ocrx_word' id='word_1_297' title='bbox 1458 2449 1563 2490; x_wconf 87' lang='lat' dir='ltr'>meis</span> 
     </span>
     <span class='ocr_line' id='line_1_36' title="bbox 109 2514 1637 2590; baseline 0.002 -35"><span class='ocrx_word' id='word_1_298' title='bbox 109 2514 284 2556; x_wconf 82' lang='lat' dir='ltr'>aedibus</span> <span class='ocrx_word' id='word_1_299' title='bbox 324 2515 475 2566; x_wconf 87' lang='lat' dir='ltr'>vicina,</span> <span class='ocrx_word' id='word_1_300' title='bbox 519 2531 624 2569; x_wconf 87' lang='lat' dir='ltr'>quae</span> <span class='ocrx_word' id='word_1_301' title='bbox 663 2530 738 2569; x_wconf 91' lang='lat' dir='ltr'>per</span> <span class='ocrx_word' id='word_1_302' title='bbox 778 2521 864 2557; x_wconf 89' lang='lat' dir='ltr'>tres</span> <span class='ocrx_word' id='word_1_303' title='bbox 898 2531 1031 2556; x_wconf 88' lang='lat' dir='ltr'>annos</span> <span class='ocrx_word' id='word_1_304' title='bbox 1072 2517 1200 2570; x_wconf 86' lang='lat' dir='ltr'>hujus</span> <span class='ocrx_word' id='word_1_305' title='bbox 1234 2517 1564 2558; x_wconf 88' lang='lat' dir='ltr'>Constitutionis</span> <span class='ocrx_word' id='word_1_306' title='bbox 1583 2559 1637 2590; x_wconf 38' lang='lat' dir='ltr'>D,</span> 
     </span>
     <span class='ocr_line' id='line_1_37' title="bbox 107 2564 1750 2636; baseline 0.001 -13"><span class='ocrx_word' id='word_1_307' title='bbox 107 2587 342 2636; x_wconf 85' lang='lat' dir='ltr'>postremos</span> <span class='ocrx_word' id='word_1_308' title='bbox 367 2583 448 2624; x_wconf 86' lang='lat' dir='ltr'>hoc</span> <span class='ocrx_word' id='word_1_309' title='bbox 468 2584 580 2624; x_wconf 90' lang='lat' dir='ltr'>malo</span> <span class='ocrx_word' id='word_1_310' title='bbox 601 2584 869 2625; x_wconf 89' lang='lat' dir='ltr'>continenter</span> <span class='ocrx_word' id='word_1_311' title='bbox 895 2584 1181 2625; x_wconf 79' lang='lat' dir='ltr'>exercebatur.</span> <span class='ocrx_word' id='word_1_312' title='bbox 1237 2585 1348 2626; x_wconf 90' lang='lat' dir='ltr'>Cum</span> <span class='ocrx_word' id='word_1_313' title='bbox 1378 2585 1565 2626; x_wconf 86' lang='lat' dir='ltr'>remedia</span> <span class='ocrx_word' id='word_1_314' title='bbox 1581 2564 1750 2633; x_wconf 50' lang='grc' dir='ltr'>ῑῑὲἒῗῖἱῖζ.</span> 
     </span>
     <span class='ocr_line' id='line_1_38' title="bbox 107 2651 1767 2719; baseline 0.002 -28"><span class='ocrx_word' id='word_1_315' title='bbox 107 2665 237 2704; x_wconf 83' lang='grc'><strong>(1113111</strong></span> <span class='ocrx_word' id='word_1_316' title='bbox 272 2651 457 2705; x_wconf 87' lang='lat' dir='ltr'>plurima</span> <span class='ocrx_word' id='word_1_317' title='bbox 496 2657 606 2693; x_wconf 87' lang='lat' dir='ltr'>esset</span> <span class='ocrx_word' id='word_1_318' title='bbox 647 2657 831 2706; x_wconf 79' lang='lat' dir='ltr'>experta,</span> <span class='ocrx_word' id='word_1_319' title='bbox 866 2657 1096 2706; x_wconf 86' lang='lat' dir='ltr'>antequam</span> <span class='ocrx_word' id='word_1_320' title='bbox 1132 2652 1186 2693; x_wconf 87' lang='lat' dir='ltr'>ad</span> <span class='ocrx_word' id='word_1_321' title='bbox 1225 2667 1293 2694; x_wconf 88' lang='lat' dir='ltr'>me</span> <span class='ocrx_word' id='word_1_322' title='bbox 1333 2653 1564 2703; x_wconf 85' lang='lat' dir='ltr'>accederet,</span> <span class='ocrx_word' id='word_1_323' title='bbox 1583 2651 1767 2719; x_wconf 42' lang='lat' dir='ltr'>&amp;gg-{gf</span> 
     </span>
     <span class='ocr_line' id='line_1_39' title="bbox 107 2719 1771 2780; baseline 0.001 -20"><span class='ocrx_word' id='word_1_324' title='bbox 107 2719 490 2761; x_wconf 86' lang='lat' dir='ltr'>venae-sectionem</span> <span class='ocrx_word' id='word_1_325' title='bbox 511 2725 696 2771; x_wconf 89' lang='lat' dir='ltr'>tantum,</span> <span class='ocrx_word' id='word_1_326' title='bbox 719 2721 857 2761; x_wconf 90' lang='lat' dir='ltr'>missis</span> <span class='ocrx_word' id='word_1_327' title='bbox 879 2721 1053 2761; x_wconf 89' lang='lat' dir='ltr'>cacteris</span> <span class='ocrx_word' id='word_1_328' title='bbox 1074 2721 1292 2775; x_wconf 89' lang='lat' dir='ltr'>praesidiis</span> <span class='ocrx_word' id='word_1_329' title='bbox 1315 2721 1564 2776; x_wconf 89' lang='lat' dir='ltr'>quibusque,</span> <span class='ocrx_word' id='word_1_330' title='bbox 1583 2731 1669 2780; x_wconf 52' lang='lat' dir='ltr'>tione</span> <span class='ocrx_word' id='word_1_331' title='bbox 1682 2742 1771 2772; x_wconf 75' lang='lat' dir='ltr'>repe-</span> 
     </span>
     <span class='ocr_line' id='line_1_40' title="bbox 97 2779 1758 2847; baseline 0.001 -18"><span class='ocrx_word' id='word_1_332' title='bbox 97 2787 404 2845; x_wconf 18' lang='lat' dir='ltr'>&#39;celebrandam</span> <span class='ocrx_word' id='word_1_333' title='bbox 425 2789 571 2830; x_wconf 88' lang='lat' dir='ltr'>censui</span> <span class='ocrx_word' id='word_1_334' title='bbox 583 2807 595 2839; x_wconf 83' lang='lat'>;</span> <span class='ocrx_word' id='word_1_335' title='bbox 628 2803 756 2843; x_wconf 91' lang='lat' dir='ltr'>quam</span> <span class='ocrx_word' id='word_1_336' title='bbox 777 2794 826 2830; x_wconf 92' lang='lat' dir='ltr'>ut</span> <span class='ocrx_word' id='word_1_337' title='bbox 848 2789 1013 2843; x_wconf 87' lang='lat' dir='ltr'>saepius</span> <span class='ocrx_word' id='word_1_338' title='bbox 1034 2795 1282 2843; x_wconf 88' lang='lat' dir='ltr'>repeterem,</span> <span class='ocrx_word' id='word_1_339' title='bbox 1304 2790 1566 2843; x_wconf 87' lang='lat' dir='ltr'>longioribus</span> <span class='ocrx_word' id='word_1_340' title='bbox 1584 2779 1641 2847; x_wconf 47' lang='lat'>{22}</span> <span class='ocrx_word' id='word_1_341' title='bbox 1651 2785 1758 2847; x_wconf 52' lang='grc' dir='ltr'>80ζὲῙῇ</span> 
     </span>
     <span class='ocr_line' id='line_1_41' title="bbox 106 2857 1685 2912; baseline 0.002 -15"><span class='ocrx_word' id='word_1_342' title='bbox 106 2859 256 2897; x_wconf 74' lang='lat' dir='ltr'>tamen</span> <span class='ocrx_word' id='word_1_343' title='bbox 291 2857 536 2907; x_wconf 77' lang='lat' dir='ltr'>intervallis,</span> <span class='ocrx_word' id='word_1_344' title='bbox 573 2862 668 2897; x_wconf 90' lang='lat' dir='ltr'>tum</span> <span class='ocrx_word' id='word_1_345' title='bbox 704 2857 924 2910; x_wconf 86' lang='lat' dir='ltr'>sanguinis</span> <span class='ocrx_word' id='word_1_346' title='bbox 957 2858 1082 2907; x_wconf 89' lang='lat' dir='ltr'>color,</span> <span class='ocrx_word' id='word_1_347' title='bbox 1117 2858 1436 2912; x_wconf 89' lang='lat' dir='ltr'>pleuriticorum</span> <span class='ocrx_word' id='word_1_348' title='bbox 1472 2873 1566 2899; x_wconf 87' lang='lat' dir='ltr'>san·</span> <span class='ocrx_word' id='word_1_349' title='bbox 1584 2860 1685 2900; x_wconf 83' lang='lat' dir='ltr'>plum.</span> 
     </span>
    </p>
   </div>
   <div class='ocr_carea' id='block_1_4' title="bbox 1653 412 1736 414">
    <p class='ocr_par' dir='ltr' id='par_1_5' title="bbox 1653 412 1736 414">
     <span class='ocr_line' id='line_1_42' title="bbox 1653 412 1736 414; baseline 0 0"><span class='ocrx_word' id='word_1_350' title='bbox 1653 412 1736 414; x_wconf 95' lang='lat' dir='ltr'> </span> 
     </span>
    </p>
   </div>
   <div class='ocr_carea' id='block_1_5' title="bbox 477 2940 1198 2982">
    <p class='ocr_par' dir='ltr' id='par_1_6' title="bbox 477 2940 1198 2982">
     <span class='ocr_line' id='line_1_43' title="bbox 477 2940 1198 2982; baseline 0.001 -11"><span class='ocrx_word' id='word_1_351' title='bbox 477 2940 482 2959; x_wconf 68' lang='lat'><em>⁵</em></span> <span class='ocrx_word' id='word_1_352' title='bbox 507 2954 582 2982; x_wconf 78' lang='lat' dir='ltr'>quae</span> <span class='ocrx_word' id='word_1_353' title='bbox 601 2965 607 2971; x_wconf 92' lang='lat'><strong>.</strong></span> <span class='ocrx_word' id='word_1_354' title='bbox 624 2965 630 2972; x_wconf 87' lang='lat'>.</span> <span class='ocrx_word' id='word_1_355' title='bbox 650 2966 656 2972; x_wconf 92' lang='lat'><em>.</em></span> <span class='ocrx_word' id='word_1_356' title='bbox 674 2965 680 2972; x_wconf 91' lang='lat'>.</span> <span class='ocrx_word' id='word_1_357' title='bbox 700 2941 788 2981; x_wconf 69' lang='lat' dir='ltr'>injici</span> <span class='ocrx_word' id='word_1_358' title='bbox 803 2940 913 2981; x_wconf 70' lang='lat' dir='ltr'>solent]</span> <span class='ocrx_word' id='word_1_359' title='bbox 933 2942 1054 2981; x_wconf 66' lang='lat' dir='ltr'>injectis</span> <span class='ocrx_word' id='word_1_360' title='bbox 1070 2942 1116 2972; x_wconf 82' lang='lat' dir='ltr'>ed.</span> <span class='ocrx_word' id='word_1_361' title='bbox 1136 2942 1198 2973; x_wconf 58' lang='lat'>76.</span> 
     </span>
    </p>
   </div>
   <div class='ocr_carea' id='block_1_6' title="bbox 806 3009 880 3034">
    <p class='ocr_par' dir='ltr' id='par_1_7' title="bbox 806 3009 880 3034">
     <span class='ocr_line' id='line_1_44' title="bbox 806 3009 880 3034; baseline 0 0"><span class='ocrx_word' id='word_1_362' title='bbox 806 3009 880 3034; x_wconf 77' lang='lat' dir='ltr'>Aa</span> 
     </span>
    </p>
   </div>
  </div>
 </body>
</html>
