1985 3308
183 258 236 288 DE
248 257 367 288 Fumat:

207 300 346 330 Ρεετιι.

386 144 470 182 548
794 145 1050 186 THOMAE
1084 146 1426 186 SYDENHAM

385 249 491 300 titis,
514 249 566 290 ad
587 251 792 292 naturalis
821 252 903 292 diei
932 252 1116 306 spatium
1142 252 1200 305 (id
1221 257 1285 292 est
1310 252 1434 292 horas
1455 251 1607 305 viginti
1629 254 1839 306 quatuor,)

182 343 367 373 Ass-onum
386 321 451 358 est
471 318 785 360 continuanda:
817 319 863 359 in
880 320 1031 361 sudore
1051 320 1150 360 h'cet
1166 320 1344 373 jusculis
1366 319 1653 361 confortativis
1669 334 1844 374 aegrum

202 386 266 422 ’65‚
277 387 339 416 ’66.

176 1698 335 1737 Paroxys-

174 1750 301 1770 morum
315 1740 363 1769 de·

174 1783 313 1822 scriptio.

178 2335 346 2364 Ccnmo.

386 386 570 427 reficere.

445 454 534 495 Ubi
554 459 697 495 tumor
713 459 864 495 enatus
884 454 1025 505 fuerit,
1049 469 1202 495 venam
1225 455 1386 508 aperire
1402 469 1491 495 non
1512 455 1709 496 sustinui.
1762 456 1844 496 Per

384 523 508 563 horas
530 523 667 563 adhuc
689 538 713 564 a
732 523 854 563 finito
885 522 1036 563 sudore
1058 523 1209 575 viginti
1231 529 1426 576 quatuor,
1450 538 1574 577 aegro
1602 537 1645 564 se
1666 524 1712 564 in
1733 524 1844 565 lecto

385 591 646 641 continente,
677 591 812 644 frigus
843 596 966 632 caute
999 591 1222 642 devitetur,
1255 592 1473 632 indusium
1505 601 1656 646 sponte
1688 606 1764 632 sua
1797 592 1844 632 in

384 671 556 711 corpore
589 671 775 698 arescere
810 658 1096 712 permittatur,
1133 659 1357 712 potulenta
1392 660 1537 700 omnia
1571 660 1844 701 calidiuscule

382 728 646 779 hauriantur,
663 734 704 769 et
726 729 974 783 zythogalae
997 730 1125 770 salvia
1147 730 1348 770 alteratae
1364 744 1466 770 usus
1488 731 1723 771 etiamnum
1745 744 1843 771 con-

382 797 598 836 tinuetur:
639 796 685 836 in
714 797 908 850 sequenti
929 797 1022 837 luce
1051 797 1174 838 Potio
1207 798 1435 851 Purgativa
1457 798 1707 839 Communis
1728 798 1843 839 exhi-

383 864 546 904 beatur.

439 998 556 1039 Anni
582 998 706 1048 1667,
731 1000 856 1050 1668,
879 999 1048 1040 Febrim
1070 999 1336 1040 Variolosam
1357 1004 1399 1041 et
1422 999 1615 1041 Variolas
1635 999 1843 1054 produxe-

380 1065 524 1116 runt13

438 1134 557 1175 Anni
580 1135 704 1185 1669,
729 1136 854 1186 1670,
879 1136 1003 1185 1671,
1028 1135 1152 1186 1672,
1176 1135 1346 1176 Febrim
1368 1135 1718 1189 Dysentericamk
1732 1153 1743 1186 ς

437 1204 557 1245 Anni
579 1205 704 1255 1673,
730 1205 854 1255 1674,
875 1205 998 1255 1675,
1022 1205 1193 1245 Febrim
1218 1203 1522 1245 Comatosam1.

438 1273 715 1313 Curationem
743 1273 945 1314 Febrium
975 1273 1130 1314 horum
1161 1287 1371 1314 annorum
1402 1287 1491 1313 non
1516 1273 1682 1325 attingo
1696 1289 1707 1321 ;
1741 1286 1842 1325 quo-

380 1342 496 1381 niam
523 1341 737 1391 methodo,
760 1341 806 1381 in
826 1341 942 1382 febre
969 1341 1070 1382 anni
1098 1342 1207 1381 1685
1232 1346 1311 1382 etc.
1336 1341 1593 1395 descriptam,
1616 1340 1754 1382 curari
1775 1353 1844 1381 eas

380 1410 568 1464 potuisse
591 1414 778 1451 autumo.

985 1512 1110 1552 CAP.
1144 1511 1245 1552 1V.¹¹

769 1601 833 1641 De
853 1600 1048 1661 Febribus
1058 1600 1445 1665 *Internzittentibua

443 1684 551 1727 CUM
580 1686 719 1739 rigore
745 1690 785 1726 et
813 1686 986 1726 horrore
1015 1685 1206 1726 adoritur
1233 1699 1523 1739 pai'oxysmuS‚
1553 1684 1708 1738 quibus
1743 1697 1838 1724 mox

382 1755 568 1795 succedit
589 1755 713 1804 calor,
737 1758 778 1794 ct
798 1753 897 1794 huic
918 1754 1091 1794 tandem
1109 1753 1248 1803 sudor,
1266 1758 1308 1794 et
1330 1753 1591 1806 subsequens
1612 1751 1841 1807 ἀπυρεξία;

380 1822 479 1863 licet
499 1822 545 1862 iu
566 1822 710 1876 primis
732 1821 869 1862 morbi
897 1821 1058 1871 diebus,
1081 1826 1290 1861 autumno
1317 1820 1513 1869 maxime,
1537 1819 1757 1872 aliquoties
1777 1833 1842 1859 re-

379 1891 522 1931 missio
562 1890 702 1944 potius
745 1904 872 1943 quam
917 1889 1173 1930 intermissio
1221 1889 1570 1943 persentiscitur,
1620 1889 1666 1928 in
1706 1888 1843 1929 calore

380 1973 511 2012 aeque
548 1973 595 2000 ac
630 1959 674 1999 in
709 1958 847 2011 rigore
879 1957 1099 1999 vomitm'it
1132 1962 1182 1998 ut
1216 1958 1461 2011 plurimum,
1490 1970 1538 1997 ac
1570 1956 1843 1997 vehementer

380 2031 571 2080 aegrotat
599 2027 738 2077 miser,
762 2040 858 2067 cum
887 2026 957 2067 siti
979 2032 1020 2067 et
1047 2026 1197 2080 lingua
1227 2026 1357 2066 arida.
1420 2026 1476 2066 In
1505 2030 1675 2066 tenera⁰
1703 2028 1842 2066 aetate

380 2095 616 2136 abdominis
656 2095 832 2145 inflatio,
869 2094 915 2135 in
956 2094 1112 2135 adultis
1155 2108 1328 2135 crurum
1368 2098 1512 2134 tumor
1547 2092 1694 2133 Febris
1731 2093 1840 2133 solu-

380 2163 562 2212 tionem;
595 2164 865 2204 tonsillarmn
893 2162 1022 2213 dolor,
1044 2162 1240 2212 raucedo,
1264 2161 1375 2202 oculi
1403 2161 1504 2211 cavi,
1526 2160 1652 2201 facies
1678 2158 1841 2214 Hippo-

379 2232 546 2282 cratica,
568 2236 751 2272 mortem
772 2231 1047 2272 denunciant.

381 2321 515 2362 [Farm.
539 2323 631 2364 150]
643 2320 655 2339 ¹²
683 2319 723 2370 R
751 2321 900 2355 Corticis
919 2321 1105 2354 Peruviani
1122 2321 1344 2354 subtilissime
1366 2319 1534 2364 pulverati
1552 2319 1693 2352 unciam
1710 2328 1830 2359 unam,

753 2378 844 2412 Cum
863 2378 1054 2412 sufficiente
1072 2378 1267 2422 quantitate
1283 2377 1408 2422 Syrupi
1422 2375 1753 2421 Caryophylloruim

804 2433 875 2478 (vel
896 2432 1060 2480 [Syrupi]
1081 2434 1123 2468 de
1142 2434 1244 2468 Rosis
1264 2433 1374 2467 Siccis
1389 2432 1414 2478 3)

567 2493 648 2526 Fiat
670 2493 908 2533 electuarium,
926 2491 1154 2525 dividendum
1172 2492 1208 2525 in
1228 2491 1413 2525 duodecim
1435 2490 1543 2531 doseS‚
1560 2501 1707 2535 quarum
1733 2501 1840 2525 uuam

568 2551 683 2595 capiat
717 2555 841 2594 quarta
869 2561 1006 2594 quaque
1037 2549 1134 2591 hora,
1159 2548 1414 2594 superbibendo
1439 2548 1511 2581 vini
1538 2548 1724 2593 cujuslibet
1754 2547 1840 2582 hau-

568 2614 672 2649 stum,
690 2607 891 2652 incipiendo
908 2606 1110 2641 immediate
1128 2613 1205 2651 post
1221 2616 1482 2652 paroxysmum.

444 2689 522 2742 [2]
564 2688 607 2728 Si
630 2693 773 2729 autem
793 2688 1041 2742 praescripti
1059 2687 1145 2729 boli
1166 2692 1357 2728 ventrem
1378 2686 1600 2736 moverint,
1617 2685 1662 2725 in
1683 2685 1840 2726 haustu

423 2792 430 2815 ¹'
457 2795 506 2825 Cf.
526 2797 646 2825 Οὐδ-εντ’.
665 2796 746 2825 Med.
763 2795 806 2824 iii.
828 2797 855 2825 2.
1179 2798 1196 2815 Π
1223 2794 1270 2823 Cf.
1291 2795 1412 2824 Observ.
1430 2794 1511 2823 Med.
1528 2793 1547 2823 i.
1566 2794 1594 2822 5.
1613 2793 1631 2822 6
1649 2801 1712 2831 sq.;
1743 2793 1838 2830 Epist.

425 2835 437 2854 *¹
463 2839 511 2867 Cf.
530 2840 602 2867 ibid.
620 2838 660 2868 iv.
679 2840 706 2868 3.
1137 2838 1279 2876 Respons.
1297 2838 1323 2866 I.

423 2877 430 2896 ¹
455 2880 503 2910 Cf.
522 2882 592 2910 ibid.
612 2890 639 2909 v.
659 2882 685 2909 2.
1180 2884 1194 2897 ⁰
1219 2878 1268 2909 Cf.
1285 2880 1406 2910 observ.
1424 2879 1509 2907 Msd.
1522 2878 1541 2908 i.
1561 2879 1588 2907 5.
1607 2878 1648 2906 50
1662 2887 1707 2916 sq.

422 2926 443 2939 '¹'
469 2921 517 2951 Cf.
536 2925 638 2952 Schecl.
658 2923 766 2952 Monit.
786 2924 808 2952 l.
1180 2925 1193 2945 Ρ
1218 2921 1266 2952 Cf.
1285 2921 1374 2951 form.
1389 2923 1439 2951 50.
