1985 3308
269 138 793 180 OBSERVATIONUM
824 139 1201 182 MEDICARUM
1234 140 1296 173 IV·
1323 144 1354 173 6-
1471 146 1546 185 191

80 256 404 298 ,Ποηηιιῃῳιᾶηι
439 244 548 285 viam
584 244 663 285 sibi
697 245 910 296 facerent3
954 246 1067 300 quod
1101 261 1155 287 ne
1192 248 1322 288 semel
1352 249 1547 291 accidisse
1569 261 1751 292 vammum

93 309 299 352 hactenus
321 313 489 366 quidem
512 313 904 355 animadverteram.
1569 305 1752 376 Λχζζζζῇῗζι

152 378 229 432 [8.]
263 380 495 421 Observare
516 385 659 421 autem
684 382 878 422 convenit
899 381 1091 423 Variolas
1111 383 1236 424 hasce
1256 398 1344 424 non
1371 383 1430 425 ita
1451 384 1550 424 diris
1595 391 1730 421 'To-¹72.

92 447 386 499 symptomatis
421 461 495 501 per
530 448 672 488 omnia
703 463 778 489 sua
812 454 1004 502 tempora
1038 450 1166 491 fuisse
1197 451 1395 505 stipatas,
1437 458 1550 505 post-

91 529 219 567 quam
259 516 373 556 enim
413 516 534 557 binos
575 522 801 569 exegerant
842 531 987 568 annos,
1024 518 1150 558 tertio
1196 519 1368 571 (seilicet
1408 521 1547 573 1672‚)

91 582 310 624 mitescere
341 589 582 637 coeperunt,
605 589 660 634 et,
684 590 809 625 exuto
839 585 964 638 nigro
996 586 1145 636 colore,
1169 587 1372 640 paulatim
1404 588 1458 628 ad
1479 589 1550 629 fla-

90 664 190 690 vum
220 651 353 701 illum,
376 658 418 692 et
439 651 629 692 favorum
651 652 844 702 similem,
868 653 1138 704 accedebant,
1163 655 1235 708 qui
1264 655 1428 696 variolis
1450 656 1551 709 legi-

90 717 204 758 timis
239 719 621 760 matmeseentibus
657 725 721 760 est
754 720 946 774 propius;
994 722 1053 762 ita
1088 727 1150 772 ut,
1180 727 1392 776 postremo
1423 724 1550 778 hujus

91 785 417 828 Constitutionis
450 802 575 838 anno,
612 788 825 841 benignae
855 788 980 842 plane
1016 796 1156 830 essent
1190 796 1232 831 et
1273 791 1374 832 boni
1406 793 1548 843 moris,

90 853 235 894 habita
267 855 431 908 generis
472 855 646 897 ratione.
718 856 814 897 Quo
853 871 940 897 non
977 857 1186 909 obstante,
1225 859 1325 900 satis
1361 859 1549 913 liquebat

89 922 179 962 illas
212 923 265 962 ad
295 923 420 964 aliam
456 938 624 977 prorsus
660 924 835 964 classem
866 925 1114 978 relegandas
1146 941 1248 978 esse,
1281 942 1332 968 ex
1358 929 1548 982 pustula-

88 1004 184 1029 rum
216 990 418 1031 nimirum
447 991 675 1046 exiguitate
700 997 789 1032 tam
820 992 982 1044 eximia,
1006 993 1059 1034 ad
1087 995 1376 1037 salivationem
1412 996 1549 1051 dispo-

89 1058 254 1109 sitione,
278 1064 404 1112 atque
427 1060 529 1100 aliis.

148 1125 230 1182 [9.]
266 1127 511 1168 Quamlibet
539 1127 592 1168 ob
621 1142 840 1168 causarum
869 1128 1130 1170 differentiae
1159 1131 1384 1185 cujuslibet
1416 1133 1545 1187 speci·
1566 1148 1741 1181 Commo.

85 1195 200 1244 fieae,
225 1209 307 1248 qua
333 1195 637 1248 immergimur,
660 1196 957 1249 ignorantiam,
979 1197 1235 1251 impossibile
1263 1200 1389 1241 fuerit
1420 1202 1544 1243 ratio·
1566 1208 1758 1256 CuratioVa-

85 1276 184 1302 nem
214 1261 366 1302 harum
392 1263 658 1304 Variolarum
688 1264 907 1304 formalem
940 1266 1307 1319 comprehendere,
1337 1275 1545 1322 quatenus
1562 1252 1741 1325 Ἄῖἶὲζῖζᾚᾎ

84 1329 136 1370 ab
178 1330 270 1380 illis,
304 1345 405 1384 quas
446 1331 526 1371 alia
566 1331 720 1385 promit
756 1331 1015 1383 constitutio,
1048 1335 1544 1389 contradistinguuntur3
1564 1347 1635 1366 rum
1650 1338 1728 1367 utri-

84 1397 188 1437 mihi
217 1402 362 1438 tamen
397 1398 556 1452 liquido
586 1399 807 1439 constabat
839 1413 889 1439 ex
925 1400 1101 1453 singulis
1132 1402 1448 1455 phaenomenis,
1480 1405 1544 1446 in·
1563 1389 1665 1452 ἓξὲξ
1681 1391 1735 1420 ἔθ’

83 1465 414 1507 flammationem
435 1467 479 1507 in
500 1467 578 1517 his,
602 1482 726 1520 quam
747 1467 792 1507 in
812 1467 907 1518 illis,
930 1468 1056 1522 longe
1083 1469 1380 1512 immaniorem
1402 1473 1543 1525 fuisse,

83 1547 130 1574 ae
151 1535 326 1587 proinde
347 1549 519 1576 omnem
540 1535 741 1576 medendi
767 1536 977 1577 rationem
998 1537 1041 1577 in
1064 1552 1113 1578 eo
1135 1543 1259 1590 stare,
1282 1545 1330 1580 ut
1351 1541 1543 1594 pluribus
1564 1551 1752 1602 rufi-amam-

82 1603 220 1644 adhuc
239 1605 451 1658 repagulis
479 1604 697 1645 sisteretur
724 1605 957 1646 effraenata
978 1608 1197 1660 sanguinis
1225 1609 1428 1652 ebullitio.
1490 1612 1544 1652 Id
1563 1599 1609 1624 ΠΟ
1626 1606 1658 1625 ¹¹¹
1674 1596 1725 1626 ¹¹¹³

1584 1648 1659 1668 uanl
1674 1649 1708 1668 111

82 1676 225 1712 autem
245 1672 428 1713 maxime
449 1672 708 1713 efficiebatiu·
731 1673 841 1727 (post
864 1673 1093 1728 hypnotiea
1114 1676 1226 1718 dicto
1247 1678 1374 1719 modo
1403 1679 1479 1732 [iii.
1501 1682 1540 1721 2.
1561 1647 1716 1719 (rlegulari-

81 1741 136 1780 52
146 1740 225 1794 sq.]
247 1740 461 1794 exhibita,)
481 1741 687 1795 regimine
700 1746 948 1795 temperato,
963 1743 1225 1797 indulgendo
1243 1746 1399 1788 seilicet
1416 1762 1543 1801 aegro
1561 1723 1739 1806 ggsr'nssggff

81 1822 204 1848 usum
224 1809 503 1849 liberaliorem
519 1809 691 1863 liquoris
708 1810 897 1864 alicujus,
917 1811 988 1864 qui
1009 1826 1097 1852 non
1114 1827 1212 1853 eum
1230 1815 1540 1867 excalefaceret,
1560 1814 1733 1891 ἴθῖὲῐζῗῗ·

81 1877 154 1917 sed
175 1877 313 1930 potius
333 1877 659 1917 fervidissimum
682 1878 803 1918 illum
827 1885 1003 1930 aestum,
1028 1895 1110 1934 quo
1142 1881 1209 1922 hie
1230 1883 1404 1924 morbus
1430 1885 1541 1938 (pus-
1560 1895 1663 1934 magis
1679 1895 1734 1925 ad-

80 1944 180 1984 tulis
211 1945 392 1985 maxime
425 1945 479 1986 ad
508 1946 799 1986 maturitatem
825 1947 915 2000 jam
945 1949 1318 2005 pervenientibus)
1353 1953 1541 2003 miseros,
1560 1937 1727 2019 Effiffffia‘

81 2027 180 2066 prae
211 2013 385 2053 caeteris
422 2013 657 2067 quibusque
692 2015 862 2066 morbis,
901 2015 1052 2069 fatigat
1085 2022 1211 2071 atque
1247 2019 1398 2070 exurit,
1434 2021 1545 2062 illico

81 2081 401 2134 commitigaret.
462 2082 683 2122 Decoctum
706 2083 883 2122 Album&
913 2083 1074 2123 dictum
1100 2086 1166 2138 (ex
1186 2100 1295 2139 pane
1316 2087 1472 2128 scilicet
1503 2093 1546 2130 et

80 2162 212 2189 cornu
228 2149 336 2189 cerii
358 2149 552 2189 calcinati
574 2150 724 2203 exigua
752 2151 989 2204 quantitate
1010 2152 1054 2192 in
1076 2153 1213 2193 multa
1241 2168 1349 2207 aqua
1369 2155 1543 2207 factum,

79 2222 121 2257 et
153 2217 349 2258 saecharo
381 2217 676 2270 dulcoratum,)
716 2218 783 2259 hie
814 2219 1014 2272 juvabat,-
1062 2225 1105 2260 at
1135 2221 1380 2275 hydrogala,
1418 2237 1440 2264 e
1470 2225 1544 2265 tri-

78 2284 158 2325 bus
185 2299 318 2338 aquae
339 2285 529 2339 partibus
552 2291 594 2326 et
622 2287 742 2327 lactis
770 2302 858 2327 una
885 2287 1010 2327 simul
1032 2289 1172 2339 coetis,
1195 2294 1237 2330 et
1269 2291 1384 2344 aegri
1404 2292 1545 2345 palato

78 2357 120 2393 et
150 2353 256 2393 votis
286 2354 421 2406 magis
451 2360 499 2394 ut
528 2354 758 2407 plurimum
788 2355 1075 2409 refrigerando
1104 2358 1321 2410 respondit
1333 2376 1345 2409 ,-
1386 2373 1465 2400 nec
1496 2374 1545 2402 eo

78 2426 248 2462 tantum
273 2422 448 2475 profecit
476 2422 633 2475 ingesti
659 2423 832 2476 liquoris
860 2424 990 2477 eopia,
1014 2439 1096 2478 quo
1123 2425 1335 2479 insignem
1362 2428 1543 2469 calorem

78 2503 174 2529 cum
196 2490 494 2531 maturationis
525 2491 640 2532 febre
662 2492 884 2545 praecipue
906 2493 1118 2546 vigentem
1149 2495 1447 2548 restingueret,
1471 2497 1543 2538 sed

78 2562 287 2610 quatenus
317 2558 591 2612 ptyalismum
623 2560 750 2600 etiam
780 2568 1058 2613 promoveret,
1083 2567 1209 2615 atque
1241 2563 1423 2604 eundem
1447 2565 1540 2606 diu-

77 2625 162 2665 tius
188 2627 449 2679 protraheret
481 2642 609 2680 quam
639 2634 807 2681 poterat
838 2629 928 2669 fieri
959 2629 991 2669 si
1023 2644 1148 2682 aeger
1169 2631 1301 2671 nimio
1330 2637 1542 2674 aestuaret

79 2693 226 2734 calore.
289 2694 462 2735 Praeter
492 2696 595 2736 haee
626 2697 782 2746 omnia,
805 2711 1108 2751 saepenumero
1139 2699 1199 2738 ita
1229 2699 1337 2741 bene
1369 2701 1541 2743 cessisse

77 2760 261 2814 liquores
281 2763 407 2803 hosce
429 2764 590 2804 affatim
612 2764 786 2805 haustos
815 2765 1041 2815 observavi,
1064 2771 1114 2806 ut
1142 2781 1286 2807 eorum
1317 2783 1398 2808 usu
1419 2769 1541 2810 Vari-

78 2827 180 2879 olae,
204 2844 310 2883 quae
341 2844 439 2870 cum
470 2832 661 2884 pessimis
687 2833 981 2874 Confluentiae
1003 2834 1132 2888 signis
1163 2836 1347 2888 exibant,
1370 2852 1541 2893 progre-

425 2921 439 2940 Β
465 2917 514 2947 Cf.
533 2928 602 2958 sup.
622 2929 646 2948 c.
667 2920 694 2949 3,
713 2921 728 2957 ᾗ
749 2920 796 2955 10,
816 2921 918 2949 Sched.
940 2921 1048 2950 lilonit.
1067 2922 1091 2951 I.
1111 2922 1124 2959 ξ
1148 2923 1193 2952 13.
