1985 3308
380 174 464 213 236
788 177 1043 218 THOMAE
1079 178 1273 218 SYDEN
1281 178 1418 217 HAM

200 286 338 316 Amea-
381 278 451 320 alii
479 286 625 322 tamen
646 283 881 336 Epidemici
913 284 1173 325 characteres
1204 288 1382 324 natmae
1413 288 1540 335 atque
1570 281 1703 322 indoli
1733 294 1833 322 suae

190 337 344 401 ''⁵¹3³Sff‘gf‘
382 349 569 402 proprios
611 365 657 391 ac
696 352 927 404 peculiares
967 352 1227 404 apertissime
1269 355 1512 403 agnoscent.
1586 349 1665 402 [4.]
1703 348 1835 389 Verbi

176 414 251 417 —
381 417 529 469 gratia,
553 419 623 470 qui
655 420 829 460 variolas
859 420 1100 473 inspexerit,
1126 419 1246 460 facile
1277 417 1545 471 conjectabit,
1573 417 1713 470 (modo
1743 416 1834 469 ejus

379 485 514 525 morbi
539 485 758 526 historiam
786 487 914 540 probe
941 488 1118 539 calleat,)
1143 487 1207 527 vel
1236 501 1259 526 a
1280 486 1347 526 die
1369 499 1452 538 quo
1482 485 1668 538 primum
1695 498 1833 524 erum-

378 557 486 604 punt
516 554 722 606 pustulae,
745 555 809 595 vel
840 555 891 595 ab
919 569 1063 595 earum
1090 553 1386 606 magnitudine
1417 558 1543 606 atque
1565 552 1713 602 colore,
1737 556 1832 601 etc„

378 620 431 660 ad
463 621 675 673 quodnam
695 623 946 663 variolarum
968 636 1101 674 genus
1133 621 1291 674 species
1321 620 1392 660 illa
1418 620 1683 674 particularis
1704 619 1832 660 fuerit

376 688 617 729 referenda:
651 695 776 742 atque
798 689 871 729 ubi
893 690 1021 730 semel
1042 689 1283 741 cognoverit
1301 702 1510 741 quaenam
1531 688 1585 728 sit
1606 688 1678 727 illa
1698 687 1831 727 vario-

377 755 512 795 larum
541 756 697 808 speeies
727 771 833 810 quae
864 771 912 798 co
934 771 1046 797 anno
1074 762 1200 809 atque
1221 770 1296 809 per
1325 756 1417 796 loca
1437 755 1519 795 ista
1546 754 1830 804 increbrescit,

378 823 477 863 satis
505 823 564 863 illi
596 824 806 864 constabit
835 824 886 865 de
918 824 1054 877 specie
1075 824 1221 864 Febris
1243 823 1426 878 cujusvis
1453 837 1528 876 per
1555 822 1599 863 id
1629 822 1831 875 temporis

376 895 501 942 atque
523 903 571 930 eo
592 890 779 931 locorum
801 891 1042 944 grassantis.
1105 891 1162 932 Et
1184 905 1284 931 sane
1306 891 1341 931 si
1364 890 1610 931 morborum
1635 890 1830 931 historias

374 957 427 996 ad
457 971 645 1010 unguem
675 959 1003 1011 perdidicissem,
1037 960 1179 1012 (quam
1210 973 1287 1012 ego
1317 959 1425 999 mihi
1453 958 1624 999 laudem
1653 958 1830 998 minime

373 1025 521 1077 sumo,)
547 1025 681 1075 sicuti,
704 1026 948 1079 Epidemico
971 1026 1114 1080 quovis
1140 1032 1377 1080 conspecto,
1399 1041 1488 1067 non
1509 1025 1749 1066 dubitarem
1777 1025 1830 1066 de

373 1092 516 1132 Febris
532 1098 625 1132 tum
646 1094 864 1146 regnantis
886 1109 1039 1147 genere
1060 1094 1352 1148 pronunciare,
1370 1094 1467 1135 lieet
1488 1108 1543 1135 ne
1563 1108 1695 1134 unam
1715 1093 1828 1134 vide-

369 1159 449 1198 rim
467 1160 650 1213 quidem,
668 1161 727 1201 ita
744 1162 889 1202 Febris
911 1162 1122 1215 quaelibet
1143 1167 1380 1216 conspecta,
1404 1162 1598 1215 quisnam
1620 1161 1658 1202 ei
1673 1161 1828 1214 junge-

367 1232 486 1267 retm’
499 1228 669 1268 morbus
686 1229 968 1282 Epidemieus,
986 1244 1055 1270 me
1072 1230 1172 1270 satis
1190 1230 1370 1280 doceret,
1389 1244 1444 1269 an
1459 1229 1639 1269 variolae
1655 1228 1826 1279 scilieet,

368 1294 432 1334 vel
459 1295 653 1346 morbssli,
679 1297 744 1337 vel
771 1297 1022 1351 dysenteria,
1046 1302 1124 1338 etc.
1139 1314 1150 1347 3
1183 1311 1281 1337 eum
1300 1302 1389 1337 tam
1420 1296 1630 1349 peculiare
1657 1295 1827 1349 aliquod

367 1361 518 1402 horum
541 1378 687 1416 genus,
710 1379 836 1418 quam
859 1365 1002 1405 Febris
1024 1364 1258 1418 peculiaris,
1275 1364 1572 1417 particularem
1594 1363 1825 1417 quamlibet

369 1430 729 1473 Constitutionem
745 1433 906 1486 jugiter
927 1434 1165 1474 comitetur.

161 1506 302 1553 secunao
318 1516 336 1536 a
427 1496 508 1552 [5]
539 1499 732 1540 Secundo
746 1508 902 1551 autem,
916 1508 1083 1554 praeter
1098 1501 1255 1541 indicia
1269 1500 1341 1541 illa
1358 1515 1464 1554 quae
1480 1500 1824 1553 Epidemieorum

162 1557 297 1587 ¹'¹'⁰¹‘¹⁴¹¹⁸
366 1579 453 1605 una
480 1565 771 1608 invadentium
800 1569 1078 1609 consideratio
1106 1569 1228 1609 nobis
1258 1573 1469 1621 suggeret,
1492 1574 1534 1608 et
1566 1568 1657 1621 ipsa
1684 1567 1824 1621 cujus-

164 1590 334 1621 cu'uslibet

165 1600 290 1704 Ξκῖιιζῑίῑο
365 1634 467 1675 libet
490 1636 634 1676 Febris
666 1643 949 1691 symptomata
980 1639 1032 1678 ad
1064 1638 1251 1691 ejusdem
1283 1638 1465 1691 speeiem
1493 1637 1823 1691 dignoscendam

165 1685 268 1747 {imi}
295 1695 306 1699 “
365 1701 478 1742 haud
501 1703 722 1744 obscuram
743 1706 879 1745 lucem
901 1705 1186 1746 foenerantur.
1249 1705 1494 1747 Quamh'bet
1526 1706 1642 1745 enim
1661 1704 1731 1758 (ut
1753 1719 1822 1745 su-

365 1783 439 1820 pra
459 1769 705 1823 innuimus)
732 1771 887 1811 Febres
918 1772 962 1811 in
991 1772 1235 1812 universum
1263 1786 1410 1812 omnes
1433 1772 1641 1825 quaedam
1661 1772 1821 1813 habent

364 1841 646 1888 symptomata
662 1838 859 1878 omnibus
881 1840 1135 1889 eommunia,
1153 1844 1251 1879 sunt
1274 1844 1419 1879 tamen
1441 1845 1482 1879 et
1496 1846 1635 1880 certae
1656 1839 1821 1893 aliquae

362 1903 644 1945 distinctionis
666 1911 804 1956 notae,
820 1921 922 1959 quas
940 1907 1117 1959 singulis
1140 1906 1356 1959 speciebus
1370 1907 1586 1960 sigillatim
1607 1908 1820 1960 impressit

361 1972 552 2023 Natura,
585 1988 692 2026 quae
720 1988 818 2015 eum
839 1974 1078 2015 subtiliores
1106 1975 1190 2016 sint
1213 1989 1260 2015 ae
1291 1975 1425 2028 magis
1454 1976 1709 2026 reconditae,
1731 1991 1818 2017 non

362 2040 440 2079 nisi
463 2055 487 2080 a
507 2042 771 2092 cautissimis,
795 2048 837 2083 et
858 2043 1144 2083 minutissima
1166 2058 1355 2097 quaeque
1375 2044 1672 2097 pensiculatim
1692 2045 1817 2085 truti-

360 2108 574 2159 nantibus‚
598 2110 687 2149 erui
719 2111 855 2150 solent
883 2116 957 2151 aut
984 2111 1242 2164 investigari.
1305 2112 1427 2152 Inter
1453 2112 1558 2153 haee
1589 2112 1710 2165 signa
1735 2113 1817 2153 dis-

161 2187 260 2235 Aegri·
276 2188 340 2217 sive
357 2176 599 2228 tinguentia
630 2192 793 2231 semper
814 2179 1047 2219 existimavi
1069 2194 1159 2232 ego,
1182 2179 1297 2232 aegri
1324 2180 1408 2220 sive
1430 2180 1709 2230 sudationem,
1732 2181 1817 2222 sive

157 2230 328 2301 Ξξζῖὲῆἑξῖίί
358 2244 602 2296 siccitatem,
620 2246 665 2286 in
685 2247 764 2287 hoe
782 2247 847 2287 vel
868 2247 938 2286 illo
955 2247 1092 2288 morbi
1112 2253 1314 2300 tempore,
1334 2247 1478 2288 Febris
1495 2249 1676 2300 speciem
1696 2262 1814 2301 prae-

158 2315 265 2362 tas-‚jn
282 2315 340 2345 hoc
359 2312 479 2364 cipue
511 2318 552 2353 et
584 2328 682 2365 prae
713 2315 888 2354 caeteris
915 2315 1217 2364 demonstrare,
1246 2315 1372 2354 modo
1396 2315 1468 2355 illa
1497 2329 1521 2354 a
1545 2319 1660 2355 statu
1690 2321 1814 2356 natu-

155 2356 341 2429 ?{fflliiissmw
360 2381 435 2420 rali
458 2395 504 2420 ae
521 2395 609 2431 suo,
628 2382 828 2423 methodo
850 2383 990 2423 minus
1012 2397 1200 2435 congrua
1214 2397 1301 2422 non
1322 2383 1449 2424 fuerit
1471 2383 1656 2437 dejecta:
1687 2389 1816 2438 atque

156 2442 313 2521 {3231311'20
360 2447 437 2487 hoe
468 2448 606 2500 ipsum
636 2449 795 2502 liquido
826 2450 930 2489 mihi
958 2450 1177 2490 constabat
1199 2450 1243 2490 in
1265 2450 1470 2491 Febribus
1495 2451 1693 2492 omnibus
1713 2453 1813 2506 Epi-

154 2525 234 2555 ciem
252 2537 324 2565 prae
361 2514 544 2564 manicis,
578 2522 783 2568 quotquot
813 2517 1121 2557 Observationes
1151 2517 1231 2558 hae
1261 2523 1429 2558 nostrae
1460 2519 1668 2561 hactenus
1700 2535 1812 2562 eom-

152 2569 343 2642 ξῖᾖῖξξζῐᾛέθ·
361 2581 614 2632 plectuntur.
684 2583 762 2636 [6]
801 2583 994 2636 Exempli
1022 2584 1168 2637 gratia,
1191 2585 1239 2624 iis
1270 2585 1314 2625 iu
1337 2586 1541 2628 Febribus
1569 2602 1676 2641 quae
1699 2589 1811 2642 vige-

358 2648 459 2688 bant
476 2650 736 2690 exolescente
744 2657 760 2680 8
775 2651 1160 2692 Intermittentium
1168 2653 1494 2694 Autumnalium
1510 2655 1810 2707 praedominio‚

357 2715 469 2767 aegri
492 2723 667 2756 externa
687 2717 944 2768 arescebant,
967 2733 1045 2759 nee
1066 2720 1129 2759 vel
1146 2720 1321 2760 minima
1343 2720 1505 2762 sudoris
1525 2723 1810 2776 praesignatio

354 2787 454 2822 ante
481 2785 681 2824 materiae
703 2785 881 2825 Febrilis
902 2787 1217 2827 concoctionem
1245 2789 1366 2840 (quae
1387 2788 1455 2828 die
1476 2788 1638 2830 decimo
1659 2797 1810 2842 quarto

354 2848 598 2902 plerumque
634 2851 955 2904 perficiebatur,)
995 2853 1039 2892 in
1076 2859 1348 2907 conspectum
1389 2870 1431 2896 se
1467 2856 1619 2907 dabat,
1670 2872 1808 2912 neque

818 2934 830 2951 S

855 2937 1051 2977 c.1·0lesc‹·ne‹·]
1071 2941 1198 2970 durans(
1215 2939 1259 2970 ed.
1282 2940 1341 2971 ’76-
