1985 3308
425 112 510 152 566
839 110 1096 152 THOMAE
1130 108 1471 150 SYDENHAM

287 228 342 258 DE
424 218 577 270 bitum,
607 232 851 272 orgasmum
882 229 1146 270 compescere
1176 229 1265 255 11011
1294 215 1444 264 valeat,
1470 213 1598 267 (und
1628 213 1675 254 111
1701 213 1884 254 Variolis

223 271 405 300 vimoms.
423 288 649 342 insigniter
670 285 997 328 Confluentibus
1021 284 1099 324 sub
1121 284 1251 324 finem
1272 296 1419 323 earum
1439 295 1563 336 saepe
1584 281 1764 333 accidit,)
1789 286 1884 321 tum

424 362 571 396 octava
592 367 758 408 quaque
779 354 883 394 hora
904 351 1206 401 exhibendum,
1227 351 1294 391 vel
1314 350 1493 403 saepius,
1516 349 1552 390 si
1571 363 1677 403 opus
1697 348 1840 389 fuerit.

490 421 600 475 [17.]
637 421 696 461 At
733 420 769 459 si
799 418 996 458 Variolae
1033 417 1339 458 Interstinctae
1378 416 1552 466 fuerint,
1587 415 1688 456 satis
1721 415 1801 455 erit
1834 418 1885 454 ut

427 488 692 530 solummodo
713 486 891 539 singulis
922 485 1120 526 noctibus
1151 490 1246 538 post
1273 484 1445 538 plenam
1472 483 1741 537 eruptionem
1770 481 1886 523 exhi-

426 556 577 597 beatur
597 554 903 608 paregoricum,
927 557 1056 606 atque
1077 552 1207 593 etiam
1227 552 1274 592 in
1293 551 1450 592 minori
1471 551 1574 591 dosi.

491 623 600 677 [18]
640 621 961 674 Qualiscunque
983 625 1127 661 autem
1154 619 1321 673 generis
1342 618 1540 659 Variolae
1561 617 1735 668 fuerint,
1758 621 1889 670 atque

427 691 557 731 etiam
598 689 882 742 qualicunque
922 687 1061 728 morbi
1099 693 1305 740 tempore,
1346 686 1381 726 si
1420 685 1630 739 phrenitis
1671 684 1886 735 acciderit,

427 758 602 799 omnino
630 762 795 810 oportet
822 762 871 796 ut
897 755 1141 796 inordinato
1163 755 1391 808 spirituum
1417 754 1555 795 motui
1575 754 1771 794 fraenum
1790 752 1888 806 inji-

428 825 564 865 ciatur
576 841 588 874 3
621 837 668 863 ac
688 822 878 876 proinde,
894 822 928 862 si
944 822 1059 875 prior
1073 822 1307 875 paregorici
1333 821 1445 862 dosis
1465 826 1626 861 metam
1646 834 1736 861 11011
1759 819 1889 861 attin-

430 897 515 945 gat,
538 891 621 931 alia
648 895 774 943 atque
797 890 878 930 alia
899 895 1153 940 assumatur,
1176 889 1310 930 donec
1340 889 1553 930 tumultus
1574 888 1746 942 penitus
1777 901 1889 928 com-

427 964 648 1013 pescatur;
679 958 930 1011 interposito
962 958 1076 998 inter
1112 947 1301 1011 singulas
1336 957 1458 998 doses
1487 956 1623 1010 spatio
1659 956 1814 1009 aliquo,
1840 959 1892 996 ut

429 1040 678 1080 pernoscere
700 1026 926 1076 valeamus,
948 1030 1094 1065 utrum
1122 1025 1234 1065 dosis
1255 1025 1408 1065 ultima
1436 1025 1482 1065 id
1510 1024 1622 1077 quod
1649 1023 1892 1078 quaerimus

429 1093 702 1148 praestiterit,
725 1098 955 1146 antequam
976 1106 1085 1133 nova
1104 1093 1337 1146 ingeratur.

497 1161 644 1215 [l9.]1¹¹
679 1161 725 1200 Si
752 1160 999 1201 omnimoda
1023 1160 1173 1200 urinae
1204 1159 1443 1214 suppressio
1474 1158 1687 1209 acciderit,
1710 1171 1835 1212 aeger
1869 1170 1893 1198 e

432 1231 541 1270 lecto
563 1230 786 1280 eximatur,
810 1235 852 1270 et
874 1230 1188 1283 aliquantulum
1209 1228 1469 1270 obambulet.
1813 1230 1817 1233 ’

498 1297 607 1351 [20]
622 1303 640 1320 ¹¹
674 1297 720 1337 Si
741 1297 871 1338 saliva
891 1298 944 1338 ob
967 1298 1150 1338 calorem
1173 1297 1227 1338 sit
1249 1297 1353 1337 adeo
1374 1296 1532 1336 viscida
1558 1300 1607 1336 ut
1634 1294 1895 1349 expectorari

432 1380 521 1406 non
541 1365 686 1419 possit,
708 1370 804 1405 tum
826 1365 1087 1419 gargarisma
1107 1380 1207 1406 cum
1232 1365 1405 1419 syringa
1425 1378 1548 1417 saepe
1568 1364 1614 1403 in
1635 1364 1777 1404 fauces
1797 1363 1895 1416 inji-

433 1433 582 1473 ciatur.
645 1433 936 1486 Componatur
957 1447 979 1473 e
1001 1433 1198 1474 cerevisia
1217 1433 1352 1482 tenui,
1380 1432 1446 1472 vel
1474 1446 1582 1485 aqua
1607 1431 1768 1481 hordei,
1797 1444 1897 1471 cum

434 1500 559 1540 melle
579 1514 785 1540 rosarum.
847 1501 928 1540 Vel
950 1515 1130 1554 sequens
1150 1500 1346 1553 usurpari
1366 1500 1523 1554 poterit
1539 1516 1608 1540 :--

438 1589 571 1633 [For-m.
595 1589 717 1629 1800]0
745 1587 785 1630 R
813 1590 841 1622 C
846 1590 962 1623 orticis
980 1589 1077 1623 Ulmi
1095 1589 1278 1623 drachmas
1295 1600 1366 1629 sex,

812 1646 955 1680 Radicis
973 1647 1221 1691 Glycynhizae
1238 1647 1477 1686 semiunciam,

814 1703 977 1737 Passulas
995 1704 1195 1737 enucleatas
1211 1703 1350 1747 viginti,

813 1759 987 1794 Rosarum
1005 1760 1205 1794 Rubrarum
1223 1761 1374 1805 pugillos
1391 1760 1499 1800 duos;

626 1817 748 1860 Coque
771 1816 963 1850 sufficiente
981 1819 1176 1861 quantitate
1201 1828 1313 1861 aquae
1331 1817 1374 1851 ad
1393 1817 1656 1862 sesquilibram3
1681 1817 1717 1850 in
1743 1817 1899 1850 colatura

628 1873 774 1907 dissolve

817 1931 1010 1977 Oxymellis
1028 1932 1206 1977 simplicis,

816 1989 934 2023 Mellis
952 1989 1137 2030 Rosarum,
1155 2001 1223 2023 ana
1241 1990 1363 2024 uncias
1381 1989 1487 2028 duas;

629 2046 761 2087 Misce;
788 2047 848 2080 fiat
868 2048 1094 2091 gargarisma.

506 2126 648 2180 [21.]1>
682 2126 728 2166 Si
761 2126 1010 2180 cpispastico
1046 2140 1151 2179 opus
1186 2125 1328 2174 fuerit,
1368 2125 1557 2178 amplum
1594 2125 1694 2165 satis
1728 2129 1771 2165 et
1807 2138 1902 2165 acre

439 2195 606 2234 nuchae
647 2194 881 2247 applicetur
915 2199 1041 2234 nocte
1080 2194 1164 2233 ista
1209 2207 1315 2246 quae
1355 2207 1558 2246 magnam
1597 2192 1735 2233 morbi
1774 2191 1903 2232 crisin

440 2262 676 2315 praecedit:
709 2276 806 2302 mox
839 2262 890 2302 ab
923 2267 1140 2314 assumpto
1171 2261 1415 2314 paregorico
1445 2260 1602 2314 plantis
1634 2273 1800 2314 quoque
1830 2273 1902 2313 pe-

442 2330 544 2370 dum
578 2330 779 2382 applicari
811 2335 951 2382 potest
985 2329 1144 2378 allium,
1178 2343 1203 2369 a
1235 2328 1302 2368 die
1335 2333 1483 2368 octavo
1517 2342 1651 2381 usque
1682 2327 1737 2368 ad
1765 2326 1903 2368 morbi

442 2400 585 2449 finem,
608 2399 788 2451 singulis
809 2398 958 2439 diebus
979 2398 1283 2439 renovandum.

243 2486 387 2515 Infantes
509 2466 642 2520 [22]q
677 2466 723 2506 Si
738 2466 893 2516 infans,
912 2466 963 2506 de
986 2466 1281 2519 symptomatis
1300 2465 1582 2505 dentitionem
1600 2463 1904 2504 comitantibus

241 2538 374 2609 {3332
391 2578 424 2600 m
440 2536 527 2589 jam
561 2549 746 2584 securus,
785 2534 1013 2588 derepente
1048 2548 1214 2587 spasmo
1250 2533 1487 2586 corripitur,
1524 2532 1593 2572 hic
1628 2531 1904 2585 cogitandum

242 2613 404 2642 tractandi.
446 2608 522 2652 est,
559 2602 878 2642 convulsionem
912 2603 1038 2642 istam
1073 2601 1262 2642 fortassis
1299 2616 1324 2642 a
1358 2601 1551 2640 Naturae
1591 2604 1760 2650 conatu,
1797 2613 1904 2653 quae

446 2670 653 2720 Variolas,
677 2670 947 2710 scarlatinam
977 2670 1152 2719 febrem,
1183 2675 1256 2709 aut
1287 2668 1517 2717 morbillos,
1539 2667 1585 2707 in
1616 2667 1800 2721 corporis
1830 2667 1905 2707 ha-

489 2777 515 2792 m
541 2772 590 2802 Cf.
610 2773 731 2802 observ.
752 2773 831 2802 illesi.
850 2772 891 2802 iii.
911 2774 938 2802 2.
957 2774 1006 2802 (il.
1248 2776 1265 2799 P
1291 2771 1418 2801 Desunt
1442 2772 1474 2808 ἓξ
1501 2771 1551 2805 21,
1575 2771 1614 2799 22
1639 2769 1670 2799 in
1696 2769 1742 2799 ed.
1769 2770 1839 2804 '933
1865 2769 1904 2798 cf.

491 2820 506 2835 n
534 2815 581 2843 ef.
601 2817 672 2844 snm.
690 2815 736 2843 iii.
753 2816 781 2844 2.
800 2815 849 2845 61.
1210 2816 1337 2844 Dissert.
1357 2815 1454 2851 Epist.
1473 2814 1486 2849 ᾗ
1505 2814 1544 2842 4³
1563 2822 1609 2851 sq.

491 2862 505 2875 ‹·
532 2857 580 2886 cf.
596 2857 685 2886 form.
710 2858 757 2887 21.
1254 2861 1270 2883 q
1297 2856 1467 2892 εει-133(
1487 2857 1535 2884 28.
