1985 3308
406 183 461 223 10
813 179 1070 221 THOMAE
1105 176 1444 220 SYDENHAM

202 296 360 368 Eraga.
404 301 597 329 meorum
617 287 663 328 in
682 287 763 328 1100
784 286 957 340 negotio
979 289 1211 327 conatuum
1228 283 1442 338 specimen
1464 279 1644 335 aliquale
1657 280 1703 321 in
1723 279 1863 321 lucem

237 348 265 367 D.
308 347 385 368 ERT.
406 355 519 397 dare.

469 423 549 477 [5.]
580 423 727 463 Sentio
744 427 887 463 autem
903 427 1073 462 nostrae
1090 421 1207 461 Artis
1222 420 1536 460 incrementum
1557 416 1604 456 in
1618 416 1684 456 his
1706 414 1864 456 consis-

403 497 506 541 tere,
540 496 589 531 ut
621 490 830 531 habeatm·
863 490 1000 542 primo
1034 488 1238 537 Historia,
1273 487 1357 526 sive
1387 485 1631 526 morborum
1671 482 1864 524 omnium

406 559 630 612 descriptio
662 558 802 613 quoad
832 558 922 597 ficri
953 562 1091 610 potest
1121 555 1320 608 graphica
1355 559 1396 594 et
1425 552 1655 600 naturalis3
1699 549 1863 600 deinde,

406 626 553 666 Praxis
583 640 657 665 seu
687 624 922 665 Methodus
953 624 1064 664 circa
1089 623 1259 663 eosdem
1291 621 1452 661 stabilis
1479 634 1526 660 ac
1554 623 1862 660 consummata.

408 694 519 733 Sane
552 693 720 733 morbos
753 706 888 733 crasse
920 692 1148 744 depingere
1174 690 1274 730 satis
1303 688 1474 729 obvium
1510 692 1598 737 est3
1631 686 1749 739 atqui
1779 686 1865 726 his-
1922 727 1931 735 ⁸

404 761 557 801 toriam
598 774 743 800 eorum
784 760 844 799 ita
890 758 1167 807 conscribere,
1208 762 1258 796 ut
1299 756 1480 796 evitetur
1520 768 1696 794 censura
1737 767 1864 806 quam

404 827 659 868 clarissimus
686 826 960 866 Vernlamius
996 825 1042 864 in
1080 824 1310 864 nonnullos
1352 821 1558 875 ejusmodi
1592 820 1864 874 promissores

403 894 595 943 vibravit,
627 894 753 945 longe
789 893 960 945 majoris
995 896 1057 932 est
1088 891 1277 943 negotii:
1312 889 1459 929 “Satis
1491 888 1674 928 scimus’'
1711 888 1864 941 (inquit

402 962 465 1001 vir
478 961 795 1012 nobilissimus,)
815 960 995 1000 “haberi
1011 958 1248 999 Historiam
1262 957 1532 1007 Naturalem,
1541 957 1652 997 mole
1666 957 1863 1009 amplam,

401 1029 603 1069 varietate
644 1033 822 1080 gratam,
857 1027 1079 1080 diligentia
1119 1026 1284 1078 saepius
1326 1025 1558 1065 curiosam:
1603 1029 1794 1065 attamen
1830 1024 1865 1064 si

401 1097 495 1149 quis
527 1110 576 1136 ex
607 1110 656 1135 ea
685 1095 863 1144 fabulas,
901 1100 943 1134 et
975 1094 1205 1135 authorum
1235 1093 1471 1143 citationes,
1501 1097 1543 1133 et
1583 1092 1733 1133 inanes
1764 1106 1865 1132 con-

400 1163 638 1213 troversias,
667 1162 942 1216 philologiam
971 1162 1154 1215 denique
1191 1166 1233 1202 et
1264 1166 1516 1201 ornamenta
1541 1159 1711 1210 eximat,
1742 1160 1866 1212 (quae

403 1232 456 1271 ad
478 1231 710 1271 convivales
733 1244 946 1270 sermones
974 1230 1282 1282 hominumque
1308 1229 1529 1269 doctorum
1550 1232 1696 1268 noctes
1723 1227 1864 1280 potius

402 1313 531 1351 qnam
548 1298 601 1338 ad
616 1298 926 1338 instituendam
943 1297 1259 1350 Philosophiam
1275 1296 1441 1349 [sunt]a
1455 1295 1800 1347 accommodata,)
1811 1295 1865 1335 ad

403 1366 465 1405 nil
485 1366 632 1417 magni
652 1379 718 1405 res
746 1365 919 1405 recidet.
982 1365 1131 1417 Longe
1159 1364 1347 1417 profecto
1376 1363 1495 1403 abest
1523 1362 1575 1402 ab
1597 1376 1647 1402 ea
1674 1362 1865 1402 Historia

403 1446 532 1485 quam
552 1432 694 1471 animo
719 1431 964 1471 metimur.'’
987 1431 1148 1484 [Descr.
1163 1431 1280 1470 Globz·
1296 1431 1430 1470 Intell.
1453 1443 1488 1470 c.
1506 1431 1545 1469 3.
1568 1429 1648 1470 vol.
1664 1429 1718 1469 xi.
1741 1443 1780 1482 p.
1797 1428 1857 1482 8.]

407 1499 611 1540 Similiter
638 1499 765 1539 etiam
795 1504 837 1539 et
870 1499 1117 1539 morborum
1145 1498 1385 1539 curationes
1415 1511 1492 1552 pro
1523 1511 1639 1537 more
1666 1496 1864 1537 facillime

404 1571 725 1621 proponuntur,
758 1566 877 1620 atqui
922 1566 1003 1606 hoc
1045 1566 1106 1606 ita
1147 1570 1374 1619 praestare,
1411 1570 1460 1604 ut
1500 1564 1628 1604 verba
1667 1564 1713 1604 in
1752 1564 1866 1604 facta

404 1639 638 1684 transeant,
662 1640 789 1688 atque
818 1639 994 1674 eventus
1020 1633 1236 1687 promissis
1262 1632 1558 1686 respondeant,
1587 1632 1722 1685 magis
1744 1632 1865 1672 ardui

405 1702 635 1743 moliminis
662 1702 724 1742 illi
746 1702 1016 1755 judicabunt,
1047 1701 1119 1755 qui
1148 1701 1295 1741 vident
1326 1700 1475 1741 haberi
1502 1700 1615 1753 apud
1641 1699 1865 1753 scriptores

405 1770 610 1824 practicos
635 1770 805 1811 morbos
837 1769 1087 1823 complures,
1111 1783 1214 1822 quos
1236 1782 1315 1809 nec
1335 1768 1398 1807 illi
1423 1768 1504 1821 ipsi
1531 1767 1766 1821 scriptores,
1787 1781 1865 1808 nec

405 1837 614 1891 quispiam
634 1838 842 1878 hactenus
863 1837 1126 1879 medicorum
1149 1849 1297 1876 sanare
1318 1836 1556 1876 valuerunt.

470 1905 549 1958 [6.]
589 1905 716 1946 Quod
737 1910 882 1946 autem
904 1909 1065 1958 spectat
1087 1904 1140 1944 ad
1164 1903 1401 1944 Historiam
1422 1904 1681 1952 morborum,
1708 1902 1743 1942 si
1772 1903 1865 1956 quis

405 1985 495 2012 rem
524 1973 729 2013 attentius
756 1972 1004 2026 perpendat,
1026 1972 1148 2012 facilc
1175 1971 1334 2011 videbit
1366 1970 1621 2011 scribentem
1647 1970 1701 2011 ad
1728 1970 1865 2011 multo

407 2040 527 2092 plura
568 2040 758 2080 animum
799 2040 952 2080 debere
994 2040 1223 2089 advertere,
1259 2053 1387 2092 quam
1426 2039 1553 2091 vulgo
1584 2038 1864 2079 existimatur.

406 2107 601 2149 Quorum
623 2122 758 2160 pauca
778 2108 882 2148 haec
902 2107 1300 2161 impraesentiarum
1322 2106 1534 2159 attingere
1555 2105 1780 2146 suffecerit.

472 2175 551 2228 [72]
590 2175 746 2225 Primo,
770 2175 938 2229 expedit
959 2180 1008 2215 ut
1030 2175 1168 2215 morbi
1189 2187 1335 2215 omnes
1362 2173 1415 2214 ad
1437 2173 1632 2214 definitas
1654 2187 1701 2213 ac
1729 2177 1864 2214 certas

409 2243 565 2295 species
586 2248 848 2293 revocentur,
871 2243 1019 2284 eadem
1046 2257 1216 2296 prorsus
1248 2242 1469 2294 diligentia
1491 2255 1538 2281 ac
1558 2239 1766 2296 ἀκριβείᾳ,
1783 2255 1866 2294 qua

407 2310 450 2349 id
471 2310 632 2350 factum
651 2311 842 2351 videmus
864 2325 889 2351 a
908 2310 1116 2351 botanicis
1131 2309 1404 2362 scriptoribus
1420 2309 1466 2348 in
1487 2308 1572 2348 suis
1593 2309 1864 2362 phytologiis.

409 2377 576 2430 Quippe
596 2378 868 2431 reperiuntur
894 2377 1044 2427 morbi,
1067 2377 1139 2430 qui
1161 2377 1238 2417 sub
1267 2376 1415 2417 eodem
1438 2389 1592 2428 genere
1620 2389 1668 2416 ac
1688 2390 1865 2416 nomen-

407 2444 569 2484 clatura
595 2445 769 2495 redacti,
796 2459 843 2485 ac
869 2444 1007 2498 quoad
1031 2444 1239 2485 nonnulla
1270 2447 1555 2497 symptomata
1584 2443 1665 2483 sibi
1684 2443 1864 2483 imicem

406 2512 658 2561 consimiles,
681 2518 828 2552 tamen
849 2517 891 2552 et
918 2516 1074 2552 natura
1094 2511 1207 2552 inter
1228 2525 1271 2551 se
1293 2511 1476 2560 discreti,
1499 2510 1711 2551 diversum
1735 2510 1865 2550 etiam

407 2578 646 2618 medicandi
685 2579 861 2619 modum
901 2579 1133 2632 postulant.
1205 2578 1360 2618 Carduz‘
1401 2577 1573 2630 quidem
1611 2591 1770 2618 nomen
1811 2577 1864 2618 ad

407 2644 546 2695 plures
567 2646 796 2686 herbarum
818 2647 975 2699 species
998 2646 1164 2686 extendi
1188 2659 1312 2686 nemo
1333 2645 1468 2686 nescit
1488 2662 1495 2685 :
1530 2650 1572 2686 at
1594 2659 1691 2685 vero
1712 2659 1860 2698 parum

407 2716 600 2750 accurate
636 2712 760 2752 faciet
791 2713 853 2752 rei
883 2713 1101 2754 herbariae
1130 2713 1320 2766 scriptor,
1359 2712 1432 2765 qui
1465 2712 1706 2765 generalem
1736 2712 1864 2765 hujus

405 2776 575 2827 plantae
607 2777 928 2831 descriptionem
958 2782 1056 2834 (qua
1091 2780 1249 2821 scilieet
1282 2794 1307 2820 a
1339 2780 1514 2820 caeteris
1551 2779 1752 2833 stirpibus
1780 2778 1863 2819 dis-

407 2845 576 2895 crepat,)
603 2858 834 2897 proponere
870 2852 1109 2897 contentus,
1144 2847 1313 2901 propria
1347 2846 1521 2887 interim
1561 2851 1603 2887 et
1635 2846 1864 2900 peculiaria

733 2936 745 2951 a
773 2928 875 2969 [sunt]
896 2931 946 2960 Sic
962 2931 1029 2970 ipse
1045 2931 1261 2968 Verulamius,
1278 2933 1338 2961 sint
1353 2931 1436 2961 male
1454 2931 1530 2972 Syd.
