1985 3308
210 289 367 319 Axoum-

193 348 382 386 interjacen-

192 395 232 427 te,
242 391 378 429 juvenes

193 444 268 473 prae
278 440 380 464 caete-

196 476 249 512 ris,
258 482 286 506 et
297 482 378 506 tem-

192 528 358 558 perameu-

194 566 225 590 to
236 563 362 601 sangui—

194 613 252 633 neo
268 615 356 644 prae-

192 646 284 683 ditos,
302 657 355 677 ru-

192 690 239 718 fos
256 690 342 727 item,

191 732 321 762 invadit.

194 784 299 815 Morbi
317 786 369 817 de-

194 828 332 868 scriptiO.

191 1108 364 1139 emmo.

191 1167 322 1198 Curatio

190 1212 345 1250 sauguine

189 1254 315 1293 copiose

189 1296 330 1327 detracto

188 1339 329 1377 primum
346 1351 362 1370 e

189 1382 325 1419 brachio,

189 1433 263 1454 mox
280 1435 318 1455 ex

189 1467 301 1497 ranula

187 1516 340 1549 utraquc;

187 1551 246 1582 litu
264 1563 302 1583 ex

188 1594 284 1625 melle
300 1605 361 1625 ros.

187 1643 217 1667 et
237 1638 310 1677 spir.

187 1680 274 1716 vit1·.;
298 1691 370 1720 gar--

191 1723 372 1761 garismate;

183 2214 254 2243 dein
271 2224 323 2244 ca-

181 2257 280 2286 tharsi
298 2268 367 2297 per-

181 2299 295 2331 ficitur.

185 2747 309 2777 Enciua

185 2790 280 2819 eliam
299 2800 346 2819 rc-

185 2832 339 2871 frigerans

186 2882 213 2904 ct
232 2875 330 2905 emol-

399 180 484 220 266
809 181 1066 222 THOMAE
1102 181 1442 222 SYDENHAM

399 292 737 341 temperamento
771 289 1004 341 sanguineo
1037 288 1261 342 praeditos
1294 288 1408 328 rufos
1442 287 1570 328 ctiam
1611 286 1739 340 (quod
1771 302 1858 329 non

402 357 531 397 semel
557 357 800 410 observari)
824 371 924 410 prae
950 357 1121 410 reliquis
1146 356 1356 397 omnibus.
1420 356 1578 408 Rigent
1599 355 1859 410 horrentque

400 438 498 464 mox
529 438 553 465 a
587 424 723 478 primo
758 424 895 465 morbi
931 425 1117 473 insultu3
1147 424 1336 476 sequitur
1363 422 1504 473 febris,
1533 427 1576 463 et
1608 424 1734 477 paulo
1763 428 1859 477 post

400 492 530 543 dolor,
560 497 602 534 et
632 493 819 533 faucium
849 493 1141 542 inflammatio,
1172 492 1239 533 cui
1269 491 1351 531 nisi
1379 495 1545 532 mature
1575 497 1857 543 succurratur,

400 573 524 613 aeger
555 561 700 601 statim
730 574 809 601 nec
841 560 1050 613 deglutire
1080 560 1191 600 valet
1227 559 1420 612 amplius,
1450 573 1528 599 nec
1559 559 1754 613 spiritum
1784 573 1858 613 per

399 641 521 668 nares
543 628 708 678 ducere,
732 628 805 668 scd
826 641 923 668 cum
945 642 1071 668 sensu
1093 627 1276 681 quodam
1298 627 1647 680 strangulationis
1667 628 1857 681 praeclu-

399 695 561 736 duntur
576 696 717 736 fauces
735 696 786 736 ab
803 695 1139 736 inflammatione
1156 699 1197 736 et
1210 700 1378 736 tumore
1393 695 1558 746 uvulae,
1573 696 1855 746 tonsillarum,

397 763 596 818 laryngis,
614 765 675 804 ita
695 769 744 804 ut
765 769 935 804 tantum
957 778 1044 804 non
1066 763 1308 804 suffocetur.
1351 763 1513 816 Ingens
1535 763 1586 804 ab
1608 763 1688 804 hoc
1707 764 1856 805 morbo

396 831 642 885 periculum,
675 836 824 885 utpote
862 832 932 884 qui
968 831 1110 885 paucis
1143 844 1456 885 nonnunquam
1487 831 1602 872 horis
1637 831 1855 872 hominem

390 900 561 953 jugulat
575 916 586 949 3
621 900 783 953 quoties
809 900 968 940 scilicet
990 913 1147 953 magua
1166 899 1227 940 vis
1252 899 1454 940 materiae
1481 899 1642 940 febrilis
1665 899 1711 940 in
1736 913 1854 953 prae-

395 966 528 1007 dictas
544 972 685 1020 partes
707 967 943 1021 conjicitur,
962 981 1100 1021 neque
1123 967 1224 1008 satis
1244 967 1494 1021 tempestive
1510 966 1854 1008 convenientium

393 1036 677 1076 remediorum
698 1050 779 1076 usu
799 1036 1020 1090 ingruenti
1041 1036 1277 1077 occurritm⁴
1297 1036 1517 1090 procellae.

459 1103 537 1157 [2.]
577 1103 714 1156 Opem
734 1104 912 1154 laturus,
935 1104 1189 1157 sanguinem
1214 1117 1311 1144 cum
1332 1103 1478 1157 primis
1500 1117 1523 1144 e
1548 1102 1720 1144 brachio
1741 1103 1852 1157 copi-

394 1184 465 1212 ose
492 1171 681 1221 detraho,
705 1186 800 1212 mox
827 1186 877 1212 ex
901 1173 1053 1213 ranula
1075 1177 1257 1225 utraque
1270 1189 1281 1222 3
1315 1171 1426 1222 dein,
1449 1175 1498 1212 ut
1521 1176 1662 1225 partes
1687 1171 1852 1212 inflam-

393 1243 533 1279 matae
563 1240 688 1280 melle
718 1253 887 1280 rosaceo
923 1240 1075 1294 spiritu
1114 1240 1326 1294 sulphuris
1359 1239 1412 1280 ad
1443 1253 1656 1279 summum
1687 1252 1853 1280 acorem

392 1307 615 1360 permixto,
640 1312 888 1361 tangantur,
916 1309 1069 1349 author
1097 1323 1191 1348 sum
1204 1325 1215 1358 ;
1258 1322 1356 1348 mox
1385 1307 1645 1361 gargarisma
1672 1320 1853 1360 sequens

393 1375 644 1428 praescribo,
667 1391 755 1417 nou
779 1377 943 1430 vulgari
968 1377 1093 1417 modo
1118 1376 1426 1429 usurpandum,
1455 1375 1528 1416 sed
1552 1375 1613 1416 ita
1633 1381 1682 1415 ut
1707 1375 1754 1415 in
1780 1389 1851 1416 ore

394 1443 484 1484 sine
515 1444 602 1485 ulla
638 1445 870 1498 agitatione
901 1445 1172 1486 contineatur
1208 1445 1342 1486 donec
1372 1444 1611 1495 incalescat,
1651 1444 1749 1484 dein
1780 1458 1848 1485 ex-

391 1515 560 1564 puatur,
584 1517 625 1552 et
647 1517 862 1566 repetatur
883 1512 1063 1554 subinde
1079 1530 1146 1554 :-—-

394 1634 526 1679 [Form.
545 1636 645 1681 48.]‘¹
678 1634 716 1678 R
746 1638 867 1681 Aquae
887 1637 1116 1683 Plantagini5‚

745 1694 904 1740 [Aquae]
924 1695 1092 1729 Rosarum
1112 1695 1322 1736 Rubrarum,

745 1751 902 1797 [Aquae]
925 1753 1113 1798 spermatis
1133 1753 1323 1794 Baliarum,
1341 1764 1408 1786 aua
1426 1753 1546 1786 uncias
1565 1760 1723 1797 quatuor,

741 1810 915 1844 Albumcn
936 1810 1089 1844 Ovorum
1109 1811 1142 1843 in
1163 1822 1289 1855 aquam
1308 1810 1476 1855 agitando
1494 1810 1672 1845 redactum
1690 1811 1808 1852 trium,

742 1865 903 1900 Sacchari
923 1866 1038 1900 Caudi
1057 1867 1125 1901 albi
1145 1867 1329 1901 drachmas
1347 1873 1435 1907 tres;

578 1922 657 1957 Fiat
677 1925 903 1968 gargnrisma.

388 2061 528 2103 Jubeo
556 2063 685 2103 etiam
710 2068 758 2103 ut
781 2064 832 2104 de
861 2065 1095 2106 emulsione
1122 2065 1168 2106 in
1197 2079 1298 2107 cura
1318 2066 1459 2107 Morbi
1485 2067 1695 2108 Lateralis
1729 2067 1782 2122 [c.
1806 2069 1843 2109 3.

389 2131 411 2183 {s
434 2130 494 2184 6.]
523 2133 790 2185 praescripta,
812 2133 877 2173 vel
900 2133 1038 2184 simili,
1061 2134 1197 2175 indies
1219 2139 1373 2176 sumat.

453 2198 532 2252 [3.]
574 2199 780 2253 Sequenti
820 2215 958 2252 mane,
990 2202 1072 2242 nisi
1111 2202 1240 2243 febris
1281 2207 1324 2244 et
1360 2203 1478 2244 dolor
1517 2203 1630 2245 inter
1665 2204 1847 2258 degluti-

387 2266 546 2307 endum
567 2272 790 2322 perceptus
816 2269 1128 2322 aliquantulum
1153 2270 1407 2321 remiserint,
1428 2285 1580 2312 venam
1605 2272 1650 2312 in
1675 2271 1847 2314 brachio

385 2349 556 2376 rursum
576 2337 694 2388 ferio,
717 2338 901 2379 cathal-si
921 2339 967 2379 in
992 2339 1104 2381 diem
1125 2345 1342 2393 posterum
1362 2341 1532 2394 rejecta.
1593 2342 1653 2382 At
1675 2341 1710 2381 si
1730 2346 1846 2382 utra-

386 2416 467 2456 que
498 2404 602 2445 haec
629 2406 895 2458 minuantur,
918 2407 1199 2448 catharticum
1228 2407 1452 2449 lenitivum
1477 2408 1620 2449 statim
1643 2408 1821 2450 exhibeo
1833 2426 1845 2459 5

387 2472 499 2524 quod
531 2473 702 2526 quidem
737 2480 833 2528 post
865 2475 1084 2529 sanguinis
1114 2475 1359 2517 missionem
1390 2491 1490 2530 prae
1525 2476 1724 2518 omnibus
1754 2477 1846 2518 aliis

385 2540 579 2591 perutile,
606 2555 654 2582 ac
682 2542 871 2595 apprime
899 2543 1183 2589 necessarium
1208 2557 1310 2594 esse,
1333 2544 1559 2598 multiplici
1586 2545 1847 2599 experientia

386 2608 600 2661 comperii.
666 2610 711 2649 Si
732 2611 898 2651 fortean
924 2611 1052 2664 (quod
1073 2611 1243 2666 quidem
1266 2612 1419 2665 oppido
1439 2626 1583 2653 rarum
1604 2614 1697 2666 est,)
1717 2612 1846 2654 febris

389 2675 552 2729 aliaque
581 2683 867 2731 symptomata
894 2680 1023 2720 etiam
1053 2684 1149 2733 post
1177 2680 1390 2720 catharsin
1422 2680 1581 2721 bellum
1611 2681 1844 2732 minentur,

388 2742 552 2794 iterata,
575 2750 624 2785 ut
644 2747 772 2798 prius,
787 2748 1124 2788 venae-sectione
1145 2748 1433 2801 pei-domanda
1453 2752 1565 2798 sunt,
1582 2752 1632 2788 ut
1645 2753 1658 2771 ¹
1674 2752 1716 2789 et
1738 2749 1845 2802 epis-

389 2810 546 2862 pastico
588 2814 727 2866 amplo
769 2829 816 2855 ac
851 2815 950 2856 forti
990 2816 1212 2869 posteriori
1252 2816 1400 2857 cerxici
1441 2816 1701 2869 applicando.
1763 2817 1846 2857 Per
1906 2817 1907 2822 ’

389 2876 603 2931 integrum
632 2880 806 2934 hujusce
835 2883 971 2924 morbi
1003 2884 1228 2925 decursum
1256 2897 1406 2925 enema
1434 2883 1688 2937 refrigerans
1715 2884 1844 2925 emol-

475 2987 489 3006 ιι
516 2979 565 3009 Cf.
583 2980 671 3010 form.
694 2983 760 3013 176.
1290 2989 1303 3006 ¹
1326 2984 1530 3025 ut—-applic,]
1549 2996 1610 3017 mu.
1630 2985 1675 3016 ed.
1695 2986 1755 3018 76.
