1985 3308
783 125 954 162 INDEX

197 227 202 232 '
230 224 456 265 strangulatus
479 225 560 255 uteri
581 225 668 265 quid,
685 226 765 262 8653
790 226 874 257 unde
897 237 951 257 ex-

185 266 312 304 citetur,
328 268 401 305 371,
419 268 490 300 372.

228 309 414 340 structurae
454 310 594 350 corporis
635 310 769 340 humani
812 311 952 351 cognitio

183 360 350 391 quousque
365 352 536 392 pertingat,
550 353 622 382 464.

227 393 340 423 Studia
368 394 468 424 nimia
504 394 684 434 podagricis
720 399 844 431 nocent,
875 395 949 433 417,

182 435 263 470 4393
288 435 535 466 melancholicos
550 436 654 466 reddit
668 436 823 473 homines,
839 438 912 468 370.

225 477 342 517 Stupor
364 478 398 508 in
421 479 506 508 febre
529 478 664 518 epidem.
680 488 754 508 ann.
775 479 948 516 ’73—'75.,

181 519 253 554 213,
271 521 343 550 214.

224 561 356 592 Sudatio
372 567 402 592 et
416 562 543 592 siccitas
556 562 590 591 in
606 562 754 598 sebfibus,
772 563 844 592 236.

223 603 328 634 Sudor
351 605 494 634 Naturae
518 605 687 634 methodus
714 614 777 644 qua
802 605 946 636 febrilem

178 646 344 676 materiem
361 646 502 686 expellit,
518 648 593 682 423,
609 647 689 681 507,
714 647 889 677 artificialis
912 649 945 678 iu

177 688 427 724 contusionibus,
455 690 539 724 450;
577 693 706 718 coactus
734 689 767 718 in
794 689 944 727 febribus,

179 730 259 765 2463
283 730 315 760 in
332 731 472 760 febribus
487 731 679 770 quibusdam
695 730 766 760 elici
782 736 894 770 potest,
912 733 944 762 in

175 770 247 801 aliis
263 782 336 809 non,
357 774 426 808 104,
441 774 515 809 236,
528 773 608 808 237;
632 773 665 802 in
680 773 766 802 febre
780 783 861 803 nova
876 775 942 814 epi-

175 812 270 850 dem.⁷
289 815 360 851 477,
378 816 451 851 489,
468 816 540 851 492,
559 816 638 850 4933
673 815 705 844 in
728 815 869 845 febribus
891 817 941 846 in-

175 856 318 892 termitt.,
345 859 424 893 2803
461 857 495 887 in
523 857 608 887 febre
631 856 746 896 pestil.,
773 859 845 894 108,
871 859 940 894 109,

177 898 257 934 113;
289 900 443 938 quamdiu
467 903 497 930 et
519 899 636 939 quibus
658 899 773 929 mediis
792 900 939 930 continu-

173 940 286 977 andus,
306 942 383 977 114;
421 942 454 971 in
478 947 563 981 peste
586 951 727 980 quanam
754 942 874 972 ratione
901 943 940 973 ab

171 982 314 1012 Auctore
328 983 492 1019 excitetur,
514 984 590 1019 113;
615 988 646 1013 et
669 984 738 1022 ejus
761 994 819 1023 ope
842 985 939 1024 pesti-

170 1023 240 1054 lens
253 1025 446 1056 fermentum
461 1026 576 1055 melius
590 1025 735 1064 dissipari
752 1036 849 1066 qnam
866 1037 938 1057 eva-

171 1067 259 1096 cuari
282 1077 339 1107 per
361 1068 662 1103 venae-sectionem,
683 1069 761 1103 108;
792 1068 826 1098 in
852 1069 938 1099 febre

169 1108 291 1145 vari01.,
310 1111 380 1145 152,
400 1111 470 1146 153,
490 1111 559 1145 156,
580 1110 658 1145 157;
690 1110 720 1139 in
744 1110 830 1140 febre
853 1112 936 1141 vari-

169 1149 237 1180 olas
252 1152 435 1188 comitante,
453 1152 533 1188 237;
557 1153 590 1182 in
607 1152 757 1191 podagra,
775 1154 845 1188 422,
863 1155 935 1190 423,

170 1193 251 1229 446;
277 1194 310 1223 in
326 1195 407 1224 tussi
430 1195 578 1234 epidem.‚
594 1196 655 1224 228
671 1207 677 1229 ;
700 1195 733 1223 in
748 1195 875 1234 pruritu
890 1196 935 1225 fe-

167 1234 248 1271 rino,
262 1237 339 1271 2643
359 1237 392 1266 in
409 1237 535 1266 variolis
550 1236 758 1276 periculosuS,
777 1238 849 1273 139,
865 1239 937 1275 141,

171 1278 230 1307 143
243 1290 249 1313 ;
273 1279 388 1308 sudore
400 1278 580 1308 diffluentes
592 1279 625 1308 in
639 1279 725 1308 febre
736 1279 840 1318 pestil.
855 1290 934 1319 quo-

166 1320 261 1349 modo
277 1321 486 1356 refocillandi,
506 1322 564 1351 115
578 1333 584 1356 ;
610 1320 740 1350 sudores
752 1321 791 1351 ad
807 1321 934 1352 ciendos

166 1361 247 1392 nihil
274 1373 374 1402 aeque
397 1363 548 1393 conducit
571 1373 606 1392 ac
629 1363 742 1402 capitis
766 1363 934 1401 obvelatio,

168 1404 249 1440 113;
288 1405 437 1435 nocturni
461 1405 752 1435 convalescentium
775 1407 933 1445 quomodo

165 1445 309 1484 tollendi,
325 1449 386 1478 216
400 1460 406 1483 ;
431 1448 583 1477 sudorum
599 1447 779 1487 provocatio
794 1448 827 1477 in
843 1449 933 1479 nullo

163 1488 286 1526 morbo,
303 1494 437 1530 excepta
450 1495 549 1530 peste,
569 1490 694 1519 videtur
709 1490 888 1526 convenire,
904 1496 933 1521 et

163 1540 270 1570 quare,
300 1533 382 1568 423;
420 1532 453 1562 in
477 1532 596 1562 morbis
620 1541 682 1562 non
707 1537 772 1562 arte
798 1533 932 1571 medica,

163 1573 219 1602 sed
235 1573 378 1605 Naturae
393 1579 520 1605 tantum
536 1574 635 1604 ductu
657 1574 841 1611 eliciendae,
858 1577 931 1612 422,

161 1616 244 1651 423;
283 1617 491 1656 requiruntur
515 1617 548 1646 iu
575 1618 731 1657 παρακμῇ,
756 1617 789 1646 in
815 1627 930 1656 parox-

161 1658 262 1697 ysmis
291 1658 429 1689 febrium
457 1659 636 1694 intermitt.,
667 1664 698 1689 et
727 1659 761 1688 in
790 1659 931 1690 febribus

160 1699 230 1738 ejus
245 1701 381 1738 constit„
397 1703 477 1737 212;
501 1706 574 1731 ante
590 1702 740 1731 materiae
752 1702 930 1733 coctionem

161 1742 230 1772 sine
252 1743 394 1782 periculo
417 1754 480 1774 nou
504 1744 718 1783 expelluntur,
736 1744 816 1779 507;
841 1754 925 1774 mor-

160 1783 216 1813 bos
239 1785 291 1814 vel
312 1786 416 1816 febres
431 1786 583 1822 levantes,
601 1786 655 1825 qui
671 1786 744 1821 sint,
761 1787 842 1821 212;
866 1787 928 1816 im-

159 1831 294 1866 portune
314 1828 446 1858 sudores
468 1828 559 1857 initio
581 1828 719 1858 febrium
741 1828 927 1868 exprimun-

160 1873 222 1904 tur,
240 1870 321 1905 508;
353 1870 493 1900 anomali
517 1870 717 1910 copiosiores,
733 1869 930 1909 dysenterias

158 1920 195 1940 ac
225 1911 326 1942 febres
362 1913 556 1942 variolarum
592 1922 696 1941 anom.
729 1912 927 1949 comitantes,

159 1953 219 1984 2:37
232 1966 238 1989 ς
263 1954 297 1983 in
311 1954 451 1984 febribus
467 1964 523 1984 suo
537 1955 631 1993 genio
644 1953 817 1994 permissis,
830 1959 929 1984 teme-

109 2031 113 2034 ·
157 1995 238 2025 rarie
283 2001 521 2037 extorquentur,
561 1997 622 2026 212
639 2009 646 2031 ;
684 1996 717 2025 in
750 1996 927 2035 juvenibus

157 2038 284 2076 aegrius
300 2039 521 2078 proliciuntur,
541 2039 618 2074 108;
642 2039 675 2068 in
698 2038 786 2067 omni
809 2038 924 2078 malig-

157 2079 265 2110 nitatis
289 2081 392 2120 specie
409 2091 471 2111 non
488 2081 672 2111 conducunt
692 2080 730 2110 ad
754 2080 924 2110 eliminan-

156 2121 212 2150 das
228 2127 334 2162 partes
350 2123 540 2158 morbificas,
556 2123 637 2158 2325
661 2122 808 2152 nocturni
827 2122 859 2152 in
876 2122 922 2153 fe-

155 2163 209 2193 bre
233 2165 367 2204 epidem.
385 2175 457 2195 ann.
476 2166 580 2197 ‘73—’
588 2165 639 2201 75,
654 2165 735 2199 216;
760 2165 794 2194 in
813 2164 922 2204 hyste-

154 2205 238 2242 ricis,
262 2207 336 2244 374,
352 2208 413 2239 375
426 2220 433 2243 ;
472 2207 512 2237 ad
536 2207 638 2237 febres
660 2207 817 2236 curandas
840 2207 924 2237 ultra

154 2251 280 2288 tempus
303 2254 521 2289 opportunum
545 2249 684 2289 protrahi
708 2258 772 2278 non
797 2249 922 2285 debent,

154 2291 234 2325 508;
260 2292 293 2321 in
319 2292 404 2322 febre
429 2292 550 2332 dysent.
569 2291 644 2321 anni
661 2291 724 2327 ’69‚
744 2291 822 2325 178;
847 2291 922 2321 ado-

153 2331 348 2364 lescentibus
370 2334 422 2364 hic
445 2334 536 2364 initio
559 2333 686 2369 extorsi,
708 2332 856 2362 delirium
879 2333 920 2363 iis

152 2374 295 2405 inferunt
309 2376 485 2416 stupidum,
504 2377 562 2406 183
576 2388 582 2410 ;
607 2377 640 2406 in
655 2376 740 2405 febre
754 2375 919 2405 intermitt.

151 2426 384 2457 paroxysmum
397 2418 552 2453 finientes,
569 2419 641 2454 281,
657 2419 736 2452 2843
762 2418 919 2456 quomodo

151 2458 184 2488 in
209 2460 351 2489 tertianis
374 2466 520 2490 autumn.
543 2464 765 2500 provocentur,
790 2460 849 2494 81;
886 2460 918 2489 in

150 2500 302 2538 febribus,
327 2513 408 2542 quae
432 2502 631 2532 exolescente
657 2501 796 2531 febrium
818 2501 916 2531 inter-

150 2543 231 2573 mitt.
249 2549 392 2574 autumn.
410 2544 627 2584 praedominio
640 2544 825 2583 regnabant,
837 2544 916 2579 236;

149 2584 182 2614 in
198 2585 284 2616 febre
308 2586 472 2622 variolosa,
492 2587 570 2621 156;
595 2585 751 2626 principio
774 2590 916 2624 sympto-

148 2628 268 2663 matici,
280 2638 342 2658 non
360 2629 461 2658 critici
476 2633 576 2664 erant,
592 2630 662 2664 153,
678 2629 756 2662 154;
780 2628 811 2656 in
830 2633 918 2666 peste

148 2677 246 2707 quare
262 2675 382 2706 sanent,
396 2672 477 2706 2323
501 2670 657 2700 vomitum
674 2675 705 2700 et
719 2669 917 2699 diarrhoeam

147 2710 200 2741 hic
230 2712 317 2741 illico
347 2713 476 2748 sistunt,
508 2713 578 2748 113,
608 2714 686 2748 1145
725 2711 916 2748 artificiales,

146 2762 187 2783 an
210 2759 404 2794 apostemata
423 2755 601 2784 desiderata
629 2758 809 2801 provocent,
838 2755 915 2788 lO4;

145 2804 378 2836 nonnunquam
395 2797 525 2833 funesti,
545 2798 623 2831 104,
648 2796 778 2825 sudores
794 2805 827 2824 ln
844 2805 914 2835 pes-

145 2837 247 2869 tilent.
271 2839 403 2875 morbis,
422 2839 499 2873 ll5;
538 2839 571 2868 in
594 2838 733 2878 podagra
762 2847 824 2867 non
850 2842 915 2867 tam

145 2879 276 2917 Medici,
294 2891 392 2920 quam
417 2880 561 2911 Naturae
579 2880 741 2921 provincia
757 2884 814 2916 est,
831 2881 913 2915 423;

984 126 1184 164 RERUM.

1703 134 1779 170 649

1010 225 1044 256 in
1060 227 1189 257 variolis
1205 228 1416 268 inopportune
1430 230 1544 260 extorti
1560 231 1692 269 vitandi,
1706 233 1777 270 127,

1013 269 1084 305 131,
1115 270 1194 305 1413
1232 270 1265 300 in
1289 270 1382 300 initio
1414 272 1510 302 nimis
1536 273 1672 313 expulsi,
1705 276 1774 312 109,

1012 311 1082 347 139,
1100 312 1170 347 143,
1185 313 1243 342 341
1259 324 1266 348 ;
1283 312 1316 342 in
1332 312 1476 343 discretis
1489 319 1561 344 ante
1575 316 1774 355 eruptionem

1008 352 1040 381 in
1053 353 1228 383 infantibus
1239 364 1405 393 nunquam
1421 357 1547 395 reperti,
1561 358 1631 393 120,
1644 359 1721 393 126;
1739 369 1775 389 eo

1007 398 1149 434 tempore
1172 395 1204 425 in
1229 396 1347 426 adultis
1369 397 1521 427 discretas
1544 399 1667 429 futuras
1681 410 1771 439 prae-

1006 437 1165 473 nuntiant,
1185 439 1262 473 123;
1301 438 1334 468 in
1357 439 1523 478 eruptione
1545 441 1666 478 itidem,
1696 443 1772 479 1213

1005 479 1180 518 eruptionis
1204 485 1345 519 tempore
1368 481 1500 518 vitandi,
1517 483 1596 518 139,
1628 494 1685 513 cur
1706 489 1773 515 tam

1004 521 1095 551 avide
1119 522 1157 551 ab
1181 523 1294 562 aegris,
1310 533 1420 553 eorum
1443 524 1570 561 damno,
1592 527 1696 565 urgeri
1719 537 1770 557 so-

1003 561 1099 598 leant,
1132 565 1209 599 l26;
1248 565 1374 604 copiose
1406 571 1572 596 manantes
1601 572 1631 597 et
1660 574 1772 607 sponte

1004 614 1060 634 sua
1085 606 1267 636 deficientes
1287 607 1498 646 phrenitidem
1520 608 1672 646 inferunt,
1691 611 1769 647 1443

1002 646 1207 678 calefaciente
1227 649 1381 688 regimine
1397 655 1427 680 et
1443 650 1555 680 calidis
1571 651 1627 681 ubi
1651 662 1768 692 urgen-

1003 695 1063 724 tur,
1084 691 1154 726 126,
1174 691 1251 725 l43;
1281 691 1376 720 nimis
1398 692 1541 732 propulsi
1563 703 1660 733 quare
1683 704 1768 725 mor-

1001 735 1066 761 tem
1082 731 1228 768 inferant,
1244 734 1313 769 126,
1328 734 1406 769 127;
1427 734 1459 763 in
1477 735 1602 765 variolis
1619 736 1769 776 malignis

1000 783 1071 803 ann.
1089 774 1320 811 '61—’64,93;
1338 775 1377 805 ad
1394 777 1524 806 sudores
1539 777 1573 807 in
1584 778 1722 816 variolis,
1733 784 1769 810 ut

1000 815 1040 844 ad
1056 825 1179 846 sacram
1195 817 1377 853 anchoram,
1395 819 1552 849 foeminae
1565 821 1766 859 confugiunt,

1002 858 1081 894 350;
1107 859 1161 898 qui
1177 863 1283 889 tamen
1300 869 1393 900 saepe
1408 861 1588 900 periculosi,
1607 863 1679 900 139,
1695 865 1765 902 140,

1043 941 1226 972 Sudorifera
1252 953 1343 973 coma
1366 944 1434 974 leve
1456 945 1489 974 in
1513 945 1653 976 febribus
1676 948 1762 978 exci-

999 985 1077 1020 tant,
1094 985 1154 1014 213
1167 998 1174 1021 ;
1199 995 1217 1015 a
1232 986 1348 1016 vetulis
1363 991 1394 1016 et
1409 987 1608 1018 medicastris
1622 990 1764 1028 quotidie

997 1024 1180 1065 importune
1203 1027 1353 1064 exhibita,
1371 1030 1442 1065 228,
1460 1029 1534 1066 507,
1549 1032 1630 1067 508;
1654 1031 1686 1061 in
1710 1042 1763 1062 co-

996 1072 1081 1097 mate
1119 1069 1234 1105 febrili,
1264 1080 1282 1099 a
1318 1070 1578 1102 calefacientibus
1615 1073 1764 1111 excitato,

996 1110 1077 1145 494;
1102 1110 1204 1140 febres
1221 1121 1313 1151 saepe
1328 1118 1458 1151 augent,
1470 1114 1530 1146 507
1544 1127 1550 1149 ;
1574 1114 1607 1144 in
1624 1115 1764 1147 febribus

996 1152 1117 1190 quotid.
1132 1158 1163 1183 et
1181 1158 1250 1183 tert.
1269 1155 1461 1192 recentibus,
1475 1156 1620 1186 nondum
1648 1162 1764 1198 typum

994 1192 1126 1230 indutis,
1156 1195 1335 1234 periculum
1364 1197 1516 1235 inferunt,
1532 1200 1612 1234 280;
1642 1200 1763 1231 febrem

995 1244 1112 1266 novam
1135 1237 1272 1277 epidem.
1295 1249 1359 1268 non
1381 1239 1508 1275 tollunt,
1526 1242 1606 1277 5103
1635 1243 1760 1273 metho-

995 1277 1054 1307 dus
1082 1279 1216 1309 curandi
1243 1280 1345 1310 febres
1366 1291 1424 1321 per
1447 1282 1589 1320 sudorifi,
1612 1284 1762 1316 methodo

993 1329 1050 1358 per
1071 1322 1362 1352 venae-sectionem
1388 1328 1419 1353 et
1444 1325 1650 1363 purgationes
1677 1327 1760 1366 peri-

993 1361 1132 1392 culosior
1146 1369 1177 1393 et
1199 1364 1302 1404 magis
1325 1365 1455 1403 incerta,
1472 1367 1533 1397 506
1550 1378 1614 1407 sq.;
1639 1367 1673 1397 in
1689 1370 1760 1409 qui-

992 1403 1129 1434 busnam
1156 1406 1297 1436 febribus
1332 1407 1465 1446 prosint,
1495 1408 1529 1438 in
1558 1410 1674 1448 quibus
1702 1421 1760 1441 no-

992 1451 1093 1483 ceant,
1112 1447 1162 1484 75,
1181 1450 1252 1484 212,
1270 1450 1342 1485 213,
1358 1451 1429 1486 280,
1444 1451 1516 1487 294,
1533 1452 1606 1488 507,
1621 1454 1702 1489 51ος
1726 1454 1760 1484 in

991 1488 1143 1528 malignis
1177 1489 1371 1529 quibusdam
1399 1492 1518 1523 morbis
1548 1494 1699 1533 pessima,
1726 1496 1760 1526 in

990 1534 1080 1569 peste
1094 1532 1186 1569 bona,
1202 1534 1281 1568 232;
1299 1533 1426 1570 horum,
1436 1535 1469 1564 in
1484 1540 1573 1575 peste
1585 1538 1760 1575 tractanda,

990 1572 1193 1604 incommoda
1215 1576 1374 1615 quomodo
1398 1577 1559 1614 solvenda,
1586 1579 1655 1616 109,
1675 1581 1758 1616 11ος

989 1616 1201 1655 purgantibus
1214 1617 1310 1648 mista
1324 1618 1357 1648 in
1371 1619 1515 1649 tertianis
1527 1625 1685 1658 autumn.‚
1699 1623 1735 1652 81
1750 1636 1758 1658 ;

989 1657 1056 1687 sine
1084 1659 1296 1698 purgantibus
1323 1661 1355 1690 in
1379 1661 1515 1692 tertiana
1538 1663 1669 1703 duplici,
1694 1666 1732 1695 81
1751 1677 1758 1701 ς

988 1700 1118 1730 sudoris.
1149 1702 1310 1741 quaelibet
1341 1703 1374 1732 in
1410 1703 1463 1733 lue
1492 1714 1626 1736 venerea
1660 1716 1760 1746 aeque

987 1742 1135 1781 prodesse
1159 1750 1304 1783 possunt,
1319 1746 1399 1781 312;
1428 1746 1461 1776 in
1484 1747 1757 1787 peripneumonia,

986 1783 1158 1822 pleuritide
1184 1791 1214 1816 et
1237 1787 1331 1823 tussi,
1360 1789 1440 1824 228;
1479 1789 1513 1818 in
1539 1790 1719 1829 phrenitide
1741 1802 1759 1822 a

986 1826 1247 1858 calefacientibus
1270 1829 1414 1867 inducta,
1434 1831 1514 1865 494;
1549 1831 1583 1860 in
1607 1833 1756 1873 podagra,

986 1869 1060 1904 419,
1083 1870 1158 1906 422,
1182 1871 1261 1905 423;
1301 1871 1334 1900 in
1365 1872 1455 1907 tussi,
1479 1873 1530 1902 vel
1556 1874 1676 1904 febrem
1705 1875 1756 1905 vel

984 1909 1146 1949 pleuresin
1163 1922 1246 1942 anno
1264 1912 1316 1943 '79
1332 1913 1520 1951 inferebant,
1535 1916 1608 1945 294.

1028 1952 1228 1992 Sulphureae
1257 1964 1358 1993 aquae
1387 1955 1507 1986 calidae
1534 1957 1568 1987 in
1596 1958 1755 1998 hyster-ica

983 1994 1085 2024 affect.
1100 1996 1227 2034 quando
1243 1996 1418 2033 adeundae,
1437 1998 1508 2029 387.

1027 2036 1220 2076 Suppuratio
1237 2038 1268 2067 in
1284 2039 1453 2078 pleuritide
1467 2041 1636 2079 essentiali,
1654 2043 1725 2073 245.

1026 2078 1249 2118 Symptomata
1261 2081 1417 2119 quaedam
1432 2087 1507 2113 sunt
1520 2084 1626 2114 media
1636 2085 1753 2124 quibus

982 2118 1108 2150 Natura
1123 2122 1289 2152 materiam
1304 2129 1501 2162 peccantem,
1516 2130 1585 2162 etc.,
1597 2126 1752 2164 excludit,

981 2163 1032 2198 26,
1058 2164 1119 2198 27;
1148 2173 1204 2202 pro
1228 2166 1497 2204 symptomatibus
1521 2167 1630 2198 haberi
1649 2169 1753 2199 solent

979 2205 1104 2234 confusi
1135 2205 1288 2242 Naturae,
1318 2207 1356 2236 de
1385 2212 1470 2238 statu
1505 2219 1563 2239 suo
1599 2211 1750 2250 dejectae,

979 2246 1121 2282 effectus,
1154 2249 1213 2283 13;
1254 2249 1412 2279 nonnulla
1444 2260 1508 2280 non
1536 2256 1602 2282 tam
1629 2254 1751 2291 morbo,

978 2298 1077 2327 quam
1093 2289 1220 2319 Medico
1236 2290 1400 2328 debentur,
1417 2293 1472 2327 12;
1497 2294 1671 2333 peculiaria
1684 2295 1748 2325 dis-

977 2330 1075 2361 tincte
1089 2336 1250 2371 percepta,
1265 2333 1298 2362 in
1320 2343 1490 2364 causarum
1510 2336 1748 2368 morbificarum

977 2377 1009 2402 et
1033 2373 1265 2404 indicationum
1292 2375 1509 2406 curativarum
1533 2379 1748 2418 cognitionem

976 2415 1149 2452 deducunt,
1181 2417 1229 2451 12,
1261 2417 1317 2452 133
1349 2418 1586 2450 vehementiora
1611 2421 1693 2450 fiunt
1714 2422 1747 2452 in

975 2457 1106 2493 morbis,
1128 2457 1154 2487 si
1179 2458 1314 2494 Natura,
1333 2460 1483 2490 materiae
1506 2462 1687 2493 morbificae
1715 2464 1747 2494 vi

975 2509 1134 2538 oppressa,
1150 2500 1282 2536 fatiscat,
1302 2501 1360 2537 27;
1386 2508 1503 2543 sympt.
1518 2504 1614 2534 febris
1627 2505 1745 2536 contin.

976 2542 1126 2570 '61—'64
1150 2541 1335 2581 singularia,
1359 2544 1418 2578 393
1458 2555 1616 2584 quaenam
1640 2547 1673 2577 in
1695 2547 1745 2578 his

975 2583 1115 2613 febribus
1147 2584 1280 2615 emetico
1308 2585 1388 2615 mire
1413 2586 1576 2623 tollantur,
1600 2590 1660 2623 44;
1697 2589 1744 2619 fe-

975 2625 1079 2654 brium
1101 2625 1266 2657 intermitt.
1283 2632 1442 2664 autumn.,
1458 2628 1507 2665 73,
1525 2630 1582 2665 74;
1607 2631 1743 2661 febrium

974 2667 1137 2697 intermitt.
1162 2668 1294 2705 vernal.,
1319 2670 1379 2704 88;
1417 2670 1450 2700 in
1478 2681 1670 2711 paroxysmo
1695 2674 1742 2703 fe-

975 2709 1080 2739 brium
1115 2709 1282 2741 intermitt.
1323 2711 1477 2751 vulgaria,
1509 2713 1567 2749 70;
1605 2715 1742 2745 febrium

974 2751 1100 2781 tertian.
1126 2752 1202 2781 anni
1229 2753 1291 2788 '61,
1318 2753 1377 2788 37;
1408 2754 1544 2785 febrium
1568 2757 1741 2794 stationar.,

977 2794 1046 2827 180,
1067 2794 1140 2827 181;
1165 2793 1197 2822 in
1219 2793 1272 2824 lue
1294 2805 1437 2833 venerea,
1461 2798 1532 2834 311,
1550 2799 1630 2834 312;
1655 2809 1740 2831 mot-

974 2835 1059 2865 billis
1097 2835 1322 2866 decedentibus
1363 2839 1630 2878 supervenientia,
1669 2843 1740 2878 186,

978 2878 1056 2913 187;
1093 2877 1240 2909 anomala
1262 2878 1295 2909 in
1324 2880 1452 2911 variolis
1479 2882 1615 2922 regular.
1646 2884 1740 2915 confl.

908 2930 983 2969 40
