1985 3308
398 149 487 190 440
816 146 1075 190 THOMAE
1109 147 1450 190 SYDENHAM

208 264 263 295 DE
281 262 372 293 Pon·
398 269 497 297 rum
526 254 870 309 indigestionem,
898 255 1041 309 (quam
1071 269 1149 308 ego
1179 254 1425 309 primariam
1446 252 1665 306 Podagrae
1690 264 1860 293 causam

198 315 367 406 quffissgi
402 324 633 376 constitui,)
645 328 686 364 et
701 323 753 364 ad
767 323 1018 377 sanguinem
1031 324 1181 364 iccirco
1195 321 1566 371 corroborandum,
1575 334 1622 361 ac
1635 319 1862 360 firmitudi-

197 409 374 448 gestionem
402 405 502 433 nem
517 391 710 445 partibus
726 391 1048 441 conciliandam,
1065 390 1242 440 faciunt,
1265 389 1514 430 exercitium
1535 388 1720 442 corporis
1740 387 1863 428 facile

194 451 387 533 {¹332}ss
402 461 587 514 palmam
611 460 825 514 praeripit.
884 457 1326 499 Animadvertendum
1353 462 1416 498 est
1448 462 1604 507 autem,
1631 457 1710 510 (uti
1737 470 1865 510 supra

198 537 345 567 corrobo-
410 529 453 584 [ξ
472 528 562 582 41.]
585 528 762 579 monui,)
781 526 906 580 quod,
924 540 1022 567 cum
1038 525 1084 565 in
1100 526 1180 566 1100
1196 525 1357 576 morbo,
1376 526 1505 566 etiam
1518 525 1653 579 magis
1676 539 1804 578 quam
1816 525 1864 565 in

195 584 340 663 {Zffibfffs
400 596 696 637 chronicorum
723 595 880 649 quovis,
901 595 1034 635 totius
1061 594 1245 647 corporis
1265 593 1438 635 habitus
1459 593 1677 634 immutari
1699 592 1863 643 debeat,

198 665 371 695 firmitudi-
401 664 644 706 exercitatio
671 662 869 716 corporis,
891 662 973 702 nisi
995 662 1243 715 quotidiana
1267 661 1408 712 fuerit,
1430 661 1539 702 nihil
1561 660 1752 715 juvabit:
1784 660 1864 701 hu·

195 718 382 787 ἓῑῖξέῃῖοὲχ-
397 733 583 787 jusmodi
614 733 728 773 enim
754 731 997 772 exercitatio
1023 745 1098 784 per
1130 731 1240 772 vices
1266 731 1519 781 intermissa,
1544 731 1610 771 uti
1640 730 1748 770 nihil
1776 729 1865 771 fere

197 800 344 876 ξξξζὲῖζζῐ
400 801 585 841 conferet
617 800 670 840 ad
699 798 1017 839 immutandum
1046 799 1244 840 habitum
1274 799 1458 853 corporis
1483 798 1535 840 ab
1563 798 1718 839 inertia
1738 803 1866 852 atque

198 879 292 909 facile
307 878 375 919 pal·
398 869 667 921 indulgentia
687 868 778 922 jam
802 867 1117 921 languescentis
1144 872 1186 908 et
1219 867 1492 918 effoeminati,
1519 867 1581 908 ita
1607 866 1796 908 fortassis
1823 870 1866 907 et

197 932 383 1005 ssffgf}¹prae'
400 951 552 977 nocere
577 936 708 990 possit
734 950 1036 990 paroxysmum
1063 936 1327 986 accersendo,
1344 935 1420 976 ubi
1446 935 1538 989 quis
1555 935 1722 989 jamdiu
1743 934 1795 975 ab
1817 948 1868 976 ea

200 1014 369 1046 Quotidia-
402 1005 663 1045 desueverat.
724 1004 821 1045 Hoc
841 1018 939 1045 vero
960 1004 1209 1045 exercitium
1232 1004 1461 1045 vehemens
1491 1018 1580 1045 non
1607 1004 1662 1044 sit
1687 1007 1866 1057 oportet,

197 1062 343 1131 ἓζζζὲθξζ
401 1073 485 1114 tale
504 1087 602 1114 vero
625 1072 747 1126 quale
769 1072 940 1113 senibus
967 1073 1181 1126 competit,
1205 1073 1277 1126 qui
1304 1072 1522 1125 Podagrae
1550 1071 1739 1126 subjecta
1767 1075 1868 1112 sunt

199 1148 269 1173 tum
286 1143 327 1172 sit
400 1142 536 1196 magis
557 1142 738 1182 usitata:
772 1146 913 1182 motus
945 1141 1060 1181 enim
1088 1141 1272 1195 corporis
1289 1141 1406 1195 justo
1431 1140 1721 1182 vehementior
1748 1139 1869 1193 spiri-

200 1190 340 1226 oportet:
400 1215 471 1250 tus
506 1209 689 1250 nimium
725 1208 913 1262 dissipat,
946 1213 989 1249 et
1019 1222 1042 1249 e
1073 1209 1351 1263 consequenti
1381 1209 1675 1250 concoctiones
1709 1208 1867 1259 laedit3

403 1279 571 1332 quando
603 1278 847 1319 exercitatio
877 1277 1097 1318 moderata
1129 1292 1177 1319 ac
1211 1292 1483 1332 perseverans
1515 1279 1684 1319 eosdem
1713 1278 1868 1318 firmet.

404 1347 731 1390 Quantumlibet
746 1347 827 1387 hoc
844 1346 1000 1386 durum
1014 1346 1209 1386 videatur
1221 1346 1400 1397 homini,
1415 1346 1499 1401 qui,
1516 1351 1685 1400 praeter
1702 1346 1869 1387 senium

404 1421 446 1457 et
468 1415 651 1469 corporis
673 1415 726 1455 ad
747 1419 914 1455 motum
939 1414 1283 1467 ineptitudinem,
1308 1419 1350 1454 et
1372 1414 1606 1455 socordiam
1625 1414 1726 1454 huic
1750 1427 1870 1467 prae-

404 1485 549 1524 sertim
570 1484 682 1523 malo
704 1483 824 1536 quasi
845 1481 1179 1531 connaturalem,
1203 1481 1345 1522 dolore
1365 1481 1540 1534 insuper
1560 1485 1785 1530 mactatur,
1806 1484 1872 1520 ta-

404 1565 517 1601 men,
540 1550 575 1590 si
604 1550 684 1590 hoc
712 1549 947 1598 omittatur,
969 1548 1078 1588 nihil
1108 1562 1159 1588 ex
1188 1548 1396 1588 hactenus
1427 1549 1612 1590 inventis
1645 1548 1872 1602 quicquam

198 1631 285 1672 quod
301 1630 357 1671 qui
405 1619 619 1673 proficiet:
650 1622 783 1670 utque
816 1629 1164 1670 paroxysmorum
1197 1615 1419 1656 intervalla
1447 1616 1537 1656 sine
1561 1616 1656 1669 jugi
1688 1615 1873 1668 corporis

201 1674 322 1714 spernit
338 1673 377 1703 ad
407 1686 604 1728 exercitio
625 1699 782 1739 magna
803 1699 892 1726 esse
916 1698 1004 1724 non
1025 1684 1199 1738 possint,
1221 1683 1282 1724 ita
1303 1683 1431 1724 etiam.
1453 1684 1507 1724 ad
1528 1684 1676 1724 calculi
1698 1698 1872 1737 genera-

201 1717 318 1747 calcnli
333 1726 387 1756 ge-

194 1760 394 1808 neyationepi
405 1757 567 1797 tionem
586 1754 683 1795 talis
705 1753 784 1794 erit
804 1753 1025 1807 proclivior
1039 1770 1050 1802 3
1084 1753 1155 1806 qui
1178 1752 1348 1806 quidem
1367 1753 1462 1806 plus
1483 1752 1613 1794 habet
1633 1758 1676 1793 et
1696 1752 1874 1807 periculi

199 1801 386 1882 ggtr'proch-
407 1829 449 1864 et
471 1823 682 1864 cruciatus
704 1836 831 1876 quam
854 1822 945 1875 ipsa
966 1820 1172 1874 Podagra.

200 1913 231 1938 et
246 1908 278 1938 in
296 1908 360 1938 dis-
471 1890 582 1946 [55]
619 1891 700 1931 His
721 1889 840 1939 adde,
863 1889 992 1943 (quod
1012 1903 1219 1942 magnum
1240 1888 1406 1942 pondus
1426 1888 1581 1930 habere
1604 1888 1759 1942 debet,)
1785 1903 1873 1929 ma-

199 1951 374 2024 ξιῖᾞίἓξῃθ
407 1960 558 2001 teriam
593 1959 843 2012 tophaceam
880 1972 905 1997 a
938 1957 1068 2010 longa
1101 1957 1247 2010 requie
1283 1957 1513 1997 admodum
1549 1963 1718 1998 auctam
1744 1957 1797 1997 iri
1828 1957 1876 1997 in

200 2037 246 2066 ria
263 2037 376 2076 topha-
407 2029 594 2070 articulis
616 2027 813 2081 corporis,
831 2026 1013 2067 maxime
1030 2041 1127 2068 vero
1148 2026 1393 2080 digitorum,
1411 2027 1472 2067 ita
1492 2032 1541 2067 ut
1561 2027 1737 2067 tandem
1758 2026 1876 2068 omni

202 2090 311 2152 {³531}ss
322 2090 387 2152 aar&-
406 2102 527 2139 motu
556 2097 788 2150 priventur.
850 2095 964 2136 Utut
991 2095 1105 2135 enim
1133 2095 1316 2135 fidenter
1346 2100 1535 2136 asserant
1566 2095 1775 2146 nonnulli,
1800 2095 1876 2136 ho-

202 2166 335 2194 modum
406 2182 503 2208 rum
523 2167 753 2220 tophorum
772 2165 996 2206 materiam
1021 2165 1084 2205 nil
1105 2165 1220 2206 aliud
1242 2179 1332 2206 esse
1354 2180 1482 2219 quam
1504 2165 1724 2219 sanguinis
1744 2169 1876 2206 tarta-

201 2214 373 2280 ffissaofflh
407 2249 503 2275 rum
525 2234 579 2275 ad
599 2235 798 2275 articulos
818 2234 1131 2285 transmissum,
1153 2235 1275 2276 facile
1296 2240 1442 2275 tamen
1467 2235 1680 2276 constabit
1701 2234 1877 2276 cuilibet

201 2293 355 2332 privetur.
406 2318 497 2344 rem
517 2303 643 2357 paulo
665 2302 871 2343 attentius
892 2303 1187 2356 perpendenti,
1211 2303 1336 2356 quod,
1360 2303 1463 2343 dum
1484 2318 1642 2357 magna
1661 2304 1722 2344 vis
1743 2307 1877 2344 mate-

407 2373 493 2413 riae
533 2372 806 2412 inconcoctae
837 2371 1078 2425 Podagram
1109 2372 1303 2413 facientis
1343 2372 1390 2412 in
1431 2373 1630 2413 articulos
1672 2372 1878 2426 quosdam

409 2440 583 2493 depluit,
607 2445 649 2480 et
669 2445 810 2493 partes
831 2439 990 2480 vicinas
1012 2440 1172 2480 diutius
1192 2439 1379 2480 tumidas
1400 2440 1552 2491 reddit,
1575 2440 1751 2481 tandem
1772 2440 1878 2481 acci-

409 2508 471 2549 dit
491 2514 540 2548 ut
561 2508 717 2562 partim
746 2508 898 2548 harum
921 2508 1055 2549 virtus
1077 2508 1350 2549 assimilativa
1377 2509 1700 2559 sufflaminetur,
1722 2509 1880 2563 partim

410 2591 433 2615 a
455 2576 690 2617 suffocante
718 2576 1006 2617 obstructione
1033 2591 1161 2630 quam
1188 2577 1234 2616 in
1262 2576 1321 2617 eis
1346 2577 1457 2630 parit
1487 2576 1601 2617 iners
1622 2577 1691 2617 hic
1710 2576 1878 2628 humor,

410 2644 521 2684 (licta
550 2644 730 2684 materia
759 2650 999 2699 generetur,
1028 2659 1135 2698 quae
1160 2659 1184 2685 a
1211 2644 1349 2685 calore
1380 2644 1606 2698 doloreque
1637 2645 1805 2685 articuli
1833 2644 1880 2684 in

409 2711 656 2765 hujusmodi
697 2712 981 2753 substantiam
1012 2713 1190 2766 cogitur,
1228 2718 1355 2766 atque
1389 2712 1526 2753 indies
1557 2717 1751 2766 augetur,
1783 2717 1880 2753 tum

411 2793 584 2820 carnem
620 2785 715 2820 tum
752 2781 887 2822 cutim
923 2781 1091 2822 articuli
1130 2782 1176 2821 in
1210 2780 1424 2834 propriam
1459 2785 1660 2820 naturam
1694 2784 1878 2834 vertens,

411 2861 517 2899 quae
534 2848 624 2901 jam
645 2848 762 2888 nuda
783 2849 910 2902 jacet,
934 2849 1095 2890 acicula
1119 2849 1187 2901 (ad
1209 2849 1344 2889 instar
1365 2853 1516 2898 cretae,
1539 2847 1760 2888 oculorum
1780 2861 1879 2888 can-

203 2917 373 2991 ἕξει-’ΞΜ-
412 2929 593 2966 crorum,
619 2922 693 2956 aut
726 2917 874 2958 similis
906 2917 1083 2972 alicujus
1104 2918 1195 2971 rei,)
1221 2917 1493 2958 extrahenda.
1555 2917 1583 2957 J
1586 2931 1654 2958 am
1682 2930 1779 2958 vero
1800 2916 1879 2957 hoc
