1985 3308
708 862 994 894 DOCTISSIMO
1024 860 1412 894 AMICISSIMOQUE
1441 861 1557 892 VIRO

631 1003 937 1051 ΤΗΟΜΑΕ
1004 1001 1433 1060 SYDENHAM,
1499 1000 1650 1048 M.D.

406 1177 498 1217 MA
506 1176 685 1217 GNUM
701 1176 778 1215 Rei
794 1175 980 1216 flIedicae
1000 1180 1177 1215 exortum
1193 1181 1251 1214 est
1269 1180 1306 1214 et
1321 1174 1450 1214 lumen
1467 1179 1505 1213 et
1519 1173 1776 1222 commodum,
1799 1173 1872 1214 Vir

414 1246 655 1293 Clarissime,
670 1259 715 1284 ea:
731 1250 1005 1284 consummata
1023 1244 1116 1283 Tua
1138 1243 1204 1283 De
1223 1241 1389 1283 Morbis
1405 1241 1558 1282 Acutis
1582 1240 1788 1291 Historia,
1806 1255 1873 1281 ca-

406 1328 480 1367 que
499 1312 636 1352 sedula
658 1312 923 1351 observatione
943 1317 981 1351 et
984 1312 1083 1363 fida
1104 1312 1343 1364 experientia
1363 1311 1553 1360 stabilita,
1577 1324 1653 1350 non
1675 1310 1778 1350 lucri
1801 1316 1875 1350 aut

394 1382 541 1434 famae
568 1383 742 1434 aucupio
769 1381 932 1433 scripta,
955 1380 1024 1419 sed
1049 1381 1203 1419 sincera
1218 1379 1322 1430 fide,
1345 1385 1384 1418 et
1410 1384 1533 1418 mente
1563 1379 1750 1424 honesta;
1783 1391 1871 1418 cum

417 1449 510 1487 Tibi
529 1447 704 1501 amplum
736 1448 835 1486 satis
857 1447 1053 1486 theatrum
1075 1448 1128 1486 sit
1156 1447 1326 1501 officium
1343 1448 1503 1500 fecisse,
1525 1453 1561 1486 et
1578 1447 1787 1500 praesenti
1813 1461 1872 1486 se-

408 1516 494 1555 culo
523 1516 659 1570 quovis
687 1514 798 1553 modo
822 1515 1034 1568 profuisse.
1099 1514 1191 1568 Ipse
1220 1515 1410 1554 hactenus
1440 1514 1566 1554 celavi
1589 1516 1748 1568 penitus
1768 1514 1875 1569 quod

407 1584 525 1632 volui,
548 1590 593 1623 at
598 1584 780 1635 fortasse
800 1583 899 1636 quid
902 1584 995 1636 jam
1015 1596 1154 1636 parem
1182 1582 1276 1621 Tibi
1295 1597 1314 1620 e
1335 1582 1547 1636 lonqinquo
1568 1581 1727 1621 subolet.
1789 1580 1875 1630 Qui

409 1653 552 1692 laudat
580 1652 686 1706 quod
705 1652 834 1705 facis,
867 1656 982 1705 uryet
1011 1657 1056 1690 ut
1073 1650 1217 1703 facias
1250 1650 1358 1704 quod
1387 1650 1520 1688 adhuc
1550 1649 1746 1689 laudetur.
1808 1648 1872 1688 De

408 1721 571 1761 Morbis
598 1720 744 1760 Acutis
772 1720 938 1759 scribere
972 1733 1127 1758 summa
1157 1717 1373 1772 dgfficultas
1403 1723 1471 1766 est,
1501 1723 1632 1771 utpote
1661 1730 1761 1771 quos
1788 1721 1870 1756 tam

410 1789 556 1843 rapida
579 1789 697 1828 coli-it
716 1794 816 1837 rota,
836 1793 891 1837 ut,
910 1788 987 1826 nisi
1006 1791 1225 1840 opportuno
1246 1787 1413 1825 sistatur
1433 1786 1672 1839 sufflamine,
1690 1786 1732 1825 in
1746 1799 1872 1839 prae-

410 1872 498 1911 ceps
518 1863 614 1896 ruat
637 1858 731 1904 vita,
755 1856 873 1895 nullis
902 1857 942 1894 in
967 1860 1171 1909 posterum
1199 1855 1373 1903 auailiis,
1397 1855 1516 1894 nullis
1540 1856 1745 1908 suppetiis,
1767 1854 1871 1894 redi-

409 1924 562 1964 menda.
634 1923 699 1963 Tu
720 1923 878 1976 sinyula
900 1937 1033 1962 eorum
1064 1929 1258 1962 momenta
1290 1929 1415 1972 notas,
1438 1929 1475 1963 et
1494 1924 1592 1978 quid
1610 1924 1746 1977 quovis
1775 1929 1871 1962 tem-

402 1993 516 2044 poris
543 1990 712 2030 articulo
726 1991 832 2041 fieri
860 2004 1008 2029 necesse
1035 1991 1096 2030 sit.
1167 1990 1280 2045 Opus
1301 1992 1456 2046 quidem
1480 1992 1703 2046 perfectum
1734 1997 1772 2031 et
1801 1991 1871 2032 ab·

408 2059 591 2106 solutum,
615 2059 680 2098 cui
700 2058 802 2098 nihil
823 2058 920 2097 addi
941 2064 1115 2112 poterat,
1143 2060 1221 2098 nisi
1243 2062 1376 2114 majus
1398 2063 1655 2114 promiseras,
1683 2059 1731 2100 de
1751 2059 1869 2100 Mor-

411 2126 471 2165 bis
506 2126 653 2165 scilicet
686 2126 909 2165 Cbronicis.
971 2126 1035 2166 Hi
1067 2127 1251 2166 inducias
1273 2128 1425 2180 ferent,
1459 2134 1496 2167 et
1530 2129 1692 2168 tutiores
1722 2129 1869 2168 exami-

411 2195 537 2235 nandi
555 2201 592 2234 et
597 2195 819 2248 judicandi
838 2209 981 2234 moras.

471 2262 599 2316 Saepe
620 2263 727 2302 nobis
747 2263 888 2302 incidit
912 2278 1038 2303 sermo
1057 2263 1105 2303 de
1128 2264 1328 2317 propudio
1350 2264 1416 2303 illo
1436 2263 1577 2303 Morbi
1607 2264 1777 2312 Venerei,
1800 2279 1869 2304 cu-

395 2332 470 2383 jus
494 2331 793 2385 iynominiosam
817 2333 1006 2385 om'qinem
1022 2338 1156 2386 yentes
1176 2331 1390 2385 Europeae
1419 2347 1445 2371 a
1475 2346 1514 2371 se
1544 2333 1705 2371 invicem
1736 2332 1869 2372 sedulo

409 2406 601 2453 sataqunt
621 2399 853 2453 propellere,
876 2406 923 2447 et,
948 2406 993 2439 ut
1011 2402 1095 2454 ejus
1122 2401 1249 2454 mayis
1276 2400 1408 2439 adhuc
1429 2400 1671 2440 occultentur
1691 2401 1867 2454 vestiam,

409 2468 466 2506 ad
484 2469 587 2521 ipsos
608 2467 730 2507 Indos
752 2469 1026 2507 remotissimos
1055 2468 1288 2507 anzandant.
1352 2468 1634 2508 Scortatorum
1655 2468 1771 2507 audit
1783 2466 1869 2520 fla-

405 2536 566 2587 gellam,
577 2536 766 2588 furiosae
785 2542 822 2575 et
841 2535 1052 2575 indomitae
1074 2536 1227 2577 libidini
1245 2538 1447 2589 aptissime
1468 2537 1703 2590 respondens
1722 2549 1866 2590 poena,

408 2618 449 2642 co
477 2605 658 2656 fortasse
682 2604 775 2656 fine
806 2604 962 2643 tardius
993 2609 1154 2652 remota,
1188 2609 1232 2643 ut
1266 2605 1371 2643 tanti
1399 2609 1545 2643 constet
1566 2605 1766 2657 poenitere
1776 2622 1792 2652 ,·
1832 2610 1870 2644 et

409 2671 669 2711 humanitatis
699 2678 737 2711 et
756 2673 915 2726 peccati
939 2671 1060 2711 simul
1086 2685 1201 2711 sensu
1232 2677 1362 2711 tactus
1392 2671 1610 2719 videbatur,
1632 2672 1702 2725 qui
1725 2671 1867 2725 palam

409 2742 561 2793 optavit
594 2743 904 2793 impurissimam
944 2741 1048 2780 hanc
1083 2740 1184 2780 luem
1223 2740 1341 2780 semel
1372 2745 1527 2780 tantum
1568 2741 1706 2779 curari
1737 2753 1865 2793 posse.

418 2807 517 2847 Cum
537 2809 629 2860 jam
657 2815 787 2848 autem
808 2809 864 2848 ad
889 2814 1068 2862 ayyrtas,
1091 2814 1274 2856 tonsores,
1296 2814 1334 2847 et
1353 2807 1507 2860 infimos
1527 2821 1698 2861 quosque
1716 2806 1866 2856 sciolos,

410 2876 491 2928 ejus
522 2890 636 2929 saepe
667 2877 847 2916 devoluta
882 2878 935 2916 sit
968 2878 1134 2925 curatio,
1170 2876 1229 2915 illi
1264 2881 1338 2915 aut
1361 2874 1521 2929 fraude
1556 2879 1630 2914 aut
1668 2875 1867 2927 imperitia

410 2957 554 2997 mayno
580 2958 665 2983 cam
690 2951 864 2998 sumptu,
897 2947 1040 2999 majori
1063 2946 1180 2985 etiam
1209 2944 1397 2993 molestia,
1427 2943 1579 2983 tamdiu
1609 2941 1804 2996 differunt
1831 2946 1870 2981 et
1906 2982 1914 3000 f
