1985 3308
417 173 503 214 392
836 171 1092 213 THOMAE
1127 170 1466 212 SYDENHAM

237 289 291 319 ΒΕ
307 288 374 319 Ar·-
415 278 527 319 infra
547 278 672 320 istam
693 284 876 321 aetatem
892 279 1052 334 positis.
1093 279 1236 332 Atque
1256 278 1336 318 hoc
1357 276 1583 330 multiplici
1598 276 1870 330 experientia,

214 331 396 405 Ρξξζηξέῑ
418 360 523 400 quae
543 346 611 387 vix
631 361 699 388 me
720 346 868 388 fefellit
896 361 1097 401 unquam,
1121 346 1270 386 didici:
1304 350 1346 385 et
1362 344 1464 399 ‚licet
1486 357 1593 398 equo
1613 344 1709 385 vehi
1729 344 1872 398 phthi-

213 434 294 463 vatis
310 434 365 463 ob·
418 415 511 456 sicis
527 416 748 469 praecipue
771 415 972 465 conferat,
990 421 1136 455 tamen
1153 419 1191 454 et
1208 414 1363 454 itinera
1383 427 1508 454 curru
1529 412 1642 454 facta
1656 413 1873 455 mirandos

210 474 404 549 {irgrfftiins’ni
419 497 518 524 sane
540 484 713 524 effectus
736 483 987 537 quandoque
1009 481 1246 522 ediderunt.

211 561 388 592 laudatum.
481 551 616 605 [119]
657 551 742 592 Sed
782 557 829 591 ut
865 550 917 590 ad
958 549 1220 604 propositum
1254 553 1464 590 revertar:
1505 548 1610 590 haec
1645 553 1708 590 est
1744 563 1872 603 gene-

414 618 512 658 ralis
544 618 720 672 hujusce
751 617 888 658 morbi
920 616 1095 657 curandi
1134 616 1254 667 ratio,
1297 631 1379 670 qua
1418 630 1567 657 causae
1608 617 1871 670 originariae,

416 699 522 738 quae
544 690 607 725 est
629 685 804 725 debilior
835 684 1052 737 sanguinis
1077 684 1217 734 erasis,
1240 684 1472 725 occurritur
1484 701 1495 734 ;
1527 698 1575 725 ac
1604 684 1781 738 proinde
1802 699 1873 726 ex-

213 762 253 792 In
269 773 383 803 parox-
413 760 481 796 tra
501 769 798 809 paroxysmum
814 759 986 795 tantum
1006 754 1146 794 locum
1162 753 1304 794 habet.
1358 752 1536 794 Quoties
1556 767 1653 794 vero
1674 767 1872 808 paroxys-

210 815 301 845 58¹¹¹0
322 806 392 845 Hy-
415 837 508 863 mus
533 822 744 870 invaserit,
768 822 970 875 adjuncto
992 821 1180 874 quolibet
1202 834 1250 861 ex
1271 819 1497 874 praedictis
1519 824 1814 874 symptomate,
1837 820 1874 861 si

211 848 323 877 sterico
339 849 378 878 ad

208 890 337 939 foetida·
414 889 498 931 tale
520 895 592 930 aut
613 895 783 931 tantum
805 889 858 929 sit
879 889 1039 929 malum
1061 893 1109 929 ut
1129 887 1320 929 inducias
1340 888 1449 928 ferre
1469 888 1590 938 nolit,
1608 887 1754 938 donec,
1777 902 1873 929 san-

209 933 396 1015 ἓῗίζξυῇᾮ·
416 959 544 1012 guine
577 966 618 998 et
651 958 867 1011 spiritibus
900 957 1193 1007 corroboratis,
1231 956 1349 1010 quasi
1383 970 1459 1009 per
1493 955 1693 1009 ambages
1733 956 1873 997 sanari

209 1018 397 1090 ἓξὲᾜξξῗὺῗιὲ
414 1026 557 1080 possit,
580 1023 803 1067 confestim
825 1025 878 1066 ad
898 1025 1087 1066 remedia
1106 1025 1318 1079 hysterica
1341 1023 1423 1064 ista
1453 1023 1787 1077 confugiendum
1808 1027 1873 1066 est

209 1102 243 1131 in
259 1103 384 1133 ordines
415 1109 521 1148 quae
538 1095 664 1135 odore
676 1094 810 1135 viroso
827 1107 874 1134 ac
891 1094 1006 1147 graii
1023 1093 1193 1146 spiritus
1211 1092 1274 1145 (ut
1289 1092 1332 1146 [ᾧ
1349 1091 1436 1145 94]
1453 1091 1567 1144 dixi,)
1585 1090 1873 1132 exorbitantes

208 1155 303 1218 1⁰33?
306 1145 351 1175 ‘³¹‘
414 1178 461 1205 ac
476 1165 710 1205 desertores
726 1164 771 1204 in
785 1163 974 1217 proprias
992 1162 1194 1203 stationes
1208 1159 1476 1210 remandant,
1492 1160 1576 1200 sive
1591 1159 1706 1200 intra
1721 1173 1872 1213 corpus

414 1238 649 1284 sumantur,
673 1233 757 1274 sive
788 1232 962 1273 naribus
993 1231 1298 1271 admoveantur
1329 1228 1556 1279 odoranda,
1579 1229 1664 1269 sive
1685 1228 1872 1270 exterius

413 1301 678 1354 applicentur
690 1317 702 1350 3
749 1298 985 1354 cujusmodi
1019 1302 1119 1338 sunt
1157 1297 1420 1347 asa-foetida,
1459 1296 1702 1350 galbanum,
1736 1300 1872 1337 casto-

412 1381 546 1418 reum,
571 1367 741 1421 spiritus
771 1367 868 1407 salis
900 1365 1142 1416 armeniaci,
1166 1370 1208 1406 et
1231 1364 1432 1419 quicquid
1459 1369 1523 1405 est
1554 1363 1736 1417 denique
1758 1363 1872 1417 quod

413 1436 584 1477 odorem
606 1439 767 1476 tetrum
790 1434 1019 1475 admodum
1039 1433 1343 1487 ingratumque
1365 1432 1508 1485 spirat.

211 1500 384 1532 Quaecun-
473 1501 610 1557 [120]
647 1501 730 1542 Hic
747 1502 861 1542 enim
879 1500 991 1554 quod
1010 1514 1077 1540 res
1099 1505 1161 1541 est
1179 1500 1329 1540 dicam.
1382 1499 1671 1553 Quaecunque
1692 1499 1869 1552 foetent,

210 1545 382 1621 (ἒζῗῑῖῗῗᾷῑο
415 1583 463 1610 ea
497 1569 641 1609 omnia
671 1569 902 1610 intentioni
931 1568 1030 1609 huic
1067 1568 1255 1621 apprime
1285 1567 1533 1618 inserviunt,
1569 1568 1653 1608 sive
1687 1568 1868 1620 Natura,

209 1627 396 1701 {Jssgssfii‘l'sst
415 1636 498 1677 sive
524 1636 652 1677 etiam
673 1636 768 1687 Ars,
793 1650 841 1677 ea
861 1636 1010 1690 putido
1041 1636 1168 1677 odore
1200 1636 1384 1677 donaxit.
1445 1637 1588 1690 Atque
1623 1637 1684 1690 (ni
1714 1637 1866 1691 fallor,)

414 1705 583 1759 spiritus
624 1718 756 1745 cornu
795 1704 917 1754 cervi,
951 1703 1170 1757 sanguinis
1199 1703 1389 1753 humani,
1426 1703 1587 1753 urinae,
1620 1703 1787 1755 ossium,
1821 1718 1870 1745 ac

413 1774 626 1823 similium,
648 1772 746 1813 inde
767 1772 1012 1827 praecipuas
1041 1786 1135 1811 suas
1160 1771 1268 1811 vires
1291 1771 1529 1824 acquirunt,
1552 1770 1676 1824 quod,
1699 1771 1802 1812 dum
1828 1771 1870 1813 vi

411 1840 522 1894 ignis
552 1843 870 1893 praeparentur,
900 1852 1173 1892 empyreuma
1204 1838 1459 1879 contrahant
1489 1843 1650 1879 tetrum
1680 1853 1729 1880 ac
1758 1839 1869 1881 male

412 1908 542 1957 olens,
585 1907 701 1960 quasi
743 1906 948 1946 essentiae
993 1920 1140 1946 eorum
1189 1906 1382 1946 intimius
1432 1920 1660 1947 annexum.
1742 1906 1869 1949 Quod

412 1976 570 2028 pariter
600 1974 787 2015 cernitur
817 1974 862 2013 in
888 1974 1015 2014 fumis
1037 1987 1061 2014 a
1081 1973 1206 2024 corio,
1228 1974 1393 2027 penniS,
1417 1978 1459 2014 et
1485 1974 1526 2014 id
1549 1988 1684 2027 genus
1706 1974 1868 2016 anima-

412 2043 517 2082 lium
555 2041 759 2095 partibus,
800 2055 899 2082 eum
940 2046 1186 2092 exurantur,
1224 2041 1533 2082 exhalantibus.
1609 2042 1783 2083 Etenim
1822 2042 1868 2083 id

411 2110 572 2151 habent
603 2124 826 2150 commune
858 2109 1048 2162 singulae
1089 2109 1335 2149 animalium
1368 2109 1641 2160 substantiae,
1675 2115 1723 2151 ut
1754 2110 1869 2151 inter

412 2178 676 2219 exurendum
714 2178 881 2218 fumum
922 2177 1119 2218 emittant
1156 2177 1315 2218 olidum
1357 2182 1399 2218 et
1435 2178 1606 2218 olfactui
1637 2178 1867 2232 ingratum,

413 2247 485 2300 qui
505 2247 539 2287 si
559 2247 804 2300 importuno
824 2246 923 2299 igne
945 2246 1107 2286 affatim
1135 2246 1339 2296 eliciatur,
1363 2259 1410 2286 ac
1431 2246 1600 2299 organis
1621 2246 1866 2300 excipiatur,

411 2314 694 2356 condensatus
734 2314 769 2353 is
809 2313 855 2353 in
894 2313 1078 2366 liquores
1117 2312 1219 2353 istos
1262 2313 1350 2353 abit
1392 2327 1439 2354 ac
1485 2314 1758 2365 convertitur,
1795 2314 1868 2368 qui

411 2384 628 2435 spirituum
656 2382 882 2422 volatilium
913 2381 1086 2422 nomine
1118 2380 1423 2434 insigniuntur,
1457 2381 1610 2434 quique
1642 2381 1868 2423 facultates

413 2464 481 2490 eas
503 2450 624 2491 facile
645 2454 865 2504 reportant
883 2462 989 2503 quae
1011 2448 1210 2502 subjectis
1232 2448 1317 2488 suis
1337 2448 1453 2489 haud
1467 2448 1663 2502 primitus
1683 2449 1866 2500 inerant,

412 2522 560 2571 utpote
596 2518 668 2571 qui
697 2517 808 2571 ignis
844 2515 1108 2557 solummodo
1141 2520 1358 2556 creaturae
1392 2516 1602 2566 existunt3
1637 2521 1679 2557 et
1711 2515 1867 2570 singuli

413 2599 559 2626 eorum
581 2585 760 2626 eandem
781 2585 906 2638 plane
933 2584 1135 2624 virtutem
1160 2597 1257 2624 cum
1278 2584 1454 2624 caeteris
1475 2584 1793 2634 nanciscuntur,
1816 2597 1867 2624 ex

414 2667 664 2706 quacunque
698 2652 870 2693 demum
901 2651 1140 2692 substantia
1176 2651 1317 2703 (modo
1349 2651 1542 2692 animalis
1573 2665 1623 2692 ea
1652 2651 1734 2705 sit,)
1770 2665 1865 2705 pro-

213 2703 374 2775 Ξζρᾞὶὲζ,
415 2720 625 2760 cudantur
645 2720 985 2760 extrahanturve.

209 2787 385 2859 lt‘i'g'effissfi‘
480 2787 616 2840 [121]
656 2787 852 2828 Proximo
883 2787 975 2828 loco
1007 2785 1431 2827 animadvertendum
1461 2791 1536 2836 est,
1559 2786 1683 2840 quod,
1706 2785 1740 2826 si
1771 2799 1865 2839 par-
1921 2834 1924 2842 ,
1976 2794 1985 2827 Ξ

214 2872 304 2907 mior,
321 2878 375 2902 aut
415 2868 634 2907 oxysmum
665 2855 891 2896 comitetur
921 2855 1039 2896 dolor
1069 2855 1217 2908 aliquis
1247 2853 1523 2895 intolerabilis
1549 2854 1594 2893 in
1615 2866 1866 2906 quacunque
1920 2899 1927 2911 .

211 2913 375 2944 dimhoea
415 2922 586 2963 demum
618 2928 750 2976 parte,
785 2928 857 2964 aut
893 2923 1065 2964 vomitio
1101 2921 1326 2972 enormior,
1360 2925 1433 2961 aut
1466 2920 1596 2961 etiam
1631 2919 1863 2971 diarrhoea,
1974 2930 1985 2947 fl

1915 2978 1922 3001 ὅ

211 2955 384 2993 incesserit,
