1985 3308
520 144 858 186 PROCESSUS
889 143 1157 186 INTEGRI.
1476 147 1560 187 593

302 248 408 283 Fiant
423 249 551 294 pilulae
567 255 726 294 quatuor,
743 249 932 294 capiendae
951 249 1035 283 hora
1052 254 1176 294 quarta
1191 249 1375 290 matutina,
1392 249 1570 294 superdor-
1653 260 1708 290 Dp,

298 306 457 346 miendo;
490 312 759 352 repetanturque
784 318 844 352 per
861 307 948 342 duas
972 308 1059 342 alias
1083 308 1186 348 vices,
1203 307 1454 352 interponendo
1478 307 1570 342 diem
1608 303 1752 333 F¹⁴U0¹³¹³

297 373 408 397 unum
424 363 478 397 vel
495 364 654 406 alterum,
671 376 732 409 pro
750 365 883 398 ratione
901 365 1040 398 virium.
1627 345 1734 375 ALBO’

111 451 246 494 [Form.
264 454 364 498 230.]
415 451 456 503 R
482 454 603 498 Aquae
621 454 736 488 Rutae
753 455 873 489 uncias
889 461 1047 500 quatuor,

484 512 606 555 Aquae
624 512 799 557 Bryoniae
816 512 1039 559 Compositae
1056 514 1179 548 uncias
1195 513 1294 554 duas,

486 568 653 603 Sacchari
671 570 865 615 crystallini
883 571 1117 615 quantitatem
1135 570 1381 610 sufficientem3
1554 615 1558 618 ἱ

299 624 381 659 Fiat
385 626 560 671 julapium
571 640 579 666 ;
596 627 713 671 capiat
723 627 918 662 cochlearia
932 628 1000 662 tria
1012 628 1064 662 vel
1077 633 1228 673 quatuor
1240 629 1275 662 iu
1286 626 1381 661 omni
1394 626 1572 672 languore.

116 715 283 757 Deinde
304 716 578 769 aggrediatur
598 731 724 757 usum
746 718 1016 771 sequentium
1032 735 1099 759 :—-·

116 816 252 860 [Form.
273 818 404 862 23l.]111
423 814 463 867 R
491 816 682 851 Theriacae
699 817 935 852 Andromacbi
952 819 1220 863 sesquiunciam,

485 874 680 908 Conservae
700 874 898 910 Flavedinis
914 877 1162 910 Aurantiorum
1179 877 1319 911 unciam
1337 887 1456 919 unam,

490 931 687 965 Diascordii
704 933 943 973 semiunciam,

492 988 693 1023 Zinzibcris
710 990 866 1030 conditi,

485 1047 596 1080 Nucis
615 1046 817 1081 Moschatae
835 1047 1019 1088 Condstao,
1036 1059 1105 1081 ana
1122 1047 1305 1082 drachmas
1320 1053 1399 1088 tres,

487 1103 645 1137 Pulveris
656 1115 674 1137 e
685 1104 802 1138 Chelis
815 1104 1029 1138 Cancrorum
1040 1104 1234 1149 Compositi
1245 1104 1572 1150 sesquidrachmam,

487 1161 634 1195 Corticis
652 1162 830 1196 exterioris
848 1162 1097 1203 manaturum,

490 1218 632 1253 Radicis
650 1220 841 1264 Angelicae
861 1220 1056 1265 Hispanae,

487 1276 631 1310 Corallii
649 1276 759 1310 Rubri
775 1277 982 1322 praeparati,

487 1333 752 1368 Trochiscorum
770 1333 812 1368 de
830 1334 937 1369 Terra
955 1335 1114 1376 Lemnia,
1133 1346 1201 1369 ana
1218 1334 1420 1369 drachmam
1438 1345 1557 1376 unam,

489 1390 570 1424 Boli
587 1392 761 1425 Armenae
778 1391 955 1436 scrupulos
974 1391 1071 1432 duos,

490 1447 637 1481 Gummi
654 1448 795 1482 Arabici
814 1447 1116 1489 semidrachmam,

486 1514 566 1537 cum
583 1504 773 1538 sufficiente
791 1505 987 1549 quantitate
1006 1505 1132 1550 Syrupi
1150 1505 1192 1538 de
1210 1505 1311 1538 Rosis
1330 1504 1458 1545 Siccis;

300 1561 382 1595 Fiat
397 1562 637 1603 electuarium,
655 1562 697 1596 de
715 1574 783 1607 quo
800 1568 917 1596 sumat
933 1562 978 1596 ad
999 1563 1279 1607 magnitudinem
1297 1563 1395 1596 nucis
1417 1562 1575 1596 moscha-

299 1625 356 1652 tae
373 1620 513 1664 majoris
528 1630 644 1661 mane,
660 1619 746 1654 hora
759 1620 882 1665 quinta
897 1620 1149 1664 pomeridiana,
1163 1625 1197 1653 et
1213 1625 1326 1661 nocte,
1338 1630 1398 1664 per
1414 1630 1570 1653 mensem

300 1676 490 1721 integrum,
507 1676 760 1721 superbibendo
777 1677 952 1721 sequentis
968 1676 1151 1711 infusionis
1169 1676 1362 1710 cochlearia
1379 1687 1439 1710 sex
1451 1690 1507 1709 :—

115 1786 247 1829 [Form.
264 1788 391 1830 232.]¹¹¹
421 1786 463 1838 R
491 1788 633 1822 Radicis
652 1788 788 1822 Enulae
806 1788 1021 1833 Campanae,

497 1845 675 1892 [Radicis]
696 1846 956 1891 Imperatoriae,

490 1903 669 1948 [Radicis]
688 1904 890 1948 Angelicae,

487 1960 666 2002 [Radicis]
686 1961 823 1995 Calami
841 1962 1042 2002 Aromatici,
1059 1973 1128 1996 ana
1143 1962 1386 2001 semiunciam,

489 2019 668 2053 Foliorum
684 2019 863 2053 Absinthii
880 2019 1044 2060 Romani,

488 2075 701 2119 [Foliorum]
722 2075 895 2110 Marrubii
912 2077 1004 2118 Albi,

490 2133 705 2179 [Foliorum]
725 2133 906 2167 centaurii
926 2133 1087 2175 Minoris,

494 2190 704 2232 [Foliorum]
725 2191 969 2225 Calaminthae
986 2192 1150 2236 vulgaris,

489 2246 702 2289 [Foliorum]
725 2246 862 2281 Salviae
879 2248 1058 2289 siccorum,
1075 2259 1143 2282 ana
1158 2248 1377 2293 manipulum
1394 2258 1515 2288 unum,

493 2304 687 2338 Baccarum
703 2304 866 2349 Juniperi
884 2306 1024 2339 unciam
1043 2317 1150 2339 unam
1164 2318 1171 2345 ;

306 2361 513 2395 Incidantur
529 2362 703 2402 minutim,
722 2368 757 2395 et
774 2361 1005 2396 infundantur
1020 2364 1057 2396 in
1074 2364 1158 2396 Vini
1181 2362 1348 2396 Canai-ini
1371 2362 1467 2396 libris
1489 2373 1572 2406 qua-

304 2426 401 2459 tuor3
425 2424 516 2453 stent
535 2418 638 2453 simu]
660 2418 697 2451 in
714 2418 886 2454 infusione
907 2419 1052 2466 frigida:
1079 2420 1210 2455 coletur
1226 2419 1469 2454 tantummodo
1486 2425 1572 2453 tem-

303 2489 386 2522 pore
402 2488 495 2511 usus.

182 2554 263 2609 [3.]
298 2554 508 2595 Vescatur
528 2553 631 2595 cibis
652 2554 854 2607 eupeptis,
877 2559 919 2595 et
941 2554 1152 2596 abstineat
1173 2553 1225 2595 ab
1248 2568 1328 2593 usu
1349 2552 1510 2593 olerum
1531 2555 1574 2591 et

116 2623 336 2664 fructuum
368 2622 739 2675 qualiumcunque,
771 2625 813 2662 et
849 2621 1027 2676 singulis
1058 2620 1249 2676 pastibus
1278 2619 1398 2660 bibat
1427 2618 1571 2659 vinum

122 2690 418 2744 Hispanicum.

658 2779 680 2792 “¹
706 2774 754 2805 Cf.
772 2774 897 2805 sormm.
916 2775 966 2810 53,
986 2774 1036 2803 54.

811 2952 882 2988 —Lu
