1985 3308
218 291 271 320 De
290 290 366 319 Lm:

197 334 380 363 VENEREA.

199 1917 315 1947 Cautio
330 1926 369 1946 ne

199 1959 344 1989 salivatio

197 2002 352 2041 importu-

196 2045 269 2074 nius
277 2054 385 2083 urgea-

198 2092 251 2116 tur
260 2086 384 2120 Φύσεως

197 2129 364 2169 ἀντιπρατ-

197 2171 323 2208 τούσης.

399 171 482 211 322
815 170 1073 211 ΤΗΟΜΑΕ
1108 169 1449 211 SYDENHAM

401 282 490 317 arte
510 276 620 326 freti,
643 277 839 318 mercurii
859 277 1056 331 reliquias
1082 291 1157 331 per
1177 277 1390 318 catharsin
1415 276 1622 330 expellere
1642 290 1859 328 conamur,

400 359 497 386 cum
528 345 758 399 genuinam
785 346 900 386 illam
929 359 976 386 ac
1006 360 1136 399 prope
1163 345 1335 386 unicam
1362 344 1613 385 methodum
1646 344 1735 398 (per
1766 344 1861 385 sali-

401 414 613 454 vationem
637 413 822 466 scilicet,)
855 428 937 467 qua
961 413 1130 453 Natura
1154 412 1198 452 id
1224 412 1386 453 efficere
1410 411 1515 453 solet
1541 426 1589 453 ac
1613 411 1752 463 debet,
1772 425 1862 453 non

402 481 539 521 solum
565 481 843 534 negligamus,
871 480 942 521 sed
971 481 1100 521 ctiam
1126 479 1438 533 impediamus?
1502 479 1762 533 Hujusmodi
1788 494 1861 520 au-

401 555 488 589 tem
519 549 869 589 hallucinationes
900 548 1088 588 minimis
1124 547 1216 587 istis
1246 547 1423 587 rationis
1454 547 1693 588 scintillulis
1722 547 1862 601 impu-

402 616 556 656 tandae
582 621 694 666 sunt,
719 615 870 669 quibus
895 629 972 655 nos
995 615 1139 655 miseri
1165 614 1365 655 mortales
1392 620 1564 655 tantum
1590 615 1783 669 praediti,
1809 615 1863 656 ad

403 684 623 725 veritatem
638 684 684 723 in
705 683 915 737 profundo
928 688 942 706 θ
964 682 1200 723 demersam
1215 696 1304 723 non
1323 688 1608 736 penetrantes,
1631 682 1863 737 quamlibet

403 752 493 805 ejus
534 751 730 791 umbram
765 756 807 791 ct
848 750 1030 804 speciem
1066 750 1373 803 amplectimur,
1406 764 1488 803 pro
1517 751 1676 791 Junone
1691 749 1705 773 s
1734 750 1863 804 (quod

404 821 552 872 3111111,)
593 824 803 872 captantes
836 819 978 859 nubem
990 837 1003 867 ;
1032 833 1148 870 ‘mox
1188 820 1393 873 colloquia
1427 820 1666 871 miscentes,
1695 821 1862 875 11130111-

403 887 513 927 dicia
542 887 650 928 male
685 886 863 927 fundata
892 886 953 927 ita
986 887 1157 941 penitus
1191 886 1315 928 nobis
1344 888 1526 928 invicem
1554 888 1785 942 infigimus,
1812 893 1862 930 ut

403 954 579 995 tandem
618 955 916 1008 phantasmata
955 962 1100 997 nostra
1140 961 1182 997 et
1209 956 1502 997 delirantium
1541 957 1753 998 insomnia
1786 946 1863 1011 pro

403 1023 620 1077 principiis
638 1024 881 1078 apodicticis
894 1033 915 1062 g
934 1025 1080 1066 haberi
1101 1025 1300 1065 velimus:
1334 1025 1454 1079 cujus
1476 1025 1690 1079 specimen
1706 1025 1765 1078 (111
1786 1025 1861 1066 fal-

403 1091 495 1144 lor,)
520 1106 620 1145 prae
640 1092 838 1133 manibus
858 1093 981 1134 nobis
1003 1098 1079 1135 est.

469 1160 576 1214 [31]
617 1161 821 1204 Quamvis
843 1168 987 1204 autem
1012 1163 1059 1203 in
1078 1163 1290 1217 plerisque
1311 1163 1474 1204 curatio
1495 1162 1621 1204 modo
1637 1163 1728 1216 jam
1749 1163 1862 1205 dieto

404 1228 656 1281 absolvatur,
683 1230 890 1283 (videlicet
911 1231 1161 1272 inunctione
1181 1246 1256 1286 per
1275 1237 1361 1273 tres
1392 1236 1538 1272 noctes
1559 1231 1798 1282 continuas,
1819 1236 1863 1272 et

403 1297 591 1339 exhibito
622 1298 791 1340 turbith
814 1300 1023 1350 minerali,
1046 1299 1304 1354 ptyalismoh
1325 1299 1442 1340 haud
1474 1299 1555 1339 rite
1589 1298 1859 1353 procedente,

401 1365 612 1406 mercurio
631 1366 736 1406 item
758 1366 870 1407 dulci
892 1367 945 1407 ad
961 1367 1068 1408 vices
1090 1368 1264 1421 aliquot,
1282 1366 1447 1409 eodemi
1463 1368 1582 1421 justo
1603 1367 1727 1408 citius
1743 1367 1861 1408 fatis·

403 1434 554 1486 cente,)
576 1434 682 1474 serio
703 1439 849 1475 tamen
871 1435 1295 1475 animadvertendum
1315 1440 1392 1485 est,
1408 1435 1454 1474 in
1477 1433 1730 1487 quibusdam
1743 1447 1861 1488 repe·
1908 1428 1916 1431 “

401 1501 476 1540 1111
497 1501 856 1556 idiosyncrasiam,
879 1503 963 1543 sive
984 1507 1372 1556 temperamentum
1393 1500 1607 1555 quoddam
1636 1500 1862 1554 peculiare,

401 1573 491 1608 tam
533 1568 787 1610 salivationis
822 1575 1018 1624 respectu
1059 1584 1186 1624 quam
1221 1569 1501 1623 purgationis,
1537 1570 1681 1622 (atque
1714 1568 1862 1609 eadem

401 1634 651 1689 plerumque
681 1637 728 1676 111
757 1637 921 1688 iisdem,
946 1643 996 1679 111
1028 1639 1100 1692 (1111
1131 1652 1255 1692 aegre
1285 1643 1540 1692 purgantur,
1573 1651 1697 1691 aegre
1732 1637 1863 1678 etiam

402 1702 455 1742 ad
482 1703 756 1757 ptyalismum
785 1705 1103 1759 perducuntur,)
1137 1706 1199 1746 ita
1233 1710 1282 1746 ut
1309 1707 1356 1746 in
1390 1706 1608 1747 nonnullis
1634 1705 1862 1746 methodus

401 1769 574 1811 laudata
593 1771 661 1811 vix
687 1772 953 1825 gingivarum
979 1774 1337 1814 exulcerationem
1369 1779 1495 1827 queat
1527 1774 1703 1824 efficere,
1724 1773 1863 1815 multo

401 1837 544 1878 minus
585 1838 876 1880 salivationem
912 1854 1007 1881 eam
1040 1854 1267 1894 procurare
1309 1855 1416 1894 quae
1456 1841 1568 1882 malo
1609 1841 1863 1882 eradicando

401 1919 478 1958 par
499 1905 565 1946 sit.
627 1906 681 1946 In
707 1907 953 1961 hujusmodi
981 1908 1117 1961 aegris
1138 1908 1310 1950 Medico
1339 1922 1605 1963 summopere
1626 1908 1863 1950 cavendum

402 1979 466 2014 est
507 1987 561 2014 ne
592 1974 734 2015 animo
769 1975 952 2016 nimium
992 1975 1207 2017 obstinato
1246 1976 1536 2017 salivationem
1575 1976 1863 2030 importunius

402 2046 565 2093 urgeat,
594 2042 890 2083 recalcitrante
925 2043 1108 2094 Natura,
1132 2048 1259 2097 atque
1292 2044 1344 2084 ab
1369 2044 1451 2085 isto
1478 2044 1764 2085 evacuationis
1791 2058 1862 2098 ge·

401 2121 503 2149 nere
523 2122 694 2162 prorsus
722 2109 999 2152 abhorrente:
1034 2112 1146 2165 quod
1168 2112 1240 2166 qui
1267 2113 1409 2153 minus
1433 2113 1692 2163 intellexere,
1715 2126 1863 2166 aegros

402 2176 518 2217 haud
556 2192 711 2231 paucos
751 2178 867 2219 letho
914 2178 1136 2220 dederunt.
1217 2179 1393 2220 Etenim
1431 2179 1478 2219 in
1518 2179 1762 2233 corporibus
1801 2179 1863 2221 ita

401 2245 536 2296 factis,
572 2246 906 2300 quotiescunque
953 2247 1277 2297 medicamenta,
1320 2248 1405 2288 sive
1445 2253 1621 2288 externa
1659 2247 1733 2288 illa
1770 2248 1862 2289 fue-

400 2313 502 2363 rint,
526 2313 609 2354 sive
629 2314 812 2365 interna,
834 2314 1109 2368 pertinaciter
1129 2315 1468 2368 ingeminaveris,
1491 2315 1582 2355 1000
1604 2314 1861 2356 salivationis

401 2380 611 2433 perfectae
638 2382 702 2422 nil
720 2388 888 2436 practer
911 2383 1071 2424 ventris
1097 2383 1284 2424 tormina
1304 2388 1346 2423 01
1379 2382 1634 2436 dejectiones
1663 2382 1860 2438 dysente-

401 2447 509 2488 ricas
545 2448 770 2500 obtinebis,
806 2450 977 2491 Natura
1009 2464 1085 2504 per
1119 2450 1229 2491 hanc
1264 2455 1431 2504 portam
1462 2450 1717 2506 hydrargyri
1747 2451 1860 2493 virus

402 2514 654 2565 amoliente3
686 2516 749 2556 vel
791 2516 954 2558 dolores
994 2517 1218 2559 ventriculi
1259 2524 1301 2559 et
1343 2519 1644 2572 aegritudines,
1687 2518 1860 2562 sudores

400 2579 588 2633 frigidos,
610 2581 907 2637 horrendaque
929 2584 1010 2625 alia
1031 2591 1328 2639 symptomata,
1351 2601 1550 2638 accerses,
1571 2587 1633 2628 ita
1661 2592 1710 2628 ut
1735 2601 1861 2642 aeger

400 2651 570 2689 tantum
611 2664 699 2690 non
740 2656 839 2704 agat
872 2652 1071 2704 animam,
1105 2654 1214 2695 forte
1255 2655 1384 2695 ctiam
1424 2669 1522 2696 mox
1554 2669 1648 2697 eam
1680 2661 1858 2697 evomat.

444 2772 455 2784 ⁰
480 2772 562 2798 verit.
589 2773 617 2800 in
639 2771 718 2810 pras.
736 2773 879 2814 deniers]
900 2774 947 2804 Cf.
970 2776 1097 2806 Disserl.
1202 2785 1217 2805 g
1239 2777 1389 2818 (φαίη-1.]
1415 2779 1433 2808 i.
1451 2789 1476 2808 e.
1496 2777 1724 2816 ἆτοδεικτικός,
1740 2780 1859 2811 demon-

401 2811 500 2848 Epist.
517 2811 532 2847 ἓ
553 2812 609 2846 17;
640 2815 738 2845 Tract.
756 2817 782 2845 J.
802 2817 816 2854 ξ
833 2817 882 2848 71.
1159 2823 1312 2851 stt-alimus.

445 2850 454 2868 ‘
472 2863 527 2890 pro
554 2856 669 2885 Jamme
700 2864 855 2896 captantes
894 2860 1014 2901 nubem]
1049 2861 1098 2892 Cf.
1203 2860 1216 2880 ¹¹
1237 2863 1517 2903 ptyal.—proced.]
1550 2875 1661 2894 aurora
1692 2867 1752 2895 ista
1781 2876 1857 2905 quae

404 2894 522 2923 Ohwrr.
555 2897 634 2927 Med.
669 2909 696 2928 v.
727 2902 752 2930 5.
790 2902 837 2933 17.
871 2902 1026 2934 Fabulam
1058 2904 1095 2934 de
1157 2911 1336 2944 postremam
1353 2909 1464 2945 excipit
1481 2906 1528 2936 ed.
1547 2908 1607 2937 ‘80.

404 2935 514 2966 Ixione
531 2939 668 2978 respicit.
1199 2951 1205 2965 ¹
1228 2949 1475 2989 eodem-citius]
1494 2951 1656 2990 plyalismo
1673 2949 1720 2979 ed.
1737 2951 1798 2980 ⁹80.
