1985 3308
349 129 434 169 388
751 125 1009 169 ΤΗΟΜΑΕ
1043 122 1383 167 SYDENHAM

167 247 221 277 De
240 246 306 276 Ar·
346 240 588 290 usurpetur,
609 248 817 289 magnum
837 238 900 276 est
920 232 966 275 in
985 233 1066 274 hoc
1086 231 1234 273 morbo
1254 229 1516 279 remedium;
1546 241 1686 281 neque
1705 240 1803 268 vero

146 289 328 361 ‘SETCJIJCIKJ
351 303 398 343 in
416 303 499 344 hoc
516 302 616 352 solo,
634 301 708 342 sed
727 301 772 342 in
794 301 884 342 aliis
902 314 1029 354 quam
1044 298 1236 354 plurimis
1254 312 1279 338 a
1293 296 1441 338 caloris
1463 300 1506 337 et
1523 294 1806 336 concoctionis

144 376 318 415 ff'heriacae
349 372 433 413 sive
465 370 712 425 digestionis
744 369 912 410 defectu
942 368 1058 418 ortis,
1091 366 1283 408 omnium
1309 365 1417 418 forte
1446 363 1804 418 potentissimum,

146 428 328 500 fflffifgna'
350 453 457 493 quae
483 438 692 479 hactenus
721 436 844 477 nobis
868 436 1106 484 innotuere,
1132 437 1232 473 utut
1260 446 1285 473 a
1310 432 1521 486 plerisque
1550 429 1804 479 fastidiatur,

351 507 464 561 quod
485 511 526 548 et
547 505 795 560 pervulgata
815 504 882 554 sit,
905 508 947 544 et
969 517 993 543 a
1012 507 1077 543 tot
1093 503 1184 555 jam
1201 500 1375 541 saeculis
1391 499 1575 553 cognita.

145 581 286 632 Vinum·
427 573 564 628 [113]
616 573 729 613 Yina
777 570 1008 624 Hispanica
1060 568 1272 622 gentiana,
1325 567 1528 620 angelica,
1579 563 1806 615 absinthio,

144 625 304 705 elflffssngs
351 642 581 692 centaurio,
608 641 813 682 corticum
843 637 1136 679 aurantiorum
1166 635 1385 686 flavedjne,
1409 634 1582 688 aliisque
1613 631 1808 674 corrobo-

146 712 289 760 001r9b0-
349 708 555 759 rantibus,
577 707 728 748 infusis
754 705 975 755 medicata,
999 705 1033 745 si
1059 704 1113 744 ad
1139 703 1299 756 aliquot
1327 702 1559 744 cochlearia
1583 706 1649 741 ter
1668 701 1715 740 in
1740 699 1808 740 die

143 755 290 826 ᾗῗὲἑξιζζῗ
349 780 565 830 potentur,
596 774 825 815 admodum
853 772 1090 822 conferunt,
1112 771 1240 812 modo
1269 783 1395 823 aegra
1426 768 1548 810 tenui
1570 782 1660 809 non
1679 767 1808 808 fuerit

146 839 294 911 tff¹¹¹¹’l‘'‘f¹
349 844 580 896 biliosoque
608 842 790 896 corporis
818 841 981 882 habitu.
1042 840 1238 881 Profecto
1266 839 1332 879 vel
1350 838 1437 878 vini
1459 837 1681 891 Hispanici
1711 836 1808 877 sim-

145 892 305 963 Ziiiiitiiih
347 910 467 964 plicis
488 910 700 950 liberalior
719 909 909 959 haustus,
932 908 1037 949 hora
1068 907 1206 948 somni
1227 912 1328 961 quot
1348 905 1546 947 noctibus
1565 918 1661 946 meo
1683 919 1810 946 suasu

144 967 237 1000 valet.
347 980 608 1034 propinatus,
634 978 870 1034 Hystericis
897 977 1115 1019 nonnullis
1142 990 1346 1031 perquam
1374 974 1568 1016 salutaris
1595 973 1689 1024 fuit,
1711 987 1810 1014 cum

348 1061 399 1088 ex
430 1061 479 1088 eo
508 1047 721 1088 robustior
751 1046 935 1087 universi
969 1045 1152 1099 corporis
1182 1044 1354 1086 habitus
1383 1044 1643 1093 redderetur,
1674 1042 1808 1096 ipsae-

349 1129 430 1170 que
466 1114 570 1156 adeo
606 1114 815 1157 foeminae
851 1127 874 1156 e
910 1113 1158 1155 cachecticis
1192 1112 1353 1154 vividae
1391 1111 1518 1153 simul
1553 1124 1601 1152 ac
1635 1114 1810 1164 vegetae

350 1183 517 1225 fierent.

148 1262 318 1312 Corae-is·
421 1251 560 1308 [114]
598 1251 774 1293 Adhaec
813 1251 1075 1293 Peruvianus
1113 1255 1257 1292 cortex
1297 1250 1468 1292 eximias
1513 1248 1811 1304 mirandasque

148 1305 457 1388 {grsss‘i'ssffisxires
481 1321 527 1362 in
555 1321 762 1374 sanguine
795 1324 838 1362 et
871 1320 1086 1374 spiritibus
1119 1319 1409 1362 confortandis
1438 1317 1809 1372 inxigorandisque

147 1391 329 1429 invigoran-
350 1390 507 1431 habere
532 1404 842 1443 nonnunquam
867 1388 1210 1443 deprehenditur,
1239 1389 1357 1442 cujus
1389 1388 1633 1441 scrupulum
1660 1386 1812 1428 unum¹

149 1433 336 1512 gptsffipma
352 1472 477 1499 mane
508 1463 550 1499 et
579 1472 671 1499 sero
697 1457 751 1498 ad
783 1457 1039 1511 septimanas
1071 1457 1231 1510 aliquot
1261 1456 1531 1510 deglutitum,
1564 1470 1711 1496 sanam
1741 1457 1810 1496 fir-

353 1540 552 1580 mamque
585 1526 768 1580 corporis
800 1525 938 1566 crasin
977 1526 1081 1578 (tam
1112 1525 1208 1565 viris
1246 1523 1651 1577 Hypochondriacis‚
1684 1538 1811 1577 quam

353 1593 590 1648 Hystericis
611 1593 818 1643 foeminis,
837 1593 909 1634 diu
925 1593 1193 1646 multumque
1215 1590 1548 1645 aegrotantibus,
1565 1590 1811 1644 dejectaque

347 1662 439 1716 jam
461 1662 579 1715 quasi
599 1661 783 1714 corporis
805 1660 1078 1713 oeconomia,)
1103 1659 1350 1710 restituisse,
1373 1659 1462 1712 ipse
1482 1658 1708 1699 observavi.
1755 1659 1811 1700 In

150 1735 321 1784 praecipue
351 1730 469 1771 nullo
491 1735 635 1771 autem
654 1729 977 1783 Hystericorum
994 1728 1240 1769 Affectuum
1257 1741 1412 1781 genere
1429 1726 1589 1767 felicius
1611 1726 1811 1778 succedit,

151 1778 313 1860 ffisfffiffg‘
355 1811 481 1851 quam
508 1797 553 1837 in
578 1797 649 1837 illo
671 1811 752 1850 quo
777 1796 952 1851 spasmis
980 1796 1221 1836 afficiuntur
1247 1795 1469 1846 foeminae,
1491 1794 1614 1835 nixus
1640 1794 1814 1836 edentes

152 1863 288 1902 ⁵P³S¹¹¹5³
355 1865 602 1906 fortissimos
636 1870 678 1906 et
710 1866 935 1919 plusquam
966 1864 1206 1915 muliebres,
1237 1869 1410 1918 pectora
1444 1863 1570 1904 simul
1598 1863 1812 1905 ferientes.

152 1911 316 1946 urgentur.
356 1933 538 1974 Interim
572 1939 719 1974 tamen
750 1933 1042 1975 confitendum
1078 1938 1154 1984 est,
1187 1933 1300 1987 quod
1334 1933 1414 1974 hoc
1453 1932 1814 1973 medicamentum

356 2017 443 2043 non
465 2002 525 2043 ita
550 2008 665 2043 certo
690 2002 920 2056 crebroque
943 2002 1044 2043 huic
1070 2003 1183 2043 malo
1211 2006 1441 2052 succurrat,
1464 2015 1512 2042 ac
1534 2000 1723 2042 febribus
1749 1999 1813 2041 in-

355 2070 706 2112 termittentibus.
757 2071 960 2113 Quamvis
980 2085 1076 2112 vero
1102 2071 1165 2123 (ut
1185 2071 1229 2111 id
1250 2070 1386 2112 obiter
1407 2070 1573 2123 dicam,)
1596 2069 1643 2110 in
1662 2069 1815 2110 harum

356 2139 573 2180 curatione
595 2139 765 2193 egregia
785 2144 969 2193 praestet
995 2140 1064 2193 (ne
1086 2139 1223 2180 dicam
1247 2140 1475 2192 miracula)
1501 2138 1638 2179 dictus
1659 2143 1814 2188 cortex,

356 2211 482 2259 atque
519 2206 668 2247 eodem
699 2211 794 2248 tum
825 2207 905 2260 ipsi
939 2222 1016 2249 nos
1055 2207 1239 2249 libenter
1270 2213 1454 2258 utamur,
1489 2212 1582 2248 tum
1615 2206 1814 2247 uxoribus

354 2273 580 2328 liberisque
603 2275 894 2329 usurpandum
914 2275 1182 2330 imperemus,
1202 2275 1366 2330 quoties
1386 2289 1454 2316 res
1469 2274 1655 2328 postulet
1670 2291 1681 2324 3
1714 2278 1815 2314 sunt

354 2347 501 2383 tamen
535 2343 686 2397 quibus
720 2343 836 2384 haud
867 2344 1008 2385 minus
1039 2345 1130 2398 jam
1170 2344 1374 2397 displicet,
1418 2343 1529 2397 quod
1569 2348 1659 2383 tam
1699 2348 1815 2384 certo

357 2409 578 2463 subitoque
599 2410 768 2451 morbos
790 2417 1018 2465 expugnet,
1042 2426 1169 2466 quam
1191 2412 1291 2453 olim
1313 2411 1572 2466 displicebat,
1596 2411 1708 2464 quod
1728 2425 1816 2452 non

356 2477 438 2517 nisi
468 2493 604 2532 nuper
633 2479 699 2520 his
729 2485 940 2521 terrarum
971 2481 1052 2521 oris
1079 2481 1338 2522 innotuerat.
1401 2481 1497 2523 Quo
1529 2479 1699 2534 quidem
1727 2479 1816 2521 fato

358 2551 452 2585 tum
483 2547 631 2600 optimi
662 2547 816 2602 quique
846 2548 935 2599 viri,
962 2554 1056 2590 tum
1087 2549 1215 2591 etiam
1245 2549 1606 2603 praestantissima
1627 2563 1816 2603 quaeque

361 2628 407 2654 ac
430 2612 748 2669 δραστικώτατα
767 2616 965 2668 remedia,
988 2631 1153 2672 semper
1168 2618 1255 2659 fere
1273 2623 1491 2671 urgentur.
1521 2617 1817 2658 Veruntamen

363 2681 415 2721 ad
446 2682 556 2723 hanc
587 2689 746 2734 notam,
770 2699 844 2725 seu
869 2686 1052 2739 Lydium
1079 2686 1276 2740 lapidem,
1297 2686 1483 2727 indolem
1509 2691 1697 2727 nostram
1717 2686 1816 2727 licet

365 2748 590 2791 adductam
621 2753 812 2806 experiri,
835 2758 961 2807 atque
987 2753 1138 2794 exinde
1170 2755 1415 2808 dignoscere
1446 2754 1695 2794 hominesne
1715 2753 1816 2794 boni

365 2817 506 2868 simus,
525 2833 577 2859 an
595 2834 690 2861 vero
706 2821 895 2873 probrosi
910 2839 922 2872 5
954 2836 1029 2876 pro
1044 2823 1178 2876 gradu
1199 2823 1367 2873 scilicet,
1387 2837 1469 2876 quo
1485 2823 1548 2863 vel
1565 2822 1815 2872 exultamus,

676 2892 681 2910 1

710 2898 879 2936 srrupnlnm
897 2895 1003 2936 mmm]
1022 2899 1193 2927 drachmam
1211 2899 1366 2927 dimidiam
1383 2896 1429 2926 ed.
1449 2897 1510 2926 '82
