1985 3308
379 162 464 202 380
795 163 1051 204 THOMAE
1085 163 1279 204 SYDEN
1286 162 1422 203 HAM

201 277 254 306 Da
276 277 341 306 Av-
382 282 471 308 non
495 272 667 308 tantum
692 273 741 309 ut
772 267 1083 324 δραστικώτερα
1107 283 1196 309 non
1222 269 1320 318 sint,
1343 268 1415 308 sed
1442 267 1570 308 etiam
1596 281 1621 307 a
1640 280 1834 321 perversa

183 319 365 393 fgffffilcffs
384 336 615 376 eorundem
643 335 863 389 diligentia
891 342 933 377 et
961 351 1087 390 opera
1112 337 1338 391 plusquam
1364 335 1509 385 otiosa,
1530 335 1664 388 magis
1690 335 1834 375 eviles-
1887 360 1889 362 -

111 422 113 425 ¹
174 427 314 456 medica,
383 409 495 444 cant.
555 403 710 444 Audivi
741 404 869 444 etiam
901 404 1042 457 (quod,
1064 404 1098 443 si
1128 403 1254 444 modo
1283 416 1430 442 verum
1460 402 1527 452 sit,
1559 402 1834 443 assertionem

176 474 362 518 ¹¹¹e¹¹t³,S³}¹³·
381 471 492 511 hanc
521 476 711 511 nostram
745 471 910 512 fortiter
944 470 1198 523 sustinebit,)
1234 470 1370 523 ipsam
1401 469 1622 520 mineram,
1653 474 1779 523 prout
1809 484 1836 510 a

174 518 353 593 ἓξοῖιιῖξὲᾇῗ
381 543 519 579 terrae
544 539 772 579 visceribus
797 538 1007 588 effoditur,
1035 538 1209 578 crudam
1243 537 1450 578 efficacius
1474 537 1520 578 in
1546 537 1705 578 morbis
1736 537 1834 578 sub-

175 597 309 668 ‘62¹3ss
376 607 576 660 jugandis
598 606 771 660 operari,
796 621 922 659 quam
942 606 1103 646 ferrum
1133 606 1277 658 ignem
1303 606 1394 659 jam
1415 620 1586 659 passum
1606 611 1648 646 et
1668 605 1834 646 fusione

174 682 281 711 forsan
298 682 360 730 1311-
382 674 659 727 depuratum:
691 675 811 727 cujus
846 673 907 713 rei
939 673 1042 713 fides
1078 678 1223 714 tamen
1256 687 1385 726 penes
1418 673 1641 714 authorem
1671 673 1738 723 sit,
1765 686 1834 714 me

175 733 335 796 ζῗζίξῃζζς
379 742 571 782 nondum
605 747 776 793 experto
809 741 963 781 siccine
1000 755 1043 781 se
1074 754 1141 781 res
1173 741 1340 792 habeat,
1373 755 1428 782 an
1456 740 1555 782 vero
1586 741 1718 782 aliter.
1781 741 1835 781 Id

379 815 494 850 certo
537 809 633 859 scio,
675 809 843 849 nullum
882 808 1119 849 remedium
1157 809 1420 863 praeclarum
1460 814 1587 862 atque
1627 807 1837 864 ἐξαίρετον

176 883 347 923 Ρηιε-οὶριι-
380 877 544 930 uspiam
576 876 769 929 gentium
796 876 924 917 fuisse
954 890 1193 929 procusum,
1217 877 1329 931 quod
1357 891 1447 918 non
1477 891 1502 917 a
1521 877 1691 917 Natura
1714 890 1835 930 prae-

175 936 338 998 ῗῇξζὲωῃ
381 945 523 997 cipuas
554 944 659 984 vires
688 944 916 997 acceperit:
947 944 1063 985 unde
1095 948 1121 966 “
1141 944 1259 985 Θεῶν
1285 945 1496 1000 χεῖραςΡ,”
1525 958 1613 986 non
1639 958 1737 985 vero
1764 946 1835 985 Ιιο-

175 1010 320 1046 Natura;
380 1013 544 1062 minum,
566 1012 911 1065 praecellentiora
942 1011 1110 1065 quaevis
1140 1012 1423 1053 medicamina
1453 1012 1683 1066 antiquitas
1715 1016 1836 1065 grata

380 1080 657 1133 compellavit.
721 1080 846 1121 Quod
866 1094 964 1121 vero
993 1081 1137 1121 nativa
1168 1080 1383 1134 quidpiam
1403 1080 1595 1121 bonitate
1615 1085 1834 1134 praestans

380 1154 422 1189 et
444 1148 626 1188 efficacia
650 1147 864 1188 mirandos
894 1147 991 1188 edat
1022 1148 1210 1197 effectus,
1234 1161 1486 1201 quacunque
1507 1147 1679 1188 demum
1699 1147 1836 1188 forma

178 1222 260 1260 quod
279 1226 345 1271 tes-⁶
378 1216 610 1269 ingeratur,
642 1220 772 1256 testes
802 1216 872 1256 hic
907 1215 1070 1256 adduco
1102 1230 1178 1268 par
1207 1215 1313 1255 illud
1342 1214 1496 1265 nobile,
1528 1215 1744 1268 papaveris
1774 1215 1836 1255 la-

176 1270 284 1336 Ῐζζζζῃζζ
293 1275 363 1337 fflss'
380 1284 599 1337 chrymam
621 1284 704 1324 sive
726 1283 884 1336 opium,
902 1289 944 1324 et
965 1284 1164 1324 corticem
1185 1283 1483 1323 Peruxianum.
1545 1283 1699 1335 Neque
1720 1281 1834 1322 enim

175 1354 228 1407 ¹53³
246 1349 345 1380 Peru-
379 1356 549 1391 tantum
566 1351 611 1391 in
627 1351 946 1392 medicamentis
962 1351 1261 1404 praeparandis
1276 1351 1441 1391 medica
1461 1351 1651 1390 cernitur
1670 1350 1833 1403 peritia,

177 1401 298 1421 mnus.
380 1434 508 1472 quam
524 1419 569 1459 'm
588 1419 639 1459 iis
656 1419 882 1472 seligendis
900 1419 1315 1472 appropriandisque,
1335 1433 1441 1472 quae
1457 1419 1627 1459 Natura
1643 1432 1719 1458 suo
1734 1418 1834 1471 igne

379 1487 592 1527 elaborata
615 1492 741 1540 atque
762 1492 905 1527 evecta
924 1487 1086 1527 liberali
1106 1501 1238 1526 manu
1258 1487 1450 1540 porrigit.
1494 1486 1547 1526 Id
1567 1491 1737 1526 tantum
1758 1500 1834 1526 no-

379 1554 443 1595 bis
461 1555 674 1607 agendum
689 1559 833 1604 restat,
851 1559 899 1595 ut
916 1555 1227 1595 medicamenta
1247 1555 1293 1594 in
1315 1568 1408 1595 eam
1428 1554 1608 1594 formam
1628 1553 1835 1594 reducan-

379 1628 463 1671 tur,
487 1636 569 1675 qua
588 1622 653 1662 vel
680 1621 911 1662 eorundem
940 1622 1190 1672 substantia,
1212 1622 1277 1662 vel
1305 1622 1456 1662 saltem
1482 1621 1542 1662 xis
1568 1626 1610 1661 et
1639 1621 1834 1671 efficacia,

379 1690 530 1730 melius
561 1689 804 1743 corporibus
831 1690 985 1730 nostris
1016 1690 1224 1743 impertiri
1255 1695 1407 1743 queat:
1441 1689 1508 1730 cui
1538 1689 1706 1729 muneri
1736 1688 1834 1730 obe-

378 1757 495 1798 undo
515 1757 736 1798 facultates
757 1758 871 1798 nacti
893 1772 1038 1798 sumus
1059 1758 1154 1811 plus
1182 1772 1308 1811 quam
1329 1771 1463 1810 pares.
1524 1757 1626 1798 Post
1647 1756 1835 1810 chalybis

175 1831 320 1880 Syrupus
381 1825 675 1875 substantiam,
698 1825 887 1878 ejusdem
909 1840 1063 1879 syrupo
1084 1825 1301 1865 lubentius
1330 1831 1371 1866 et
1401 1839 1502 1878 prae
1527 1825 1703 1865 caeteris
1722 1830 1833 1865 utor.

176 1874 355 1947 3⁰32&ssssssss
381 1892 449 1932 Fit
471 1898 614 1933 autem
645 1907 667 1933 e
696 1893 796 1933 ferri
826 1898 900 1933 aut
931 1892 1118 1946 chalybis
1138 1893 1349 1943 limatura,
1371 1892 1417 1933 in
1442 1892 1539 1933 vino
1561 1891 1769 1932 Rhenano
1789 1892 1835 1932 in

176 1959 318 1998 ejusdem
380 1959 532 2012 frigido
553 1959 706 2009 infusa,
728 1973 863 2012 usque
885 1959 987 1999 dum
1008 1960 1156 1999 vinum
1187 1960 1288 1999 satis
1318 1959 1661 2012 impraegnatum
1690 1958 1834 2009 fuerit,

175 2002 345 2032 secundus.
381 2040 462 2079 quo
483 2026 594 2067 facto
615 2027 752 2080 liquor
773 2027 935 2067 colatus
957 2041 1055 2068 cum
1077 2027 1262 2068 sacchari
1284 2028 1522 2081 quantitate
1544 2027 1769 2067 sufficienti
1788 2027 1834 2067 in

381 2095 524 2147 syrupi
547 2094 865 2135 consistentiam
887 2095 1183 2149 excoquendus
1205 2100 1284 2136 est.

177 2163 269 2236 {thin
286 2165 360 2195 cha-
445 2163 552 2217 [98]
591 2164 684 2205 Nec
715 2164 821 2204 mihi
854 2165 1026 2205 solenne
1068 2170 1144 2216 est,
1179 2170 1272 2206 toto
1310 2165 1383 2206 illo
1422 2166 1557 2219 spatio
1594 2179 1676 2219 quo
1709 2179 1836 2218 aegra

177 2212 332 2288 a³qu¹grffiu
381 2231 631 2285 chalybeata
655 2232 798 2282 sumit,
831 2232 1112 2273 catharticum
1145 2232 1315 2286 aliquod
1348 2233 1468 2273 statis
1500 2233 1731 2273 intervallis
1765 2247 1833 2273 ex-

177 2292 362 2365 ffijffgssssllic‘a-
380 2299 525 2339 hibere
539 2316 550 2349 3
573 2313 683 2348 cum,
701 2304 790 2339 tam
811 2299 857 2339 in
874 2313 1028 2352 genere
1047 2300 1274 2354 Hysterico
1291 2314 1417 2353 quam
1436 2299 1833 2354 Hypochondriaco,

179 2377 313 2424 marnoa
382 2367 569 2419 chalybis
589 2367 697 2407 vires
719 2381 743 2407 a
764 2367 994 2408 cathartico
1015 2368 1212 2408 intercidi
1243 2373 1370 2421 atque
1390 2367 1569 2421 infringi
1595 2368 1701 2408 mihi
1720 2367 1833 2408 vide-

177 2420 342 2492 {ssfft'ffi-O‘
382 2441 521 2475 antur.
584 2434 767 2476 Quando
796 2435 911 2475 enim
940 2435 985 2475 id
1011 2435 1115 2475 mihi
1142 2435 1396 2488 palmarium
1426 2435 1493 2486 sit,
1515 2440 1565 2476 ut
1596 2435 1768 2489 spiritus
1788 2435 1833 2475 in

178 2508 237 2532 tur.
382 2503 573 2543 ordinem
594 2502 796 2556 redigam,
820 2507 946 2556 atque
968 2517 1114 2543 eorum
1135 2507 1320 2557 systema
1339 2503 1627 2557 redintegrem
1648 2503 1834 2543 firmem-

382 2585 474 2623 que,
497 2570 610 2623 quod
629 2575 721 2610 toto
741 2571 809 2610 vix
829 2570 998 2611 octiduo
1024 2571 1319 2611 resarcis-eram
1347 2571 1534 2626 chalybis
1556 2585 1646 2625 ope,
1669 2571 1834 2611 cathar-

380 2644 462 2683 tico
483 2644 547 2684 vel
568 2643 782 2684 lenissimo
813 2643 1000 2684 exhibito
1034 2644 1101 2684 die
1131 2644 1259 2684 unica
1278 2658 1424 2684 rursus
1446 2644 1650 2684 demolior
1663 2660 1674 2693 3
1707 2648 1835 2696 atque

380 2711 439 2750 ita
475 2711 615 2750 diruta
650 2711 897 2760 extruendo,
940 2716 1067 2765 atque
1107 2726 1132 2752 a
1170 2725 1239 2752 me
1272 2716 1465 2752 extructa
1501 2711 1756 2761 subruendo,
1791 2715 1834 2751 et

382 2792 526 2830 aegros
548 2784 589 2818 et
611 2793 781 2831 operam
802 2779 915 2829 ludo,
938 2793 1071 2819 vanus
1093 2784 1135 2820 et
1155 2779 1302 2820 infelix
1323 2779 1492 2820 ardelio.
1555 2779 1641 2820 Qui
1662 2778 1832 2832 quidem

383 2860 471 2885 mos
497 2860 592 2885 cum
623 2846 751 2886 etiam
779 2846 824 2886 in
854 2861 934 2886 usu
963 2861 1168 2900 aquarum
1198 2847 1467 2888 mineralium
1499 2846 1701 2896 obtineat,
1726 2860 1834 2899 quae

554 2934 565 2951 Γ
591 2929 638 2958 (Is.
659 2929 749 2958 Alex.
767 2929 864 2959 Trall.
882 2931 927 2959 De
945 2931 1055 2960 Medic.
1073 2931 1113 2960 ix.
1132 2932 1159 2961 4.
1178 2941 1206 2970 p.
1226 2932 1296 2961 534.
1315 2931 1361 2960 ed.
1381 2930 1503 2965 Guint„
1521 2935 1549 2960 et
1567 2929 1650 2959 alibi.
