1985 3308
397 164 453 204 82
800 160 1059 201 THOMAE
1094 157 1435 200 SYDENHAM

217 284 355 314 Faunus
399 268 697 322 subsequente.
759 267 815 308 In
846 280 1012 307 summa
1040 264 1156 318 aegri
1187 264 1404 305 debilitate
1427 277 1452 303 a
1479 261 1592 302 dicta
1621 260 1862 314 paroxysmi

195 326 378 399 ἐζζξὲἰζ(
399 336 735 390 ingeminatione
757 335 1034 376 electuarium
1055 333 1167 387 quod
1183 334 1273 387 jam
1294 331 1485 385 sequitur
1504 328 1745 384 praescribo
1760 344 1829 368 :—

216 411 349 440 ’61‘’64‘
401 427 534 472 [Form.
556 426 626 470 14.]
640 431 651 443 *⁷
686 423 728 473 R
755 425 952 459 conservae
965 424 1089 457 florum
1108 422 1323 466 Borraginis,

753 483 966 528 [Conservae
984 479 1123 522 florum]
1147 479 1319 524 Buglossi,
1337 489 1405 512 ana
1422 477 1565 511 unciam
1583 487 1702 516 unam,

752 540 949 573 Conseri-ae
967 538 1102 571 Authos
1118 537 1347 577 semunciam,

754 597 903 630 Corticis
920 596 1023 629 Citrii
1041 594 1185 635 conditi,

754 653 865 687 Nucis
884 652 1090 686 Moschatac
1107 651 1280 691 conditae,

755 711 945 744 Theriacae
963 708 1211 748 Andromachi,
1228 719 1296 741 ana
1314 707 1499 741 drachmas
1517 712 1596 748 tres,

751 767 991 801 Confectionis
1008 766 1187 799 Alkermes
1203 764 1386 797 drachmas
1404 764 1489 796 duas
1503 777 1510 803 ;

589 827 722 865 Misce3
748 825 809 858 fiat
835 825 962 868 opiam,
991 822 1034 855 de
1063 833 1134 866 qua
1159 821 1274 865 capiat
1303 820 1349 854 ad
1379 819 1658 864 magnitudinem
1688 819 1867 853 avellanae

586 894 691 917 mane
709 888 743 915 et
759 881 905 925 vesperi,
924 878 1178 924 superbibendo
1196 877 1390 911 cochlearia
1407 888 1469 910 sex
1486 878 1662 922 sequentis
1673 877 1851 922 julepizs-

404 974 535 1018 [Farm.
558 973 628 1016 15.]
681 970 721 1015 R
749 972 872 1015 Aquae
891 969 1084 1009 Ulmariae,

754 1027 916 1072 [Aquae]
936 1025 1151 1059 Theriacalis
1169 1024 1382 1065 Stillatitiae,
1400 1036 1468 1058 ana
1486 1024 1607 1058 uncias
1627 1030 1707 1064 treS,

755 1086 881 1130 Syrupi
900 1083 1211 1129 Caryophyllorum
1229 1083 1372 1116 unciam
1389 1093 1497 1116 unam
1512 1095 1520 1122 3

596 1143 709 1177 Misce
725 1157 732 1175 :

403 1218 469 1259 vel
508 1218 635 1271 hujus
675 1217 768 1257 loco
819 1229 970 1269 aquam
1012 1214 1197 1267 aliquam
1242 1213 1535 1268 Epidemicam
1575 1210 1869 1266 simpliciorem

406 1286 604 1328 saccharo
652 1285 917 1325 dulcoratam
957 1282 1149 1332 exhibeo,
1191 1282 1421 1323 interdicto
1472 1285 1718 1322 enematum
1759 1294 1868 1330 usu;

406 1368 532 1408 aegro
549 1354 717 1408 juscula
737 1367 760 1394 e
780 1352 995 1406 pullorum
1016 1350 1228 1401 carnibus,
1252 1364 1471 1400 avenacea,
1494 1356 1574 1390 etc.
1597 1348 1796 1390 concedo.

204 1431 390 1480 CorfexPe-
472 1422 578 1476 [33]
619 1422 938 1463 Qum-tanarum
979 1419 1092 1472 quod
1133 1419 1288 1459 attinet
1324 1418 1601 1468 curationem,
1642 1420 1766 1457 nemo
1807 1419 1871 1456 est

204 1484 357 1546 ἱᾛζῇῗζξ
411 1490 604 1543 (opinor,)
644 1489 691 1529 in
725 1488 805 1529 hac
840 1489 948 1528 Arte
982 1487 1049 1528 vel
1081 1486 1347 1527 mediocriter
1378 1490 1568 1526 versatus
1602 1484 1675 1538 qui
1708 1483 1871 1524 neseiat

206 1560 332 1598 saepius
409 1572 536 1610 quam
570 1571 722 1610 parum
751 1555 860 1597 votis
895 1554 1181 1608 respondeant
1213 1553 1406 1594 methodi
1440 1553 1546 1592 istae
1583 1565 1730 1592 omnes
1761 1564 1870 1605 quae

207 1602 391 1683 ,Ωῃῗέζέῗζῖῗε
408 1626 508 1666 huic
537 1625 798 1665 Medicorum
830 1623 1045 1676 opprobrio
1075 1622 1255 1663 eluendo
1290 1622 1498 1662 hactenus
1525 1620 1808 1670 destinantur,
1838 1618 1874 1659 si

206 1697 392 1759 “llfflffijtflm
410 1693 606 1734 corticem
628 1692 915 1733 Peruvianum
938 1690 1194 1744 excipiamus
1201 1707 1212 1740 3
1240 1690 1311 1742 qui
1327 1695 1471 1730 tamen
1491 1688 1684 1728 inducias
1706 1686 1873 1740 saepius

410 1761 609 1814 impetrat
629 1760 792 1810 morbo,
817 1773 944 1813 quam
972 1758 1156 1799 eundem
1193 1757 1404 1806 debellat,
1442 1770 1538 1797 cum
1574 1760 1799 1809 postquam
1820 1753 1875 1794 ad

415 1829 675 1882 septimanas
699 1828 804 1868 duas
825 1828 890 1868 vel
910 1832 997 1867 tres
1029 1825 1258 1876 delituerit,
1280 1839 1438 1878 magno
1459 1838 1555 1865 cum
1578 1823 1693 1877 aegri
1714 1823 1875 1864 emolu-

207 1880 386 1954 ffliiiing'egri
412 1902 571 1947 mento,
597 1896 670 1950 qui
699 1896 752 1936 ab
780 1895 853 1936 illo
878 1895 988 1935 male
1009 1894 1216 1934 multatus
1244 1893 1465 1947 paululum
1486 1891 1659 1932 interim
1680 1891 1873 1944 respirat,

210 1956 332 1986 ‘³¹¹¹⁰¹¹¹·
413 1978 510 2005 mox
532 1965 584 2005 de
606 1978 714 2004 novo
735 1963 1048 2012 recrudescens,
1064 1961 1181 2002 haud
1202 1961 1374 2014 segnius
1397 1974 1523 2013 quam
1544 1959 1661 2013 prius
1680 1958 1874 2007 lacessit;

210 2005 318 2028 mento
335 2010 388 2030 ex—

211 2040 347 2088 hibetur,
414 2037 541 2085 atque
575 2037 623 2072 ut
662 2031 908 2085 plurimum,
944 2029 1278 2084 quotiescunque
1314 2028 1486 2069 demum
1515 2031 1735 2080 repetatur
1768 2024 1876 2066 illud

211 2084 395 2156 ffizpjgilu-
414 2101 786 2150 medicamentum,
808 2113 897 2140 non
923 2098 1007 2139 nisi
1037 2098 1166 2150 longo
1193 2096 1392 2150 temporis
1420 2099 1561 2135 tractu
1592 2098 1874 2148 expugnatur.

214 2169 359 2216 ejn⁵,11>u
415 2167 613 2208 Referam
654 2172 801 2208 tamen
842 2165 1042 2220 quicquid
1083 2165 1135 2206 de
1175 2164 1377 2205 methodo
1414 2162 1605 2216 ejusdem
1645 2159 1876 2202 exhibendi

211 2218 343 2284 ζῖἷζέῐ
360 2222 378 2242 a
413 2235 548 2276 habeo
570 2239 844 2289 compertum.

214 2305 386 2356 Methodus
479 2303 587 2357 [34]
624 2302 872 2344 Curandum
894 2306 992 2342 estW
1014 2305 1113 2341 ante
1135 2300 1278 2341 omnia
1297 2314 1351 2339 ne
1370 2302 1638 2352 praemature
1658 2296 1786 2337 nimis
1807 2296 1877 2337 hic

213 2349 382 2423 ἶξξίῑῗῗὲὼ
415 2377 557 2414 cortex
590 2372 824 2425 ingeratur,
857 2376 959 2411 ante
992 2370 1150 2411 scilicet
1182 2384 1310 2423 quam
1340 2368 1513 2409 morbus
1544 2381 1619 2408 suo
1651 2380 1695 2407 se
1731 2365 1878 2406 Marte

416 2440 721 2494 aliquantisper
750 2439 1006 2493 protriverit,
1042 2437 1140 2489 (nisi
1170 2437 1499 2478 collabescentes
1530 2440 1572 2476 et
1598 2436 1688 2489 jam
1717 2434 1877 2475 fractae

416 2507 668 2559 aegrin‘res
709 2506 892 2547 eundem
921 2505 1155 2559 temporius
1187 2504 1440 2545 sumendum
1471 2517 1560 2544 esse
1591 2501 1875 2554 dictaverint,)

417 2588 555 2628 neque
586 2575 700 2615 enim
730 2574 836 2614 illud
867 2573 1002 2614 solum
1034 2577 1098 2613 est
1132 2572 1421 2622 metuendum,
1453 2585 1508 2612 ne
1539 2585 1564 2611 a
1597 2583 1879 2624 praepropero

420 2642 508 2695 ejus
530 2657 609 2682 usu
629 2642 820 2682 inefficax
843 2641 922 2681 iste
944 2641 1147 2681 reddatur
1168 2645 1210 2681 et
1232 2654 1349 2694 spem
1371 2640 1483 2692 aegri
1504 2639 1636 2693 fallat,
1651 2638 1724 2678 sed
1749 2636 1879 2678 etiam

420 2723 475 2749 ne
515 2709 566 2749 de
603 2710 718 2762 aegri
751 2709 839 2750 vita
874 2714 1037 2762 agatur,
1076 2708 1111 2749 si
1151 2708 1350 2761 sanguini
1390 2707 1507 2748 omni
1539 2704 1879 2748 fermentationis

421 2776 517 2815 nisu
558 2790 601 2816 se
643 2777 912 2830 despumanti
953 2791 1047 2817 eam
1088 2777 1317 2829 derepente
1365 2775 1605 2829 injiciamus
1653 2786 1878 2814 remoram.

422 2842 620 2882 Proximo
648 2843 753 2893 loco,
784 2858 923 2897 neque
957 2843 1154 2893 catharsi,
1185 2843 1323 2883 multo
1353 2842 1495 2882 minus
1525 2839 1888 2888 venae-sectione,

464 2931 476 2944 v
502 2927 549 2956 Cf.
569 2927 657 2956 form.
679 2928 748 2957 154.
980 2933 999 2946 w
1025 2930 1197 2959 Curandum
1214 2933 1257 2959 est
1275 2926 1345 2967 tssmc]
1364 2927 1414 2957 Cf.
1432 2928 1531 2966 Epist.
1548 2927 1689 2964 Respons.
1708 2926 1733 2954 I.
1752 2925 1766 2963 ξ
1784 2924 1834 2954 38.
