1985 3308
231 140 753 182 OBSERVATIONUM
786 140 1162 181 MEDICARUM
1194 143 1256 176 IV.
1281 149 1314 185 5,
1341 150 1372 179 6.
1448 145 1528 186 189

74 251 405 300 symptomatum
426 247 747 298 vehementiam,
765 253 856 287 tum
878 261 1098 300 aegrorum
1119 261 1357 298 numerum,
1373 249 1527 289 sensim
1547 258 1731 290 Vnumne

73 313 447 356 imminuebantur.
1549 302 1732 375 Ᾰᾚξέζΐυζι

138 381 218 437 [2.]
255 383 339 424 Sed
378 389 426 424 ut
461 383 728 437 particularia
763 390 906 424 earum
940 383 1235 436 phaenomena
1273 384 1528 425 referamus:
1575 387 1708 418 ’ΤΟ-’72-

73 448 188 490 haud
208 465 358 504 parum
378 459 544 506 praeter
567 453 807 506 opinionem
828 452 933 492 mihi
957 452 1141 506 primum
1162 453 1431 506 comparebat
1451 453 1532 494 hoc

74 520 341 561 Variolarum
363 535 508 574 genus,
531 535 627 562 cum
649 521 1027 562 animadverterem
1054 521 1167 562 istud
1193 535 1320 574 quam
1340 521 1533 575 plurimis

72 588 375 642 Phaenomenis
410 589 712 643 insignioribus
753 589 804 630 ab
841 603 891 630 eo
926 589 1093 630 differre
1130 588 1241 642 quod
1280 589 1532 643 produxerat

72 657 317 698 constitutio
346 658 613 712 praecedens,
636 663 678 698 et
706 658 751 698 in
776 657 927 711 quibus
958 658 1227 698 observandis
1263 672 1331 698 me
1363 672 1532 711 operam

73 725 172 767 satis
208 726 396 767 sedulam
433 727 531 767 olim
568 727 791 767 collocasse
825 726 961 767 rebar.
1025 726 1144 767 Haec
1183 731 1353 767 tantum
1386 741 1531 767 earum

72 795 377 849 phaenomena,
414 796 466 836 ab
507 795 680 836 alterius
722 795 887 849 generis
928 795 1231 848 phaenomenis
1272 795 1531 847 dissidentia,

72 863 464 917 impraesentiarum
483 864 687 914 tractabo,
710 863 1014 917 praetermissis
1035 863 1084 903 iis
1106 877 1210 916 quae
1233 877 1330 904 cum
1351 864 1532 905 Variolis

71 932 131 972 ita
151 932 309 985 prolixe
331 946 457 986 supra
477 932 696 986 descriptis
716 932 932 972 habebant
954 931 1207 972 communia.

136 1000 216 1054 [3.]
253 1000 494 1041 Discretum
511 1000 776 1041 Variolarum
793 1014 926 1053 genus
947 999 1011 1039 bis
1028 1004 1197 1040 tantum
1219 1014 1244 1039 a
1265 1013 1418 1053 genere
1436 1000 1531 1040 Dis·
1550 1015 1698 1046 Variolae

72 1074 186 1109 creto
207 1069 422 1109 communi
439 1068 610 1109 alterius
627 1068 941 1108 constitutionis
959 1067 1354 1108 disterminabatur:
1380 1067 1529 1121 primo,
1549 1058 1729 1131 ssffiffissffig

73 1137 184 1190 quod
219 1151 314 1177 cum
344 1137 389 1177 in
424 1137 486 1187 iis,
521 1136 681 1190 quoties
716 1141 837 1176 erant
869 1135 1182 1185 Interstinctae,
1217 1136 1381 1189 eruptio
1417 1136 1529 1176 diem
1549 1144 1736 1192 qqibusdis-

72 1210 267 1257 quartum
297 1208 559 1257 praevertere
590 1218 677 1244 non
708 1203 871 1253 soleret,
899 1203 966 1243 hic
996 1202 1041 1242 in
1073 1202 1248 1243 tertium
1279 1203 1528 1257 plerumque
1547 1196 1698 1259 {3¹32

69 1273 281 1314 incidebat
294 1291 305 1324 3
339 1273 451 1327 quod
472 1273 792 1314 Confluentibus
817 1273 988 1313 solenne
1011 1272 1181 1326 quidem
1211 1278 1287 1313 est.
1350 1273 1527 1324 Deinde,
1547 1281 1660 1330 genere
1681 1272 1736 1301 Di-

69 1356 156 1382 non
173 1341 226 1384 ad
243 1355 336 1382 eam
352 1341 704 1394 magnitudinem,
720 1340 974 1394 procedente
989 1340 1151 1390 morbo,
1168 1339 1236 1380 hic
1253 1341 1529 1394 assurgebant
1547 1319 1669 1396 {2¹15ss
1680 1325 1728 1344 re-

68 1410 264 1463 pustulae
291 1414 416 1463 atque
436 1410 482 1449 in
513 1410 594 1450 alio
625 1423 778 1463 genere
792 1425 802 1459 3
834 1409 968 1462 magis
997 1413 1141 1449 autem
1173 1409 1530 1462 exasperabantur

68 1477 114 1517 in
142 1477 296 1518 minori
316 1477 439 1527 mole,
462 1482 505 1518 et
536 1477 613 1518 sub
636 1477 784 1518 diebus
814 1477 988 1527 ultimis,
1010 1477 1084 1517 ubi
1109 1477 1199 1530 jam
1220 1482 1526 1526 maturuerant,

68 1545 214 1599 nigrae
234 1545 495 1599 frequentius
516 1545 772 1586 visebantur.
819 1545 935 1586 Illud
955 1545 1083 1585 etiam
1104 1545 1271 1595 addam,
1290 1545 1401 1598 quod
1420 1559 1526 1586 non·
1546 1556 1585 1586 ad
1603 1557 1688 1588 Con-

67 1627 288 1667 nunquam
323 1614 435 1667 (lieet
469 1614 632 1666 ra1·ius,)
668 1628 842 1667 aegrum
878 1613 1007 1654 etiam
1037 1612 1298 1666 paucissimis
1329 1617 1527 1653 notatum
1545 1599 1715 1631 fluentium

1545 1647 1599 1671 nat

67 1682 246 1735 pustulis
267 1682 530 1736 ptyalismus,
552 1682 667 1722 haud
693 1695 810 1722 secus
839 1686 963 1735 atque
987 1680 1032 1721 in
1054 1681 1390 1731 Confluentibus,
1412 1695 1527 1721 exer·
1546 1653 1708 1733 111εὲΥέῗέ-

68 1754 194 1790 ceret.
254 1751 319 1790 Ex
350 1751 500 1804 quibus
533 1750 754 1791 conficitur
776 1750 1010 1792 Distinctas
1040 1750 1167 1804 hujus
1200 1749 1529 1790 Constitutionis
1547 1738 1732 1807 Ξὲῖἶξξςῇζ

68 1818 259 1859 Variolas
290 1819 344 1859 ad
375 1818 692 1859 Confluentium
722 1824 919 1859 naturam
953 1818 1123 1872 propius
1155 1818 1363 1869 accedere,
1401 1822 1528 1871 atque
1546 1813 1732 1888 ἓζζξῐὲῗῑᾶ-

66 1885 410 1927 inflammationis
430 1887 565 1940 magis
595 1887 786 1928 intensae
814 1901 903 1928 esse
933 1886 1168 1940 participes,
1191 1901 1318 1940 quam
1345 1900 1450 1940 quae
1481 1886 1526 1926 in
1544 1899 1587 1947 ris
1603 1868 1701 1939 parts]-

69 1954 282 1995 Distincto
304 1969 456 2007 genere
476 1970 558 1995 usu
578 1955 719 1996 venire
741 1955 859 1996 solet.
1545 1951 1640 1982 c1pes.

128 2022 206 2076 [4.]
245 2023 518 2063 Confluentes
550 2037 647 2063 vcro
687 2023 738 2063 ab
775 2023 865 2062 aliis
901 2037 1004 2076 quas
1036 2037 1110 2076 per
1145 2022 1245 2063 alios
1279 2037 1412 2063 annos
1447 2036 1525 2075 ego
1546 2028 1716 2060 Confluen-

68 2089 382 2130 observaveram
411 2090 745 2140 Confluentibus,
766 2090 811 2130 in
842 2090 999 2140 multis,
1032 2104 1138 2143 quae
1164 2091 1254 2144 jam
1284 2090 1524 2140 recensebo,
1543 2072 1731 2154 ἷξζὲέξζῖζ

67 2157 372 2211 discrepabant.
433 2159 564 2199 Nunc
604 2158 799 2208 secundo,
832 2172 946 2198 nunc
980 2158 1118 2208 tertio,
1152 2157 1218 2197 die
1259 2171 1302 2197 se
1341 2157 1525 2210 primum
1544 2156 1728 2230 ssfflssffi,

67 2226 374 2276 monstrabant,
397 2226 531 2279 specie
551 2226 729 2266 tumoris
751 2226 946 2267 subrubri
967 2232 1091 2279 atque
1112 2225 1344 2274 uniformis,
1359 2225 1524 2265 vultum
1543 2241 1718 2273 fluentibus

67 2307 237 2334 omnem
268 2294 545 2347 eontegentis,
573 2294 819 2348 erysipelate
851 2293 1021 2347 quidem
1052 2293 1267 2343 densioris,
1290 2293 1408 2333 nullo
1438 2292 1524 2333 fere
1542 2285 1695 2356 {efflari-

65 2362 216 2403 visibih'
254 2363 515 2416 pustularum
559 2362 797 2403 discrimine
810 2379 821 2412 3
863 2362 1073 2415 reliquum
1118 2375 1269 2414 corpus
1308 2360 1525 2414 congeries

67 2431 272 2485 quaedam
301 2432 392 2482 (ceu
421 2430 552 2484 panni
581 2430 780 2483 latiores,)
809 2444 859 2470 ex
889 2429 1065 2470 infinitis
1095 2429 1398 2482 propemodum
1425 2443 1523 2482 pus-

65 2499 163 2539 tulis
184 2499 321 2540 rubris
343 2498 525 2539 efferatis
544 2499 590 2538 in
611 2513 739 2539 unam
760 2499 966 2539 conflatae
982 2498 1267 2551 variegabant,
1289 2497 1401 2537 inter
1422 2512 1522 2551 quas

66 2581 242 2621 sparsae,
263 2567 309 2607 in
328 2568 558 2608 femoribus
581 2568 816 2621 praecipue,
837 2568 1043 2608 vesiculae
1071 2567 1277 2620 quaedam
1302 2566 1402 2606 satis
1423 2580 1521 2606 con-

66 2635 243 2689 spicuae,
285 2635 579 2676 ambustorum
625 2636 678 2676 ad
717 2636 862 2686 instar,
906 2649 997 2676 sero
1036 2634 1271 2687 limpidiore
1311 2634 1521 2674 distentae

65 2703 309 2744 eminebant
322 2720 333 2753 ;
366 2703 478 2757 quod
509 2703 677 2757 quidem
709 2704 898 2757 disrupta
925 2703 1104 2744 subinde
1134 2701 1328 2755 pellicula
1357 2701 1521 2755 copiose

65 2771 271 2822 effluebat,
298 2771 485 2825 subjecta
508 2785 632 2812 carne
660 2772 880 2825 nigredine
911 2777 953 2812 et
985 2770 1178 2824 sphacelo
1209 2769 1327 2823 quasi
1357 2770 1519 2810 affecta.

67 2839 216 2880 Rarius
238 2846 377 2880 autem
398 2840 642 2880 occurrebat
664 2840 743 2880 hoc
759 2846 844 2881 tam
870 2840 1006 2880 dirum
1026 2844 1276 2893 symptoma,
1294 2837 1421 2891 idque
1437 2837 1519 2891 pri-

65 2921 133 2948 mo
154 2914 321 2949 tantum
344 2922 488 2949 mense
511 2923 592 2961 quo
614 2908 716 2949 haec
744 2909 899 2962 specics
922 2908 1123 2960 regnabat
1143 2924 1149 2947 ;
1195 2907 1273 2960 [5.]
1303 2920 1384 2959 quo
1411 2910 1518 2946 tem-
