1985 3308
418 188 495 229 OB
502 185 918 228 SERVATIONES
951 185 1242 226 MEDICAE.
1508 188 1527 226 1
1537 189 1558 226 1

102 295 305 348 cujusque
326 294 479 347 speciei
505 294 638 346 signa,
662 297 702 333 et
727 293 989 333 characteres
1012 290 1164 345 quibus
1193 291 1245 332 ab
1267 291 1448 332 invicem
1477 291 1559 331 dis-
1609 304 1734 334 Puer.

102 362 395 412 criminantur,
418 360 732 414 contempserit.
793 360 955 400 Eodem
976 360 1102 413 plane
1121 359 1248 399 modo
1269 372 1348 399 nec
1374 359 1475 399 satis
1497 364 1560 400 est
1581 346 1642 375 En.
1656 347 1682 376 T
1687 354 1762 377 mm

102 430 294 483 scriptori
315 442 561 470 communes
583 429 791 468 duntaxat
812 427 949 468 morbi
971 427 1148 480 alicujus
1169 425 1413 470 πολυειδοῦς
1434 441 1558 480 appa-

100 497 260 538 rentias
285 502 525 538 annotasse.
586 497 691 536 Esto
719 509 819 536 sane
852 509 941 535 non
966 494 1163 535 omnibus
1188 494 1347 534 morbis
1381 494 1561 535 eandem

101 564 349 617 contingere
379 565 654 613 varietatem3
685 568 830 603 tamen
863 562 1099 615 complures
1131 575 1234 611 esse,
1260 561 1345 614 qui,
1375 561 1474 602 licet
1507 562 1561 602 ab

102 631 351 672 authoribus
372 631 450 671 sub
473 630 621 671 eodem
641 630 768 671 titulo
789 629 896 670 citra
915 629 1047 669 ullam
1069 628 1221 682 speciei
1243 628 1563 669 distinctionem

100 704 353 749 tractentur,
383 699 664 739 dissimillima
699 698 785 738 sint
810 697 966 747 indole,
1002 697 1049 736 in
1080 696 1355 749 sequentibus
1385 696 1562 750 pagellis

105 767 186 820 (uti
213 767 362 820 spero,)
391 767 531 819 palam
559 767 645 806 fiet.
714 766 793 819 [8.]
833 765 927 806 Imo
965 764 1095 805 etiam
1130 763 1205 804 ubi
1234 763 1480 804 distributio
1515 764 1563 804 in

101 834 258 887 species
288 834 510 887 reperitur,
540 833 585 873 id
608 833 657 873 fit
686 833 935 886 plerumque
959 835 1010 872 ut
1038 831 1265 884 hypothesi
1294 831 1421 872 alicui
1455 845 1562 884 quae

100 901 209 941 veris
241 900 546 955 phaenomenis
588 900 863 950 substruitur,
898 913 998 939 suus
1037 902 1276 939 reservetur
1307 898 1442 939 honos
1457 915 1469 948 ς
1513 912 1562 939 ac

101 968 278 1021 proinde
309 968 517 1022 ejusmodi
548 967 853 1009 discriminatio
877 981 966 1007 non
987 971 1076 1007 tam
1106 966 1160 1006 ad
1184 965 1334 1016 morbi,
1359 980 1487 1019 quam
1509 966 1563 1006 ad

101 1035 291 1076 authoris
311 1036 548 1089 ingenium,
565 1034 974 1089 philosophandique
995 1034 1218 1083 theoriam,
1244 1033 1564 1074 accommodata

101 1109 179 1145 est.
242 1104 467 1146 Quantum
498 1105 740 1145 Medicinae
771 1104 955 1144 obfuerit
985 1101 1203 1157 ἀκριβείας
1242 1102 1321 1143 hac
1356 1103 1403 1142 in
1442 1107 1563 1156 parte

103 1171 305 1222 defectus,
335 1172 569 1212 ostendunt
596 1172 832 1212 multorum
861 1170 1108 1211 morborum
1134 1170 1348 1223 exempla3
1382 1184 1563 1223 quorum

100 1253 254 1293 nempe
275 1240 515 1280 curationes
528 1239 654 1280 hodie
674 1253 763 1279 non
785 1238 1132 1287 desideraremus,
1149 1237 1183 1277 si
1206 1238 1442 1291 scriptores,
1459 1237 1563 1278 dum

101 1307 391 1361 experimenta
411 1312 454 1348 et
475 1307 788 1348 observationes
808 1306 994 1346 medicas
1021 1305 1225 1346 benevolo
1249 1306 1400 1345 saltem
1421 1305 1563 1346 animo

100 1374 469 1425 communicarint,
492 1375 620 1415 unius
643 1375 800 1415 scilicet
823 1374 976 1428 speciei
996 1373 1183 1423 morbus,
1207 1387 1282 1426 pro
1307 1373 1388 1413 alio
1411 1373 1563 1426 speciei

102 1441 288 1483 diversae
338 1442 609 1493 substitutus,
650 1456 740 1483 non
788 1442 1019 1483 fefellisset.
1099 1441 1243 1494 Atque
1292 1440 1394 1480 hinc
1434 1440 1564 1480 etiam

101 1510 283 1551 arbitror
303 1511 541 1564 profectum
572 1525 675 1561 esse,
698 1510 812 1564 quod
832 1510 1013 1550 materia
1033 1509 1199 1550 medica
1219 1509 1265 1549 in
1293 1508 1454 1562 sylvam
1475 1512 1564 1549 tam

101 1577 369 1629 immensam,
392 1578 466 1619 sed
487 1579 630 1619 fructu
650 1579 892 1632 perexiguo,
916 1577 1158 1619 excreverit.

166 1646 245 1700 [9.]
284 1646 415 1687 Porro
433 1651 576 1687 autem
597 1647 643 1686 in
662 1646 884 1687 scribenda
900 1645 1146 1686 morborum
1165 1644 1370 1695 Historia,
1389 1657 1564 1698 sepona-

101 1717 173 1754 tur
185 1714 393 1767 tantisper
409 1718 574 1767 oportet
589 1727 865 1767 quaecunque
878 1713 1125 1767 hypothesis
1138 1711 1440 1766 philosophica,
1456 1726 1564 1765 quae

103 1781 317 1835 scriptoris
343 1782 555 1836 judicium
585 1781 979 1836 praeoccupaverit3
1012 1795 1096 1835 quo
1126 1781 1238 1822 facto
1267 1785 1363 1821 tum
1389 1780 1564 1821 demum

101 1848 348 1890 morborum
360 1849 656 1902 phaenomena
669 1849 782 1890 clara
795 1863 842 1889 ac
855 1849 1080 1898 naturalia,
1097 1847 1368 1901 quantumvis
1382 1847 1563 1898 minuta,

101 1929 176 1969 per
197 1929 240 1956 se
262 1917 576 1957 accuratissime
598 1917 859 1957 adnotentur
871 1933 883 1967 3
916 1916 1170 1970 exquisitam
1186 1915 1397 1969 pictorum
1417 1915 1564 1955 indus-

100 1982 230 2022 triam
270 1982 491 2033 imitando,
521 1983 593 2036 qui
633 1984 698 2024 vel
739 1997 893 2023 naevos
934 1987 977 2023 et
1017 1982 1249 2023 levissimas
1289 1981 1478 2022 maculas
1517 1981 1564 2021 in

102 2050 288 2103 imagine
310 2051 567 2103 exprimunt.
619 2051 847 2091 Enimvero
870 2050 953 2091 dici
974 2051 1041 2091 vix
1062 2054 1202 2104 potest
1223 2054 1328 2104 quot
1352 2049 1564 2090 erroribus

103 2130 251 2156 ansam
272 2117 545 2170 praebuerint
566 2117 821 2171 hypotheses
842 2118 948 2158 istae
970 2117 1294 2171 physiologicae,
1310 2116 1414 2155 dum
1436 2116 1564 2168 scrip-

101 2189 228 2232 tores,
252 2198 432 2237 quorum
454 2185 618 2225 animos
643 2185 748 2225 falso
771 2185 908 2225 colore
938 2185 1035 2224 illae
1055 2183 1302 2232 imbuerint,
1324 2182 1565 2223 istiusmodi

102 2251 398 2304 phaenomena
423 2252 581 2292 morbis
610 2253 797 2304 affigant,
822 2251 974 2304 qualia,
997 2251 1079 2291 nisi
1099 2251 1146 2290 in
1172 2251 1361 2304 ipsorum
1383 2250 1563 2300 cerebro,

102 2318 242 2359 locum
270 2333 495 2374 nunquam
520 2319 776 2370 habuerunt,
805 2319 1018 2359 debebant
1047 2323 1191 2359 autem
1216 2318 1261 2357 in
1290 2321 1564 2370 conspectum

103 2386 258 2436 venire,
274 2387 309 2427 si
335 2387 595 2441 hypothesis,
619 2402 747 2440 quam
776 2387 855 2440 ipsi
884 2401 960 2440 pro
981 2400 1179 2427 concessa
1200 2399 1248 2426 ac
1276 2389 1369 2425 rata
1388 2385 1563 2435 habent,

104 2459 317 2496 constaret
338 2456 505 2497 veritas.
566 2456 691 2496 Adde
720 2456 832 2509 quod
866 2455 1073 2509 siquando
1105 2459 1344 2506 symptoma
1379 2453 1562 2506 aliquod,

104 2522 214 2575 quod
249 2537 347 2563 cum
378 2524 492 2564 dicta
517 2523 743 2578 hypothesi
774 2524 963 2577 apposite
1005 2522 1195 2576 quadret,
1236 2535 1381 2562 revera
1415 2521 1563 2563 morbo

103 2594 316 2643 competat
356 2592 478 2645 cujus
517 2596 670 2645 typum
712 2591 965 2631 delineaturi
1006 2594 1119 2640 sunt,
1156 2594 1251 2630 tum
1290 2588 1396 2629 illud
1436 2603 1564 2643 supra

103 2657 279 2698 modum
295 2659 493 2710 evehunt,
509 2673 556 2700 ac
577 2660 701 2713 plane
721 2659 909 2700 reddunt
931 2659 976 2699 ἐκ
1000 2656 1186 2712 [μυίας]ὓ
1202 2655 1426 2712 ἐλέφαντα,
1443 2658 1562 2711 quasi

104 2723 150 2764 in
170 2725 250 2766 hoc
277 2726 435 2768 scilicet
460 2727 592 2768 totius
618 2727 779 2780 negotii
811 2727 936 2767 cardo
961 2729 1195 2767 verteretur
1208 2741 1219 2774 ;
1252 2725 1317 2765 sin
1338 2725 1563 2779 hypothesi

103 2791 246 2833 minus
276 2799 496 2847 congruat,
530 2799 603 2835 aut
634 2808 803 2848 prorsus
835 2793 1016 2843 silentio,
1050 2800 1123 2834 aut
1154 2793 1234 2833 levi
1266 2792 1416 2833 saltem
1455 2794 1562 2847 pede

51 2899 55 2904 .
104 2861 394 2902 transmittere
435 2867 758 2912 consueverunt,
799 2861 882 2902 nisi
921 2861 1029 2902 forte
1069 2860 1273 2902 beneficio
1314 2860 1562 2902 subtilitatis

121 2958 135 2978 δ
160 2959 282 3002 [μυίας]
301 2961 376 3000 μυὸς
392 2963 474 2994 male
493 2963 566 3004 Syd.
583 2975 588 2994 :
617 2975 643 2994 v.
664 2963 789 2994 Erasini
809 2966 908 3003 Adag.
929 2963 948 2993 i.
967 2964 995 2995 9.
1011 2964 1076 2998 69.;
1108 2962 1267 3000 Gaisford,
1287 2964 1420 2994 Paroem.
1439 2964 1546 2993 Grave.
