1985 3308
415 132 809 173 DISSERTATIO
841 132 1247 174 EPISTOLARIS.
1478 135 1558 174 351

104 242 230 279 tuum
256 239 459 293 requiem,
485 253 612 293 quam
634 238 818 280 crebrior
845 238 1050 280 exhibitio
1077 244 1308 293 paraverat,
1337 239 1448 280 tueri
1470 240 1559 293 jam
1580 249 1633 279 Dr,
1652 249 1763 279 me-

105 311 273 359 partam
294 307 483 347 valebat:
515 306 629 347 unde
651 307 780 347 etiam
802 306 1014 347 convaluit
1037 321 1174 360 aeger.
1579 293 1748 365 ⁰1¹5ng
1750 311 1763 316 ”

169 374 276 428 [35.]
317 376 400 416 Hic
420 376 596 416 minime
622 375 887 416 reticendum
915 380 991 426 est,
1021 375 1133 428 quod
1160 374 1206 414 111
1234 378 1561 428 quantacunque
1580 382 1764 423 bb'gffisa'j‘

104 441 277 482 demum
294 443 384 483 dosi
405 448 447 484 et
465 443 777 497 quantumlibet
798 443 979 496 repetita
999 443 1250 483 exhibeatur
1265 442 1412 495 primis
1434 442 1562 496 hujus
1581 436 1633 465 tio.

104 509 242 549 morbi
263 510 411 550 diebus
432 512 707 562 narcoticum,
730 511 856 552 modo
883 511 1103 565 sanguinis
1125 516 1266 552 aestus
1292 515 1419 564 atque
1441 524 1562 551 enor-

104 580 184 620 mis
201 580 428 634 spirituum
450 582 626 635 agitatio
646 597 903 637 magnopere
915 583 1134 633 ferociam,
1149 583 1217 623 vix
1239 596 1412 636 scopum
1434 582 1562 622 attin-

105 661 204 701 gere
238 649 393 701 poterit
428 650 484 699 id,
514 650 597 690 nisi
628 665 753 703 aeger
788 665 810 691 e
842 651 998 692 lectulo
1029 651 1262 701 eximat-ur3
1305 651 1418 691 calor
1449 650 1563 691 enim
1583 663 1678 695 Calor
1694 665 1768 696 lecti

103 715 204 757 lecti
236 716 418 757 calorem
446 718 585 758 morbi
613 718 791 759 ulterius
813 719 1001 772 augescit
1029 723 1156 772 atque
1183 718 1388 769 incendit,
1419 707 1765 781 proin-fi}¹c¹2¹l¹1}e¹‡:‡i

103 782 239 836 deque
269 783 355 823 vim
385 784 446 825 ita
475 799 676 837 magnam
707 786 911 827 narcotici
944 787 1141 828 exhibere
1171 801 1343 828 necesse
1380 786 1472 837 erit,
1496 787 1564 827 eui
1581 792 1683 823 vires:

103 851 270 892 fortean
291 852 461 893 Natura
480 853 616 906 impar
636 854 764 894 fuerit
780 871 788 895 :
821 854 933 907 quod
951 855 1079 896 etiam
1099 870 1182 895 usu
1197 855 1313 895 venit
1335 855 1429 907 (etsi
1449 854 1564 895 haud
1583 865 1667 913 quogl
1684 866 1743 895 eti-

102 924 226 961 tanto
245 920 356 961 vitae
385 921 656 974 discrimine,)
693 923 862 976 quaudo
883 928 1026 964 cortex
1058 923 1234 964 Indicus
1265 923 1490 964 exhibetur
1518 923 1563 963 in
1582 909 1757 980 ῑζᾜιζζῑίζ

102 986 220 1028 febre
250 987 576 1038 intermittente,
600 1003 725 1042 aegro
755 1004 830 1043 per
861 991 950 1044 ejus
980 1006 1107 1031 usum
1137 991 1184 1031 in
1214 991 1324 1032 lecto
1355 1006 1398 1032 se
1429 991 1563 1032 conti-
1582 993 1761 1053 tplrmittep-

101 1061 246 1098 nente.
309 1057 366 1097 Et
386 1057 466 1098 hoc
491 1058 552 1111 (ni
571 1058 721 1112 fallor‚)
747 1059 793 1098 in
821 1073 947 1100 causa
966 1059 1047 1100 fuit
1070 1059 1182 1113 quod
1203 1060 1366 1101 curatio
1387 1060 1564 1113 hujusce
1583 1036 1772 1118 ἓᾷζιῑῗᾱῗζς.

102 1124 232 1165 febris
247 1139 559 1179 nonnunquam
580 1127 788 1180 protelata
808 1127 949 1178 fuerit,
969 1141 1076 1180 quae
1097 1127 1200 1167 alias
1223 1127 1348 1167 citius
1370 1126 1565 1168 absoluta
1583 1121 1669 1152 cidit.

102 1198 213 1234 esset
226 1210 237 1243 ς
270 1199 312 1233 et
335 1194 601 1248 quandoque,
626 1195 754 1235 etiam
783 1195 817 1235 si
844 1195 973 1236 febris
998 1196 1222 1236 remittens
1249 1195 1562 1246 tantummodo,

102 1265 146 1301 et
167 1274 255 1301 non
268 1260 551 1312 interstincta,
570 1267 672 1312 erat,
691 1263 840 1304 eadem
855 1263 960 1304 adeo
981 1264 1300 1316 intendebatur,
1317 1269 1367 1305 ut
1383 1269 1565 1305 mortem

101 1330 238 1383 ipsam
259 1344 384 1383 aeger
404 1329 520 1369 haud
542 1329 753 1382 effugerit.

167 1398 274 1451 [36]
313 1397 458 1438 Missis
475 1402 619 1438 autem
640 1397 806 1438 casibus
828 1398 1185 1449 extraordinariis,
1203 1398 1248 1439 in
1271 1398 1424 1452 quibus
1445 1399 1565 1440 nullo
1585 1411 1615 1442 A
1629 1413 1673 1442 6⁰¹
1687 1413 1726 1443 ab

101 1479 190 1506 non
220 1464 358 1506 morbi
388 1470 579 1517 tempore
609 1464 788 1505 indicari
820 1470 960 1518 potest
991 1466 1071 1506 hoc
1101 1466 1351 1517 remedium,
1375 1481 1453 1519 ego
1484 1466 1567 1507 ista
1584 1455 1749 1486 5¹¹v³³i⁰¹¹³

1584 1503 1678 1528 nocte
1694 1500 1733 1528 ad

101 1533 287 1587 primum
307 1537 433 1573 nocte
464 1532 753 1573 exhibendum
776 1534 979 1574 suaserim
1003 1549 1085 1588 qua
1112 1535 1222 1575 lecto
1244 1535 1336 1588 jam
1356 1535 1403 1575 in
1423 1539 1564 1576 totum
1588 1541 1688 1572 17¹¹¹¹¹³¹
1705 1552 1762 1572 ex-

101 1601 324 1652 addicitm,
348 1605 489 1642 sextaX
521 1615 675 1655 nempe
706 1616 731 1641 a
760 1602 897 1655 prima
921 1602 1138 1643 invasione
1152 1620 1163 1653 3
1201 1617 1226 1643 a
1256 1617 1339 1656 quo
1367 1583 1760 1667 ¹tempore,3¹1¹JJJJ13‘}‘¹¹¹¹

101 1684 235 1724 usque
266 1669 320 1710 ad
351 1669 464 1710 diem
494 1669 706 1710 decimum
737 1670 968 1723 septimum
999 1670 1117 1710 omni
1137 1671 1299 1724 vesperi
1330 1675 1393 1711 est
1423 1671 1563 1725 propi·
1581 1679 1682 1699 ¹¹¹¹¹¹¹³

100 1738 306 1788 nandum,
342 1738 408 1779 vel
443 1738 593 1778 saltem
625 1737 760 1778 donee
794 1751 919 1790 aeger
955 1736 1033 1790 ἔξω
1067 1736 1210 1787 βέλων
1249 1738 1377 1792 (quod
1410 1738 1561 1793 aiunt,)

101 1806 230 1847 fuerit
265 1806 551 1847 constitutus:
595 1810 712 1846 sexto
744 1806 858 1846 enim
887 1806 954 1846 die
982 1820 1079 1847 caro
1107 1807 1301 1860 phlogosi
1331 1808 1451 1861 quasi
1476 1822 1565 1849 eor-

101 1874 268 1928 ripitur,
281 1874 396 1915 unde
417 1879 544 1927 eaput
567 1874 619 1914 ab
640 1873 892 1914 humoribus
914 1874 1066 1915 exinde
1083 1875 1378 1916 concalefactis
1399 1875 1565 1917 turbari

102 1943 251 1996 incipit
273 1947 316 1982 et
337 1942 545 1982 vacillare.

159 2011 267 2065 [372]
294 2010 542 2051 Curandum
565 2014 628 2050 est
651 2014 795 2050 autem
817 2009 976 2060 sedulo,
994 2015 1043 2050 ut
1066 2010 1312 2064 anodynum
1328 2012 1562 2065 temporius
1581 2023 1758 2070 femporius

103 2085 297 2120 sumatur
317 2079 385 2119 hic
413 2092 539 2132 quam
567 2077 613 2117 in
643 2078 734 2118 aliis
762 2077 947 2128 morbis3
981 2079 1182 2131 quoniam
1209 2079 1381 2132 quidam
1413 2080 1562 2121 caloris
1580 2075 1612 2094 ¹¹¹
1629 2066 1753 2096 ultimis

1580 2108 1682 2137 morbi
1699 2109 1765 2138 die-

100 2152 144 2189 et
174 2147 480 2201 inquietudinis
510 2146 630 2200 quasi
659 2160 936 2199 paroxysmus
958 2145 1201 2187 Variolosos
1234 2147 1311 2188 sub
1343 2161 1562 2202 vesperam
1579 2150 1768 2191 busobpar-

101 2230 268 2270 semper
289 2215 436 2269 affligit
449 2232 461 2266 3
495 2219 537 2255 et
559 2215 811 2269 quandoque
833 2214 998 2265 accidit,
1021 2215 1146 2269 quod,
1161 2215 1243 2256 nisi
1264 2217 1472 2257 maturius
1493 2231 1562 2258 ex·
1580 2202 1752 2276 ἳέζέἑῖἓὶη

100 2284 299 2325 hibeatur
329 2283 407 2324 sub
437 2283 600 2323 ultimis
637 2283 775 2323 morbi
806 2282 968 2334 diebus,
1001 2297 1138 2337 aeger,
1172 2284 1401 2338 derepente
1435 2285 1678 2339 1111111οΠωγῃ

101 2352 294 2394 hebetior
314 2352 464 2402 factus,
486 2365 585 2392 mox
605 2351 846 2402 incalescat,
869 2356 964 2405 post
987 2351 1038 2392 de
1055 2351 1324 2405 aegritudine
1345 2357 1560 2406 queratur,

96 2435 210 2475 quae
229 2420 346 2461 brevi
374 2421 421 2461 in
447 2420 539 2474 ipsa
559 2424 695 2461 morte
724 2419 982 2460 terminatur
994 2437 1006 2470 ,-
1041 2420 1234 2460 attonitis
1264 2420 1380 2461 haud
1411 2435 1562 2474 parum

101 2488 260 2540 amieis,
292 2489 366 2543 qui
394 2488 520 2542 paulo
556 2493 655 2528 ante
685 2502 886 2541 magnam
919 2487 970 2528 de
1005 2502 1143 2541 aegro,
1176 2502 1254 2529 ceu
1285 2489 1561 2540 convalituro,

102 2570 221 2610 spem
240 2557 455 2598 foverant:
488 2556 557 2597 cui
587 2561 711 2597 tanto
741 2556 853 2596 malo
885 2556 1047 2596 occurri
1068 2556 1234 2597 fortean
1263 2562 1430 2610 poterat
1460 2571 1561 2598 ano-

102 2624 217 2679 dyno
243 2625 467 2666 confestim
496 2624 677 2678 ingesto.
741 2624 823 2664 His
850 2624 996 2678 itaque
1025 2624 1186 2674 diebus,
1209 2624 1436 2666 undecimo
1462 2639 1561 2667 vero

102 2707 201 2747 prae
229 2694 419 2745 caeteris,
452 2692 748 2747 paregoricum
777 2693 1011 2746 temporius
1042 2693 1355 2746 propinandum
1385 2693 1560 2747 impero,

102 2762 231 2803 etiam
251 2762 356 2803 hora
371 2762 521 2817 quinta
542 2767 708 2802 sextave
728 2761 1032 2815 pomeridiana,
1050 2766 1183 2815 utque
1203 2762 1249 2802 in
1269 2767 1470 2815 promptu
1491 2762 1558 2814 sit,

102 2830 139 2870 si
165 2831 335 2884 quando
355 2831 464 2872 forte
495 2830 717 2885 aegritudo
749 2844 796 2870 ex
824 2829 1048 2883 improviso
1079 2830 1293 2871 invaserit.
1356 2829 1561 2873 Quinimo

545 2920 558 2934 ¹
582 2914 878 2955 sexta-invasione]
897 2925 959 2946 om.
977 2915 1024 2945 ed.
1043 2917 1104 2946 '82
