1985 3308
282 294 409 323 PnAnr.

252 338 313 366 En.
327 337 434 368 Tam.

459 179 511 220 16
861 180 1116 221 ΤΗΟΜΑΕ
1152 179 1491 221 SYDENHAM

455 286 756 327 confabulandi
792 287 926 340 magis
961 287 1014 327 sit
1050 301 1127 336 ars,
1165 301 1291 340 quam
1320 285 1539 327 Medendi.
1605 285 1689 326 Sed
1721 298 1776 325 ne
1806 285 1917 326 hanc

455 368 533 407 ego
555 354 692 394 dicam
713 359 872 394 temere
894 354 1118 407 impegisse
1145 354 1299 404 videar,
1322 354 1384 394 fas
1407 354 1511 394 mihi
1541 353 1595 393 sit
1617 367 1639 393 e
1661 352 1727 393 via
1746 367 1916 406 parum-

454 435 528 475 per
549 421 783 471 deflectere,
809 436 890 475 quo
913 422 1071 462 seilicet
1094 422 1285 462 evineam
1307 435 1453 462 causas
1475 421 1567 461 illas
1588 420 1849 471 remotiores,
1870 420 1917 460 in

455 489 608 542 quibus
632 489 898 542 assignandis
921 495 962 529 ct
984 489 1029 529 in
1051 489 1190 530 lucem
1218 489 1490 530 extrahendis
1522 488 1748 529 hominum
1781 487 1916 529 curio-

454 570 597 597 sorum
639 563 680 598 et
727 555 957 612 περιέργων
1004 570 1134 597 vanae
1184 557 1492 610 speculationes
1539 556 1665 596 unice
1706 555 1917 596 desudant
1977 589 1979 591 .

453 625 818 679 triumphantque,
851 640 1021 679 prorsus
1051 639 1140 666 esse
1173 624 1499 675 ἀκαταλήπτους
1527 639 1574 666 110
1605 623 1914 673 inscrutabiles,
1973 650 1976 655 ›

454 694 561 734 solas
594 708 691 734 vero
723 694 933 747 proximas
967 700 1008 734 et
1042 694 1292 747 conjunctas
1327 708 1351 733 a
1386 693 1508 733 nobis
1541 706 1663 745 posse
1704 692 1914 745 cognosci,
1972 719 1975 730 0

454 766 580 814 atque
603 761 654 801 ab
676 761 741 801 his
763 761 860 802 solis
881 761 1160 801 indicationes
1182 760 1392 801 curativas
1415 774 1504 800 esse
1526 759 1799 799 mutuandas.

517 828 626 881 [18]
665 828 990 869 Observandum
1007 833 1071 868 est
1087 827 1244 880 itaque,
1262 827 1375 880 quod
1397 827 1431 867 si
1452 827 1652 867 humores
1668 827 1734 867 vel
1755 826 1917 867 diutius

452 910 578 948 quam
599 909 675 948 par
697 902 760 935 est
780 896 826 934 in
849 908 1020 948 corpore
1041 894 1203 935 fuerint
1223 895 1394 944 retenti,
1421 894 1536 947 (quia
1556 894 1716 935 scilicet
1747 895 1918 936 Natura

452 963 619 1003 cosdem
643 975 904 1015 concoquere
922 967 1119 1015 nequeat,
1135 975 1183 1002 ac
1200 961 1398 1015 deinceps
1421 962 1658 1015 expellere,)
1677 962 1741 1002 vel
1763 961 1815 1003 ab
1836 962 1916 1003 hac

453 1035 526 1070 aut
557 1030 630 1070 illa
661 1030 770 1071 aeris
801 1029 1108 1070 constitutione
1143 1029 1284 1070 labem
1317 1029 1581 1070 morbifieam
1612 1029 1915 1079 contraxerint,

452 1099 517 1139 vel
535 1099 716 1151 denique
733 1099 931 1151 contagio
949 1099 1089 1151 aliquo
1105 1102 1315 1139 venenato
1336 1098 1485 1138 infecti
1504 1098 1551 1138 in
1572 1097 1763 1151 ejusdem
1779 1102 1918 1138 castra

453 1166 700 1206 transierint
714 1183 725 1216 3
748 1166 813 1206 his
834 1167 1054 1219 (inquam,)
1075 1166 1211 1206 modis
1228 1170 1271 1206 et
1284 1166 1349 1206 his
1367 1165 1588 1215 similibus,
1599 1165 1701 1205 dicti
1717 1165 1917 1206 humores

453 1234 497 1273 in
530 1234 710 1274 formam
742 1234 1081 1283 substantialem,
1114 1248 1189 1274 seu
1220 1234 1391 1285 speciem
1422 1233 1678 1282 exaltantur,
1713 1246 1820 1286 quae
1849 1233 1916 1272 his

454 1301 595 1341 aliisve
617 1301 839 1341 affectibus
861 1315 957 1341 cum
986 1301 1156 1354 propria
1177 1301 1361 1341 essentia
1383 1299 1735 1341 convenientibus
1758 1313 1801 1340 se
1821 1313 1916 1354 pro-

454 1368 540 1417 dit;
584 1382 690 1421 quae
718 1368 889 1422 quidem
921 1372 1219 1421 symptomata,
1242 1367 1341 1408 licet
1371 1368 1516 1407 minus
1537 1367 1672 1407 cautis
1692 1367 1918 1408 videantur
1972 1404 1973 1407 ,

452 1438 553 1477 oriri
583 1438 647 1478 vel
675 1453 699 1478 a
731 1443 886 1478 natura
916 1438 1047 1491 partis
1080 1452 1208 1491 quam
1239 1438 1394 1477 humor
1415 1436 1593 1487 obsedit,
1616 1437 1681 1476 vel
1710 1451 1735 1477 a
1762 1441 1918 1477 natura

453 1505 641 1545 humoris
668 1505 798 1557 ipsius
820 1510 1050 1558 antequam
1071 1506 1181 1545 hanc
1203 1505 1402 1545 induerat
1425 1505 1619 1557 speciem,
1634 1504 1915 1546 nihilominus

452 1586 595 1612 revera
617 1573 792 1612 affectus
814 1578 914 1612 sunt
937 1572 988 1612 ab
1007 1573 1190 1613 essentia
1212 1572 1348 1613 dictae
1370 1573 1523 1625 speciei
1538 1573 1580 1612 in
1605 1573 1720 1613 hunc
1737 1572 1917 1625 gradum
1974 1587 1976 1591 ·

452 1654 597 1680 reeens
627 1644 794 1680 evectae
826 1640 1073 1693 pendentes.
1135 1640 1257 1680 Adeo
1288 1645 1337 1680 ut
1369 1640 1548 1694 quilibet
1578 1639 1752 1680 morbus
1784 1639 1916 1692 speci·
1974 1660 1975 1665 =

452 1709 555 1747 ficus
578 1708 743 1749 affectio
765 1708 819 1748 sit
841 1708 892 1748 ab
916 1708 994 1748 hac
1015 1708 1081 1748 vel
1101 1708 1174 1748 illa
1195 1708 1389 1761 specifica
1410 1708 1681 1758 exaltatione,
1698 1708 1760 1748 vel
1785 1707 1915 1761 speci·
1974 1731 1977 1743 ι

452 1776 647 1815 ficatione
679 1776 793 1816 succi
819 1776 1039 1829 cujusdam
1065 1777 1111 1816 in
1142 1790 1314 1829 corpore
1341 1776 1543 1826 animato,
1567 1782 1709 1816 ortum
1741 1776 1914 1817 ducens.

455 1842 542 1882 Sub
565 1843 644 1882 hoc
666 1857 820 1895 genere
847 1848 985 1896 potest
1012 1843 1314 1896 comprehendi
1334 1843 1519 1883 maxima
1548 1857 1644 1896 pars
1667 1843 1916 1884 morborum

452 1910 523 1962 (1111
550 1916 713 1950 certum
744 1911 926 1963 aliquem
956 1915 1106 1963 typum
1138 1924 1185 1950 ac
1207 1910 1385 1950 formam
1418 1915 1669 1963 agnoscunt.
1731 1911 1788 1951 Et
1819 1925 1914 1964 pro-

451 1977 561 2017 fecto
589 1978 703 2017 haud
734 1978 875 2017 minus
907 1991 950 2018 se
982 1978 1151 2017 Natura
1182 1978 1383 2018 methodo
1415 1978 1614 2030 astringit
1645 1978 1690 2018 in
1724 1978 1789 2018 his
1820 1983 1915 2018 tum
1972 2014 1973 2017 ,

451 2045 744 2097 producendis,
777 2051 871 2085 tum
912 2045 1190 2094 maturandis,
1224 2060 1351 2098 quam
1383 2045 1429 2085 in
1465 2045 1636 2099 plantis,
1669 2046 1758 2086 sive
1785 2047 1915 2086 etiam

451 2112 717 2152 animalibus.
781 2113 986 2154 Quinimo
1017 2119 1066 2153 ut
1097 2113 1271 2154 cuilibet
1303 2114 1387 2153 sive
1422 2114 1594 2166 plantae
1625 2114 1710 2154 sive
1741 2114 1915 2154 animali

451 2179 607 2232 proprii
639 2180 811 2232 quidam
843 2194 890 2220 ac
920 2180 1153 2233 peculiares
1183 2181 1359 2220 affectus
1390 2185 1653 2234 competunt,
1680 2181 1742 2221 ita
1773 2195 1818 2222 se
1847 2195 1913 2222 res

450 2247 577 2287 habet
599 2247 645 2287 111
667 2248 855 2301 qualibet
876 2248 989 2288 succi
1010 2249 1302 2302 cujuscunque
1325 2249 1594 2298 exaltatione,
1616 2249 1692 2289 ubi
1714 2249 1844 2289 semel
1864 2250 1911 2289 in

450 2314 631 2366 speciem
663 2316 915 2368 proruperit.
978 2316 1233 2368 Exemplum
1264 2316 1391 2369 hujus
1424 2316 1485 2356 rei
1513 2316 1615 2356 satis
1642 2316 1911 2357 luculentum

452 2382 639 2433 quotidie
665 2383 787 2423 nobis
815 2383 1018 2435 ingerunt
1041 2387 1083 2422 et
1112 2383 1164 2423 ob
1194 2383 1336 2423 oculos
1365 2388 1531 2435 ponunt
1558 2383 1695 2423 variae
1716 2383 1822 2424 istae
1843 2398 1913 2424 ex·
1972 2414 1973 2417 η

451 2450 780 2489 crescentiarum
802 2450 972 2502 speciCS‚
996 2463 1098 2502 quas
1122 2449 1290 2489 arbores
1312 2450 1571 2502 fruticesque
1592 2450 1810 2501 emittunt,
1833 2451 1913 2503 (vel
1972 2485 1974 2487 .

452 2514 504 2554 ob
532 2517 645 2556 succi
677 2517 845 2557 nutritii
867 2517 1177 2570 perversionem
1206 2521 1248 2556 ct
1271 2516 1627 2570 depravationem,
1645 2517 1710 2558 vel
1731 2518 1833 2558 alias
1856 2518 1910 2558 ob

452 2586 627 2634 causas,)
652 2583 697 2623 111
718 2583 854 2624 forma
875 2584 1034 2624 scilicet
1061 2584 1209 2633 musei,
1238 2583 1352 2634 visci,
1380 2584 1624 2637 fungorum,
1647 2584 1910 2637 aliorumque

451 2649 494 2688 id
526 2664 683 2701 genus3
722 2665 828 2704 quae
854 2651 998 2691 omnia
1025 2651 1231 2691 essentiae
1253 2656 1353 2691 sunt
1375 2651 1460 2691 sive
1482 2652 1653 2704 species,
1676 2666 1699 2691 a
1720 2657 1908 2705 parente,

452 2729 526 2754 seu
547 2716 707 2767 arbore,
730 2733 804 2758 scu
824 2719 988 2768 frutice,
1008 2719 1194 2758 diversae
1214 2719 1338 2771 plane
1360 2724 1487 2772 atque
1505 2718 1742 2759 distinctae.
1794 2719 1902 2772 [19.]

453 2782 508 2821 Et
540 2798 639 2823 sane
671 2785 742 2837 qui
768 2786 874 2826 serio
903 2792 1029 2839 atque
1059 2786 1112 2826 ad
1145 2787 1348 2826 amussim
1378 2786 1652 2839 pensitaverit
1680 2784 1910 2840 φαινόμενα

452 2848 534 2897 illa,
559 2864 666 2903 quac
688 2852 847 2892 febrem
875 2853 1005 2904 (verbi
1023 2854 1187 2906 gratian)
1215 2859 1467 2905 quartanam
1489 2853 1747 2893 comitantur
1760 2870 1771 2903 ς
1795 2853 1908 2906 (111οᾶ

451 2916 643 2956 videlicet
673 2918 756 2957 scre
786 2933 950 2972 semper
981 2921 1058 2959 sub
1089 2925 1295 2960 autmnno
1323 2920 1575 2973 ingreditur,
1599 2920 1711 2973 quod
1742 2925 1906 2961 eertum
