1985 3308
286 198 807 239 OBSERVATIONUM
841 199 1215 239 MEDICARUM
1258 205 1284 237 Ι.
1310 210 1344 239 4.
1484 204 1538 241 49

150 305 257 359 [25]
296 305 498 346 Cardiaca
518 319 614 346 vero
637 306 747 359 quod
774 310 947 359 spectat,
972 307 1172 359 quoniam
1193 320 1274 347 usu
1295 307 1399 346 mihi
1428 321 1539 348 eom-
1594 316 1719 346 Fumus

83 378 253 427 pertum
275 379 337 415 est
359 374 505 414 eadem
526 387 701 428 propere
722 374 848 414 nimis
865 374 1053 415 exhibita
1073 388 1160 415 non
1182 374 1539 415 contemnendam
1560 359 1738 431 Acsssslssffgl

85 455 240 482 noxam
266 442 434 492 inferre,
461 442 611 493 (venam
633 442 792 482 seilicet
820 442 1012 483 nondum
1029 447 1156 493 secta,
1179 442 1458 483 metuendum
1476 448 1539 484 est
1560 445 1720 495 ssffJL'f-'q‘

81 523 137 550 ne
156 510 335 550 materia
353 510 484 551 cruda
504 510 641 550 adhue
663 510 873 551 existensn
893 510 938 550 in
955 510 1115 551 cerebri
1134 510 1416 561 membranas,
1440 515 1539 551 etc.⁰
1559 503 1712 575 (Cffi‘ffl‘gffl

85 581 159 618 aut
178 577 369 631 pleuram
401 578 655 630 decumbat,)
680 578 775 618 ideo
805 592 930 618 curae
961 578 1067 618 mihi
1089 592 1253 631 semper
1283 583 1346 619 est
1367 592 1422 619 ne
1450 558 1734 623 car-<ionr'01-um,

83 644 203 686 diaea
237 645 529 695 exhibeantur,
562 645 792 686 dummodo
823 646 888 686 vel
923 646 1030 686 nihil
1066 647 1254 696 omnino,
1287 646 1352 687 vel
1387 661 1538 699 parum
1558 636 1666 703 ffigffl'

83 713 303 767 sanguinis
338 714 552 764 emissum,
584 714 786 767 nullaque
820 714 901 754 alia
935 714 1144 767 insignior
1180 715 1396 755 evacuatio
1427 715 1539 756 faeta
1557 721 1699 765 te¹¹¹P0r0

81 782 223 832 fuerit,
256 786 329 822 aut
365 796 490 835 aeger
520 782 670 823 aetatis
706 782 892 835 vigorem
928 782 1121 822 nondum
1152 783 1363 835 exegerit3
1401 797 1538 836 neque
1557 760 1746 790 ⁰x¹¹¹be¹'d³'

82 849 198 890 enim
237 850 358 891 video
398 864 599 903 quorsum
641 850 812 903 sanguis
853 851 956 903 ejus,
999 865 1073 904 per
1113 864 1156 890 sc
1198 850 1298 891 satis
1338 851 1537 905 locupleS,

81 917 260 958 ulterius
281 918 326 958 in
346 918 477 971 ipsius
498 918 727 971 perniciem
754 918 1000 958 ditesceret:
1033 919 1218 972 locuples
1246 923 1389 959 autem
1410 924 1538 972 atque

81 987 308 1041 opulentus
330 987 430 1026 satis
453 991 528 1036 est,
544 1000 680 1039 neque
702 986 1005 1027 suecendieulis
1028 992 1124 1039 eget
1142 987 1344 1040 quamdiu
1366 1001 1538 1028 evacua-

81 1054 220 1095 tiones
259 1054 448 1108 insignes
489 1055 669 1095 calorem
720 1055 810 1108 ejus
850 1055 1028 1094 insitum
1083 1069 1170 1095 non
1220 1056 1536 1108 prostraverint.

82 1121 343 1177 Hujusmodi
365 1123 498 1175 aegris
527 1123 641 1162 domi
662 1127 897 1162 nascuntur
927 1122 1129 1173 cardiaca,
1153 1128 1195 1163 et
1218 1137 1323 1176 quae
1344 1124 1444 1164 foris
1466 1125 1536 1164 ad-

80 1191 255 1241 duntur,
285 1196 359 1231 aut
383 1190 601 1231 frustanea
632 1195 731 1230 sunt
763 1196 837 1230 aut
865 1190 994 1230 etiam
1025 1191 1251 1231 damnosa:
1285 1198 1537 1246 quapropter

79 1273 158 1312 ego
198 1259 262 1299 vel
308 1259 427 1299 nulla
474 1259 660 1308 omnino,
703 1258 767 1298 vel
809 1258 958 1298 saltem
999 1258 1209 1299 levissima
1258 1260 1534 1312 permiserim.

83 1327 193 1382 [26]
232 1327 413 1368 Interim
434 1340 530 1367 vero
559 1327 593 1366 si
615 1340 738 1379 aeger
760 1340 810 1366 ex
831 1326 1011 1380 profusis
1033 1327 1376 1368 evacuationibus
1404 1329 1536 1369 lassus

78 1407 122 1438 et
156 1396 397 1450 languidus,
430 1395 492 1436 vel
526 1400 662 1435 aetate
697 1395 825 1435 fuerit
860 1400 1094 1448 provectus,
1129 1396 1302 1436 solenne
1336 1397 1440 1436 mihi
1472 1404 1535 1438 est

78 1465 270 1506 cardiaea
290 1465 355 1505 vel
374 1464 418 1504 in
440 1464 530 1518 ipso
552 1463 698 1504 Febris
719 1463 842 1504 initio
863 1464 1110 1517 propinare:
1143 1464 1279 1505 morbi
1303 1470 1445 1505 autem
1468 1466 1535 1506 die

77 1533 339 1583 duodecimo,
368 1533 540 1586 negotio
571 1537 674 1572 tune
704 1531 904 1585 temporis
931 1531 984 1572 ad
1015 1532 1292 1573 secretionem
1320 1538 1534 1586 vergente,

75 1601 396 1643 medicamentis
436 1600 704 1641 calidioribus
744 1600 958 1641 liberalius
998 1600 1310 1652 indulgendum
1357 1615 1508 1643 censeo
1522 1620 1532 1652 3

75 1670 162 1711 imo
182 1670 308 1724 paulo
329 1669 538 1710 maturius
559 1669 670 1709 idem
700 1669 789 1709 fieri
809 1672 962 1722 potest,
985 1668 1110 1708 modo
1138 1682 1226 1709 non
1253 1670 1534 1710 metuendum

76 1737 131 1778 sit
158 1752 213 1778 ne
242 1738 419 1780 Febrilis
445 1738 624 1778 *materia
651 1738 696 1778 in
724 1742 864 1791 partes
889 1737 1098 1791 principes
1129 1751 1326 1792 praeceps
1357 1743 1531 1792 agatur:

76 1820 260 1860 namque
287 1807 367 1847 hoc
394 1811 596 1860 tempore,
619 1820 702 1860 quo
733 1805 868 1858 magis
893 1805 1169 1856 calefecerim,
1192 1820 1241 1847 eo
1268 1807 1404 1860 magis
1435 1821 1533 1848 con-

75 1874 311 1915 coctionem
343 1875 636 1915 aeceleravero.
707 1873 814 1926 [27]
853 1873 1007 1926 Neque
1037 1887 1182 1914 revera
1212 1873 1438 1927 cogitando
1470 1889 1532 1914 as-

76 1943 195 1996 sequi
214 1957 385 1996 possum
403 1943 503 1996 quid
521 1942 600 1983 sibi
616 1942 747 1982 velint
763 1941 936 1991 Medici,
955 1955 1052 1981 cum
1069 1956 1146 1982 sua
1165 1947 1392 1996 praecepta
1407 1942 1533 1983 toties

74 2011 343 2064 ingeminant
375 2011 426 2051 de
456 2010 652 2051 remediis
684 2010 736 2050 ad
763 2009 1094 2063 promovendam
1126 2010 1303 2051 Febrilis
1330 2011 1533 2052 materiae

74 2079 391 2119 concoctionem
420 2077 779 2127 administrandis,
801 2077 845 2117 id
867 2078 980 2130 quod
1001 2078 1046 2117 in
1079 2078 1218 2118 morbi
1240 2078 1364 2119 initio
1398 2093 1532 2119 accer-

75 2147 145 2187 siti
170 2160 292 2200 saepe
320 2147 505 2196 faciunt3
537 2145 815 2186 nihilominus
856 2150 1003 2185 tamen
1035 2145 1185 2185 eodem
1220 2146 1311 2199 ipso
1339 2151 1531 2199 tempore

74 2215 384 2256 medicamenta
405 2214 611 2268 ejusmodi
639 2214 845 2267 imperare
872 2227 961 2253 non
992 2212 1204 2263 dubitant,
1228 2227 1334 2266 quae
1363 2214 1533 2254 Febrim

74 2283 231 2324 scilieet
263 2288 544 2337 attemperare
575 2282 747 2336 possint.
811 2281 1006 2321 Profecto
1031 2281 1146 2321 enim
1174 2286 1237 2321 est
1270 2281 1415 2322 Febris
1443 2282 1533 2335 ipsa

73 2350 267 2392 Naturae
287 2351 636 2400 instrumentum,
660 2364 742 2403 quo
763 2353 903 2403 partes
924 2348 1111 2402 impuras
1134 2363 1158 2389 a
1177 2348 1293 2402 puris
1315 2355 1506 2390 secernat
1523 2367 1530 2389 :

73 2418 153 2460 hoc
182 2419 256 2460 illa
285 2419 410 2460 modo
438 2419 562 2473 plane
589 2417 914 2471 imperceptibili
945 2422 1132 2470 praestat
1161 2417 1213 2457 ab
1242 2417 1377 2468 initio,
1405 2423 1531 2471 atque

73 2488 202 2528 etiam
228 2487 274 2528 in
304 2487 416 2540 ἀκμῇ
443 2487 580 2528 morbi
594 2504 605 2537 5
637 2501 784 2527 verum
808 2486 853 2526 in
884 2486 1073 2539 ejusdem
1103 2485 1385 2526 declinatione
1414 2500 1530 2539 aper-

71 2555 158 2596 tius
179 2560 305 2609 atque
326 2555 592 2596 manifestius
608 2555 721 2595 idem
743 2569 847 2608 opus
870 2554 1126 2607 aggreditur,
1141 2553 1185 2593 id
1202 2553 1313 2607 quod
1335 2567 1384 2594 ex
1406 2554 1530 2594 urina
1550 2562 1704 2614 {Iatqrgac

72 2636 243 2665 cernere
273 2624 384 2664 licet.
445 2623 655 2664 Materiae
677 2622 854 2663 Febrilis
875 2622 1092 2663 concoctio
1113 2621 1220 2661 nihil
1242 2621 1356 2662 aliud
1384 2636 1529 2662 revera
1546 2605 1708 2680 goenbc'glgssio

41 2690 282 2743 ‘significat
323 2706 450 2745 quam
489 2691 703 2745 peccantis
748 2691 950 2731 materiae
991 2704 1015 2730 a
1055 2704 1158 2730 sana
1202 2690 1524 2743 separationem.
1544 2691 1689 2740 nihilest

72 2757 198 2799 Hanc
232 2759 364 2813 igitur
403 2764 452 2799 ut
493 2759 707 2809 acceleres,
744 2773 832 2800 non
874 2757 1154 2812 satagendum
1196 2757 1337 2798 nescio
1373 2758 1526 2811 quibus
1542 2734 1733 2817 {lgsslglaciiiissm

72 2827 464 2881 attemperantibus,
479 2827 551 2868 sed
570 2827 714 2868 Febris
731 2826 1046 2868 effervescentia
1062 2825 1227 2866 tamdiu
1243 2826 1529 2879 permittenda
1547 2822 1697 2852 ¹¹¹³‘⁰¹'³“¹⁰
1713 2834 1728 2852 ³

1547 2874 1621 2894 saun
1633 2875 1722 2904 sepa-

1547 2916 1578 2935 ra

114 2942 135 2956 ¹¹¹
159 2939 248 2980 vena]
265 2942 358 2970 cruda
369 2942 483 2970 scilice!
507 2943 604 2970 adhue
623 2943 765 2970 existente
870 2948 883 2962 ¹¹
909 2944 977 2969 mat.
995 2941 1088 2969 cruda
1103 2941 1201 2969 adhuc
1213 2938 1275 2978 mn]
1295 2949 1355 2969 om.
1374 2939 1421 2969 ed.
1440 2940 1499 2970 y66.
1583 2912 1633 2938 no·

72 2984 198 3012 materia
214 2993 343 3022 venaqne
359 2983 405 3013 ed.
425 2983 485 3015 ’66.
869 2987 882 3000 ⁰
905 2981 979 3021 altu]
998 2992 1058 3012 om.
1077 2982 1124 3011 ed.
1138 2983 1199 3011 ¹66.

787 3050 812 3076 11
