1985 3308
184 268 347 299 Coxsrr'r.

187 311 341 340 Epmmz.

173 355 356 383 Axxonmi

189 397 331 427 ’69-'72.

212 940 326 977 1672.

176 1017 238 1046 quo
251 1006 337 1041 item,

177 1059 259 1079 anno
277 1050 338 1079 ¹72.

376 152 461 193 162
783 151 1041 194 THOMAE
1077 152 1418 194 SYDENHAM

377 260 481 301 adeo
500 259 712 300 faventem
732 259 824 300 illas
844 258 1042 300 habuisse
1059 273 1184 313 supra
1206 258 1250 312 [i.
1269 260 1308 299 3.
1330 258 1387 312 1.]
1405 256 1658 298 notavimus.
1689 256 1833 310 Atque

375 328 467 378 hae,
503 341 579 381 pro
618 341 736 367 more
767 327 1146 367 intermittentium
1181 340 1419 375 vernarum,
1457 325 1637 365 solstitio
1677 324 1834 364 aestivo

376 397 442 437 vix
469 397 765 450 praeterlapso,
789 397 963 436 omnino
993 409 1214 436 evanuere.
1276 394 1515 447 Incipiente
1535 406 1682 433 mense
1704 392 1832 442 Julio,

378 466 680 521 Dysentericae
702 466 857 520 Febres
880 479 1006 518 quam
1034 464 1384 518 praecedentibus
1416 462 1538 503 annis
1560 461 1836 501 obtinuerant

377 535 605 576 stationem
641 533 693 574 de
731 547 840 573 novo
875 532 1124 585 repetebant
1138 549 1149 582 3
1193 537 1400 572 autumno
1434 544 1532 570 vero
1569 529 1835 581 aliquantum

376 602 646 656 provectiore,
665 601 919 655 Dysenteria
935 601 1025 653 jam
1045 600 1172 640 tertio
1188 613 1378 651 regressa
1395 604 1471 648 est,
1490 597 1563 637 sed
1581 595 1836 637 contractior

379 685 506 724 quam
525 683 636 710 anno
656 669 808 709 ultimo
830 669 983 721 elapso,
1002 682 1084 720 quo
1107 667 1159 707 ad
1176 665 1313 717 ἀκμήν
1333 665 1567 719 pervenisse
1588 663 1810 703 videbatur
1822 679 1833 713 3

378 738 693 792 supervenienti
722 742 866 777 autem
892 735 1036 789 hyemi
1064 735 1241 775 tertium
1270 733 1398 773 etiam
1425 732 1562 781 cessit,
1585 731 1719 772 Febre
1746 731 1835 785 Dy-

378 805 587 846 senterica
609 810 650 845 et
675 803 854 844 Variolis
874 803 1081 855 reliquam
1110 816 1204 843 eam
1223 805 1525 853 tempestatem
1553 799 1710 839 iterum
1737 811 1835 839 0011-

376 871 663 912 tristantibus,

441 938 524 995 [6]
559 939 668 980 Cum
686 953 784 979 vero
810 938 873 991 (ut
890 939 980 992 jam
1000 938 1274 991 monuimus)
1301 936 1378 977 sub
1399 937 1596 990 ingressu
1615 936 1837 989 utriusque

380 1008 482 1048 anni
511 1007 801 1061 praecedentis
832 1007 1004 1048 morbus
1036 1006 1186 1059 aliquis
1216 1006 1336 1046 valde
1372 1005 1629 1058 epidemicus
1658 1004 1837 1044 invales-

377 1081 504 1126 ceret,
531 1075 737 1128 (Morbilli
766 1075 924 1115 scilicet
955 1074 1169 1115 exoriente
1198 1087 1310 1113 anno
1341 1073 1464 1122 1670,
1494 1071 1838 1112 Intermittentes

381 1150 525 1186 autem
549 1144 773 1185 Tertianae
802 1157 914 1183 311110
948 1143 1050 1184 167]
1088 1141 1315 1193 inehoato,)
1341 1154 1521 1194 quorum
1548 1137 1838 1193 praedominio

379 1215 441 1255 ita
456 1212 822 1254 intercidebantur
837 1210 1107 1251 Variolarum
1125 1208 1280 1262 copiae,
1294 1214 1343 1248 ut
1360 1208 1465 1248 fines
1483 1221 1593 1256 suos,
1609 1204 1836 1259 praedictis

381 1281 504 1322 annis
526 1278 786 1328 ineuntibus,
802 1278 929 1330 longe
944 1277 1114 1330 lateque
1130 1289 1362 1330 propagare
1382 1274 1609 1328 nequirent
1616 1291 1628 1324 3
1659 1273 1739 1314 1130
1759 1272 1838 1323 (in-

382 1347 538 1401 quam,)
560 1347 610 1386 de
633 1359 770 1395 eausa,
785 1350 949 1385 remoto
966 1345 1055 1397 jam
1077 1343 1208 1394 obice,
1235 1344 1403 1395 (nempe
1426 1342 1547 1383 initio
1569 1341 1671 1382 anni
1694 1340 1835 1393 1672)

379 1429 479 1455 011111
519 1415 631 1454 30130
663 1412 985 1453 dominarentur
1014 1411 1224 1460 Variolae,
1256 1410 1486 1464 epidemice
1519 1409 1749 1450 admodum
1788 1421 1840 1448 ex

382 1481 657 1534 consequenti
700 1479 1013 1534 grassabantur,
1058 1479 1191 1519 donec
1232 1477 1502 1518 subintrante
1541 1491 1687 1517 rursus
1723 1474 1840 1515 Julio

382 1548 537 1589 Febres
558 1547 861 1602 Dyscnterffiae
884 1546 1022 1586 denuo
1044 1546 1306 1595 invaderent,
1328 1559 1434 1599 quae
1455 1544 1734 1586 redeuntibus
1750 1543 1841 1596 jam

384 1621 534 1670 quarto
569 1617 766 1669 Augusto
802 1613 1067 1668 Dysentcriis
1104 1628 1200 1654 mox
1230 1613 1517 1654 facessebant:
1560 1609 1840 1666 Dysenteriae

382 1699 479 1726 vero
500 1699 588 1725 non
608 1683 825 1737 pauciores
847 1687 1018 1723 tantum
1041 1696 1167 1735 quam
1188 1682 1399 1735 prioribus
1421 1682 1544 1722 annis
1565 1682 1748 1732 fuerant,
1767 1681 1842 1722 sed

382 1751 553 1792 mitiora
591 1751 764 1804 insuper
804 1749 1084 1803 apportabant
1126 1755 1423 1803 symptomata.
1485 1750 1617 1790 Porro
1656 1749 1841 1790 Variolis

382 1818 482 1858 hinc
509 1817 690 1870 indeque
717 1817 840 1857 simul
871 1817 1035 1870 31131313,
1057 1817 1173 1857 haud
1199 1817 1321 1857 facile
1343 1822 1434 1858 erat
1461 1817 1580 1858 dictu
1609 1817 1702 1870 quis
1729 1831 1840 1858 mor-

382 1886 463 1926 bus
483 1886 773 1939 praepolleret.
810 1884 1018 1925 Existimo
1041 1885 1211 1938 quidem
1233 1899 1310 1937 ego
1333 1884 1698 1925 Constitutionem
1720 1884 1839 1934 aeris,

384 1954 437 1994 ad
459 1953 732 2007 Dysenterias
763 1952 1074 2005 progigncndas
1105 1951 1249 1991 minus
1280 1952 1520 2002 facientem,
1543 1951 1727 1992 Variolis
1749 1965 1843 1992 eam

383 2020 723 2060 subministrasse
749 2019 1009 2069 facultatem,
1033 2034 1115 2072 qua
1135 2020 1225 2072 pari
1247 2033 1373 2072 passu
1393 2018 1619 2072 procedere
1639 2018 1842 2068 valerent,

381 2102 502 2128 secus
524 2092 651 2140 atque
673 2087 722 2127 iis
750 2087 872 2127 annis
895 2087 1048 2140 quibus
1071 2087 1335 2141 dysenteriae
1357 2088 1556 2139 Augusto
1577 2099 1723 2126 mense
1743 2098 1842 2126 0011-

381 2155 524 2195 fertim
552 2154 687 2207 magis
713 2153 997 2194 trucidabant.
1062 2155 1226 2208 Hyems
1252 2154 1315 2206 (ut
1345 2154 1534 2206 solebat,)
1567 2152 1844 2207 Dysenterias

383 2223 605 2275 ablegavit,
639 2222 711 2262 sed
751 2235 890 2275 neque
926 2221 1118 2272 Febrem,
1150 2236 1229 2262 nec
1264 2222 1470 2262 Variolas.
1538 2220 1734 2261 Variolae
1774 2219 1844 2260 hic

384 2291 512 2331 etiam
542 2304 618 2343 pro
648 2304 765 2330 more
797 2304 885 2340 suo,
919 2289 1187 2329 exulantibus
1219 2288 1496 2342 Dysenteriis,
1524 2301 1667 2328 rerum
1704 2286 1844 2326 denuo

384 2357 668 2410 potiebantur,
701 2362 743 2397 et
781 2370 857 2410 per
893 2370 1062 2397 omnem
1099 2355 1305 2408 reliquam
1346 2355 1541 2395 brumam
1581 2353 1818 2407 regnabant
1831 2370 1843 2403 ς

384 2425 575 2478 quinimo
601 2425 885 2477 subsequente
905 2437 1014 2474 vere,
1036 2428 1085 2463 ut
1108 2423 1236 2463 etiam
1263 2423 1434 2463 aestatis
1455 2422 1590 2472 initio,
1612 2422 1696 2462 huc
1718 2427 1845 2474 atque

385 2493 485 2533 illuc
501 2492 813 2542 deferebantur,
830 2493 956 2544 longe
973 2496 1119 2531 tamen
1139 2490 1327 2531 mitiores
1350 2505 1475 2543 quam
1492 2504 1566 2543 pro
1579 2490 1659 2530 hoc
1676 2502 1843 2542 genere.

452 2561 530 2614 [7.]
568 2561 732 2600 Verum
763 2560 976 2600 enimvero
1009 2558 1177 2612 quando
1209 2572 1347 2598 assero
1378 2557 1707 2610 epidemicorum
1743 2555 1844 2596 alte-

386 2642 483 2668 rum
505 2628 556 2668 ab
579 2628 723 2678 altero,
741 2632 789 2667 ut
811 2627 975 2667 clavum
998 2641 1021 2666 a
1042 2626 1192 2675 olax-0⁰,
1215 2625 1326 2678 pelli,
1344 2638 1431 2665 non
1453 2625 1596 2664 statim
1618 2623 1711 2664 dico
1733 2636 1844 2672 eum,

390 2696 461 2747 qui
482 2695 651 2748 pellitur
672 2709 719 2735 30
746 2695 870 2744 cedit,
892 2693 1089 2734 morbum
1115 2693 1162 2732 in
1189 2693 1369 2733 solidum
1397 2705 1656 2741 evanescere,
1679 2696 1722 2732 at
1748 2704 1846 2731 vero

389 2762 522 2801 rarius
554 2762 764 2802 invadere.
845 2762 1040 2802 Durante
1073 2760 1187 2800 enim
1219 2759 1298 2800 hac
1319 2758 1635 2800 Constitutione
1666 2763 1846 2811 uterque

433 2866 444 2879 ⁶
469 2867 501 2891 ut
517 2863 629 2892 clavum
643 2874 660 2892 a
675 2861 775 2901 claro]
787 2862 827 2891 cf.
841 2861 969 2891 Erasmi
983 2863 1085 2901 Adag.
1147 2860 1215 2900 ἥλῳ
1230 2861 1287 2890 τὸν
1302 2858 1382 2896 ἧλον
1395 2857 1543 2899 ἐκκρούει.

384 2904 407 2934 i.
438 2906 467 2934 2.
493 2906 520 2933 4.
535 2917 541 2937 ;
572 2905 730 2941 Gaissord,
755 2906 888 2934 Paroem.
919 2906 1028 2935 Graec.
1056 2905 1088 2933 in
