1985 3308
266 166 789 208 OBSERVATIONUM
821 166 1199 208 MEDICARUM
1226 172 1256 206 Ι.
1283 177 1316 206 5.
1466 172 1519 211 ’77

63 275 237 316 stitutus
257 274 523 333 impressioni
544 274 784 315 morbificae
806 274 1042 327 cuicunque
1064 274 1269 315 obnoxius
1292 278 1369 324 est,
1393 288 1517 327 quam
1562 285 1699 315 Fnssnsss

61 343 108 384 in
128 344 247 384 illum
277 344 403 384 faciet
425 343 636 396 quaelibet
664 344 770 384 ae'ris
797 343 1058 394 constitutio,
1083 357 1189 397 quae
1219 343 1298 383 hoc
1329 347 1518 396 tempore
1537 327 1721 400 ᾹζζξὲῗζΜ

62 411 186 452 dictis
218 410 610 452 Intermittentibus
644 415 708 451 cst
739 410 982 465 epidemica.
1058 411 1201 464 Atque
1235 410 1320 450 huc
1356 414 1518 464 spectat
1565 413 1699 441 ’61-’64.

62 478 253 520 ebullitio
280 492 377 519 mox
403 478 590 528 inducta,
614 492 697 531 qua
723 479 927 531 liquorem
956 478 1237 531 sanguineum
1266 477 1518 531 quandoque

60 546 180 587 valde
201 546 454 600 degenerem
482 546 747 599 corripiente,
770 546 916 587 Febris
938 546 1037 587 inde
1069 545 1249 586 oriunda
1269 545 1369 585 mali
1390 545 1518 586 moris

61 627 151 655 esse
182 614 300 664 solet,
329 618 371 654 et
404 613 600 666 malignis
635 618 761 667 atque
791 613 1012 654 horrendis
1045 612 1398 666 symptomatibus
1429 613 1516 665 ple-

59 681 246 722 nissima.
307 681 422 721 Illud
451 684 668 734 uteunque
699 680 864 731 accidit,
894 685 942 721 ut
974 681 1158 733 sanguis,
1183 680 1400 733 spiritibus
1431 680 1517 721 suis

60 763 259 802 magnam
283 754 445 802 partem
468 753 633 800 exutus,
656 753 698 790 et
726 749 778 789 ab
811 752 970 789 aestate
991 748 1262 802 praecedenti
1286 748 1516 801 plurimum

61 817 250 868 adustus,
273 817 519 858 ebullitione
551 831 627 858 sua
656 832 745 858 non
772 817 855 858 nisi
884 817 1134 858 tardissimis
1160 816 1345 857 motibus
1368 816 1517 856 defun-

61 889 199 937 gatur,
222 898 403 938 suaeque
426 884 737 938 despumationi
757 885 1047 938 longissimam
1074 883 1294 938 periodum
1314 884 1516 936 postulet.

125 953 233 1006 [23]
273 953 299 992 J
302 967 369 993 am
389 967 486 993 vero
508 956 555 993 ut
577 952 847 993 manifestum
873 952 1022 993 evadat
1044 967 1169 1005 quam
1192 952 1417 992 difficulter
1437 951 1517 992 hae

60 1019 217 1060 Febres
252 1020 551 1072 (Autumnales
582 1020 713 1074 puta,)
748 1020 1008 1060 curationem
1039 1020 1282 1070 admittant,
1315 1019 1396 1059 hoc
1425 1019 1517 1059 loco

58 1087 406 1141 perpendendum
430 1092 493 1128 est
515 1088 826 1128 Continuarum
847 1088 974 1141 hujus
996 1087 1261 1141 tempestatis
1293 1091 1420 1140 atque
1441 1087 1516 1126 In-

58 1156 389 1196 termittentium
426 1155 652 1196 discrimen
681 1155 727 1195 in
758 1169 807 1196 eo
840 1155 1021 1196 maxime
1051 1155 1219 1205 versari,
1255 1155 1366 1208 quod
1400 1153 1517 1194 Con-

58 1223 204 1263 tinuae
245 1228 491 1276 conceptam
538 1223 667 1263 semel
714 1223 1073 1263 effervescentiam
1115 1224 1301 1278 συνεχῶς
1346 1235 1516 1275 unoque

58 1295 206 1332 tenore
237 1291 470 1344 perficiant,
505 1291 849 1331 Intermittentes
886 1296 1027 1331 autem
1063 1291 1231 1344 partitis
1266 1290 1427 1330 vicibus
1468 1303 1516 1330 ac

59 1358 230 1399 diversis
250 1358 511 1412 temporibus
533 1358 678 1399 eadem
701 1358 1002 1412 defungantur.
1057 1359 1238 1399 Interim
1258 1358 1305 1398 in
1325 1358 1515 1411 utrisque
1535 1370 1575 1401 In
1588 1371 1699 1403 Febri-

58 1425 328 1466 fermentatio
348 1426 541 1471 Naturae
563 1426 694 1467 ductu
714 1427 930 1479 peragitur
951 1426 1086 1479 spatio
1106 1426 1305 1467 horarum
1327 1426 1424 1475 336,
1442 1429 1515 1466 aut
1532 1414 1592 1444 bus
1608 1415 1678 1445 Au-

1533 1458 1687 1488 tulnnali-

59 1494 252 1544 circiter3
283 1508 420 1548 neque
452 1494 564 1535 enim
596 1494 720 1535 citius
751 1499 825 1534 aut
855 1494 1017 1535 tardius
1049 1508 1186 1535 massa
1217 1493 1451 1546 sanguinea
1469 1493 1516 1533 in
1532 1499 1602 1535 bus,
1619 1505 1686 1531 tam

58 1561 246 1602 humano
273 1576 445 1616 corpore
473 1561 685 1603 ordinario
712 1567 978 1616 repurgatur,
1011 1562 1046 1602 si
1073 1562 1294 1615 negotium
1320 1561 1514 1602 Naturae
1532 1541 1704 1624 ξὲἓῑξζιᾚζῗ

58 1629 319 1684 permiseris3
370 1630 485 1670 haud
526 1644 644 1671 secus
680 1644 728 1671 ac
761 1630 995 1683 pomatium
1036 1644 1167 1680 suam,
1199 1630 1346 1670 finum
1388 1633 1514 1682 atque
1532 1628 1711 1701 {5333}ssss-

1620 1693 1627 1707 ‚
1692 1691 1706 1695 -

1 1731 3 1734 .
60 1697 256 1738 cerevisia
272 1711 403 1748 suam,
422 1712 469 1738 ac
481 1698 734 1751 peculiarem
752 1698 881 1738 habet
902 1697 1120 1752 periodum
1140 1712 1222 1751 qua
1239 1697 1512 1750 depurentur.
1532 1714 1696 1751 mentatio,

3 1773 5 1823 ᾗ
65 1765 173 1819 [24]
213 1766 414 1808 Quamvis
443 1771 584 1807 autem
612 1766 658 1806 in
686 1766 892 1806 Febribus
920 1765 1313 1806 Intermittentibus
1342 1765 1514 1818 sanguis

1533 1755 1677 1786 Naturae

1533 1798 1642 1836 ductu,

58 1847 365 1887 nonnunquam
392 1835 454 1887 (ut
475 1834 521 1874 in
544 1834 764 1876 Quartana
784 1834 1026 1887 contingit,)
1052 1848 1124 1874 sex
1148 1833 1358 1874 mensium
1380 1832 1515 1886 spatio
1533 1841 1634 1881 spatio
1649 1841 1719 1895 ho-.

60 1900 424 1955 despumationem
465 1916 583 1941 suam
624 1902 851 1952 moliatur¹,
885 1916 932 1942 ac
962 1902 1138 1942 tandem
1178 1901 1369 1955 perficiat
1384 1918 1395 1951 3
1427 1915 1515 1941 non
1532 1886 1722 1957 Ξῗῇῑζῗζοῇἱῗ

59 1972 204 2009 tamen
230 1968 278 2021 (si
299 1968 379 2009 rite
400 1969 606 2009 calculum
627 1970 787 2022 ponas,)
812 1970 906 2023 plus
927 1969 1127 2023 temporis
1148 1969 1195 2009 in
1215 1969 1361 2010 eadem
1379 1969 1514 2009 absol·
1533 1969 1703 2009 peragitur.

59 2036 197 2076 venda
217 2035 489 2089 impenditur,
513 2050 637 2089 quam
666 2037 778 2088 quod
805 2036 850 2076 in
873 2036 1098 2077 Continuis
1125 2036 1313 2090 impendi
1343 2044 1515 2076 natura-

5 2108 7 2115 '
59 2102 158 2144 liter
172 2103 276 2144 solet
285 2121 296 2153 3
323 2103 638 2157 quatuordecim
654 2103 765 2143 enim
781 2102 1069 2158 νυχθήμεραῐΰ,
1085 2102 1169 2144 sive
1184 2103 1272 2143 dies
1285 2103 1513 2153 naturales,

5 2203 7 2206 -
60 2171 248 2212 efficiunt
281 2172 404 2212 horas
438 2173 546 2222 3365
592 2171 820 2212 tribuendo
853 2185 1005 2225 nempe
1040 2171 1165 2211 horas
1200 2171 1386 2226 quinque
1419 2185 1515 2211 cum

60 2238 234 2280 dimidia
250 2239 421 2280 cuilibet
435 2253 683 2294 paroxysmo
701 2239 1029 2289 Quartanarum,
1043 2238 1218 2279 habebis
1234 2238 1281 2278 in
1295 2238 1516 2280 Quartana

4 2299 6 2303 ’
59 2307 241 2348 valorem
273 2307 589 2360 quatuordecim
622 2307 798 2357 dierum,
830 2307 910 2348 hoc
942 2311 1018 2357 cst,
1039 2307 1164 2347 horas
1192 2306 1290 2347 336.
1352 2307 1449 2346 Jam
1481 2305 1516 2346 si

5 2403 9 2423 ,<
60 2373 154 2429 quis
184 2374 348 2425 dixerit,
380 2375 656 2424 Quartanam,
685 2374 801 2415 verbi
830 2388 967 2424 causa,
1003 2374 1163 2426 (eadem
1196 2373 1308 2414 enim
1336 2373 1515 2426 reliqua-

5 2435 9 2456 ²
59 2455 154 2481 rum
194 2442 579 2483 Intermittentium
614 2441 723 2482 ratio
764 2441 1124 2494 subintelligenda
1158 2442 1251 2492 est,)
1292 2441 1404 2481 ultra
1444 2453 1516 2480 sex

8 2527 9 2562 ᾗ
58 2508 268 2550 mensium
299 2509 481 2563 spat1um
513 2510 739 2563 aliquando
770 2523 1002 2560 excurrere,
1037 2514 1264 2562 autequam
1295 2507 1515 2562 periodum

60 2590 177 2617 suam
200 2577 387 2619 absolvat
402 2595 414 2628 ς
445 2578 692 2632 respondeo,
715 2577 826 2618 idem
849 2577 976 2618 etiam
998 2591 1085 2618 non
1108 2591 1200 2618 raro
1221 2578 1266 2617 in
1289 2575 1515 2618 Continuis

59 2643 264 2685 Febribus
285 2644 411 2698 hujus
433 2644 775 2686 constitutionisn
797 2644 989 2698 spectari,
1013 2659 1118 2698 quac
1147 2658 1269 2698 saepe
1290 2645 1402 2685 ultra
1423 2643 1512 2684 dies

9 2733 11 2742 ⁴
59 2725 204 2753 sustinere
215 2725 476 2763 nequeat‚Nalara
490 2726 753 2754 novamconsiliam
813 2726 1040 2754 eomumdssvsinze
1057 2729 1244 2762 separemur.
1264 2723 1332 2753 edd.
1351 2723 1414 2759 ’66,
1432 2722 1495 2752 ’68.

59 2767 204 2796 meditata
233 2777 265 2796 eo
295 2769 412 2796 tandem
444 2768 580 2802 inclinat,
602 2772 633 2796 ιιι
662 2769 754 2796 aliam
857 2763 864 2783 ¹
889 2767 1042 2805 nmlialar]
1084 2766 1129 2796 sic
1159 2766 1228 2796 edd.
1266 2767 1326 2802 ‘66,
1349 2767 1412 2807 368
1450 2776 1510 2795 mo-

59 2810 206 2846 quandam
222 2813 370 2839 texturam
391 2810 513 2847 effoelae
536 2820 648 2839 massae
660 2820 750 2847 prae·
815 2811 887 2838 Iilur
903 2809 971 2839 edd.
989 2809 1052 2843 '7()'‚
1071 2810 1131 2839 's5.

55 2855 154 2887 paret,
171 2853 300 2891 adeoque
316 2863 404 2881 novas
426 2863 473 2881 res
490 2854 609 2881 molitur
622 2864 633 2885 ;
658 2853 690 2881 id
705 2854 751 2881 ni·
855 2855 876 2869 ”¹
901 2849 1053 2891 νυχθὴμ.]
1087 2851 1173 2881 Male
1205 2849 1430 2891 Syd.—,u÷'pta:
1469 2854 1508 2885 cf.

59 2894 164 2922 mirum
177 2904 278 2933 agens,
296 2899 329 2924 ut
342 2899 445 2933 partes
460 2896 642 2933 sanguineae
659 2896 751 2930 molis,
814 2904 882 2933 sup.
900 2896 933 2931 ἐξ
954 2895 983 2928 (5,
1005 2895 1030 2924 7.

60 2943 135 2973 quae
150 2937 348 2967 immutationi
362 2939 457 2977 magis
474 2939 646 2973 inserviunt,
665 2947 751 2976 quam
856 2941 869 2956 ¹¹
886 2936 1152 2976 lmjusconslilat,]
1165 2946 1225 2967 om.
1235 2936 1303 2967 edd.
1314 2936 1506 2973 '66,'68,¹76.
