1985 3308
390 152 474 191 508
805 148 1062 191 THOMAE
1096 147 1438 190 SYDENHAM

187 265 372 297 DnNovAn
390 261 556 311 postero
585 256 667 298 hoc
699 256 1019 297 sudorificorum
1051 255 1210 296 abusu:
1242 253 1308 293 his
1341 252 1456 293 enim
1485 262 1603 291 more
1631 251 1850 301 receptum

188 309 366 381 Ῑξέἒέδξυ
390 332 467 377 est,
498 331 561 377 ut,
594 326 629 367 si
669 326 762 379 quis
803 325 855 366 de
894 325 1032 378 rigore
1068 330 1110 364 et
1151 323 1300 376 capitis
1339 326 1468 374 atque
1508 319 1666 361 ossium
1706 317 1849 358 dolore

393 395 518 448 (quae
552 399 601 435 ut
636 393 867 447 plurimum
902 392 1048 433 Febris
1078 405 1175 431 mox
1212 391 1433 430 invasurae
1468 387 1686 442 praeludia
1715 384 1847 437 sunt)

389 466 686 516 conqueratur,
728 460 939 513 extemplo
978 459 1100 498 illum
1146 459 1257 499 lecto
1305 457 1561 512 adjudicant,
1603 459 1646 495 et
1687 452 1850 494 sudori-

388 529 468 570 bus
509 543 677 583 quoquo
716 527 842 569 modo
883 525 1182 579 extorquendis
1220 526 1304 566 toti
1343 524 1613 566 incumbunt.
1684 522 1726 562 A
1767 533 1850 573 quo

389 599 632 653 importuno
661 596 882 637 molimine
916 600 1089 636 tantum
1125 595 1243 635 abest
1277 599 1328 635 ut
1358 596 1656 648 praecaveatur
1689 590 1850 640 Febris,

394 668 516 721 (quae
556 667 665 706 forte
704 665 771 705 vel
811 678 887 704 sua
922 668 1084 717 sponte,
1121 663 1187 703 vel
1228 662 1391 703 eductis
1433 662 1592 715 aliquot
1633 658 1850 712 sanguinis

388 735 539 784 unciis,
560 736 757 786 potuerat
782 732 1059 784 evanescere,)
1087 735 1132 770 ut
1155 745 1176 771 e
1198 735 1347 771 contra
1374 729 1510 782 magis
1531 741 1707 769 accensa
1726 726 1849 767 vehe-

389 801 577 842 mentius
599 800 855 849 exardescat,
878 804 921 839 et
948 799 994 838 in
1018 799 1214 839 morbum
1240 799 1329 852 jam
1357 797 1596 838 radicatum
1627 795 1850 836 confirma-

388 874 567 921 tumque
598 867 734 908 abeat.
803 866 911 920 [40]
950 866 1063 906 Illud
1093 866 1266 919 insuper
1301 865 1363 918 (ut
1393 864 1556 904 vetulas
1581 863 1673 917 jam
1702 861 1851 902 missas

389 936 623 988 faciamus,)
648 935 918 976 notissimum
947 939 1022 984 est,
1047 934 1171 987 quod,
1194 934 1303 974 sicut
1329 933 1502 974 sudores
1529 931 1602 972 isti
1622 930 1694 985 qui
1715 929 1851 971 Febre

388 1004 574 1058 primum
594 1003 822 1056 ingruente
844 1002 1068 1056 spontanei
1088 1006 1330 1055 erumpunt,
1349 999 1662 1055 symptomatici
1677 997 1851 1040 omnino

390 1076 504 1122 sunt,
522 1071 767 1111 nullatenus
788 1084 885 1110 vero
907 1070 1063 1117 critici3
1096 1070 1157 1110 ita
1178 1070 1320 1120 etiam,
1339 1070 1410 1123 qui
1429 1069 1575 1123 primis
1596 1066 1742 1109 Febris
1764 1065 1851 1106 die-

389 1139 470 1180 bus
502 1138 887 1192 diaphoreticorum
916 1138 956 1178 vi
987 1137 1295 1190 exprimuntur,
1326 1137 1436 1178 nihil
1464 1137 1599 1190 magis
1630 1135 1684 1176 ad
1713 1132 1852 1175 morbi

390 1207 655 1248 curationem
675 1206 926 1260 plerumque
954 1206 1180 1246 conferunt
1203 1220 1330 1260 quam
1352 1206 1488 1247 solent
1514 1204 1636 1245 alteri
1655 1203 1718 1244 illi
1739 1216 1850 1257 sym-

390 1275 612 1329 ptomatici
643 1275 703 1315 ita
732 1279 1001 1328 praemature
1033 1289 1107 1314 sua
1137 1280 1287 1327 sponte
1322 1278 1560 1323 manantes,
1591 1272 1672 1312 hoc
1702 1275 1766 1312 est
1800 1274 1851 1311 ut

390 1344 635 1398 plurimum,
657 1357 713 1383 ne
733 1343 871 1382 hilum
893 1343 1074 1396 quidem.
1123 1342 1290 1383 Deinde
1311 1356 1421 1392 vero,
1445 1342 1553 1382 sicut
1578 1340 1747 1394 ignorat
1768 1339 1852 1379 Ars

391 1411 759 1465 opportunitatem
785 1411 903 1450 illam
927 1411 1129 1464 temporis
1152 1425 1235 1464 qua
1259 1410 1431 1451 sudores
1459 1408 1653 1450 eliciendi
1676 1406 1851 1456 fuerint,

391 1480 452 1520 ita
472 1479 631 1532 pariter
651 1478 793 1518 nescia
810 1483 873 1518 est
891 1492 1016 1531 quam
1039 1478 1112 1518 diu
1132 1478 1178 1518 in
1198 1478 1348 1518 iisdem
1366 1476 1641 1518 sollicitandis
1662 1488 1851 1528 perseve-

391 1547 574 1587 randum
596 1547 663 1587 sit.
726 1546 853 1587 Quod
875 1546 908 1585 si
930 1546 1186 1599 diaphoresis
1213 1547 1327 1586 ultra
1349 1546 1542 1586 debitum
1562 1550 1744 1596 tempus,
1769 1556 1852 1596 quo

393 1614 551 1654 scilicet
583 1613 762 1653 materia
796 1613 992 1653 morbum
1029 1614 1299 1653 committens
1330 1613 1500 1667 penitus
1530 1612 1658 1652 fuerit
1692 1615 1851 1660 exacta,

392 1682 689 1735 protrahatur,
721 1682 995 1721 humidarum
1022 1682 1200 1722 istarum
1228 1682 1545 1735 particularum,
1577 1680 1729 1734 quibus
1757 1693 1852 1719 san-

393 1750 487 1802 guis
521 1750 746 1790 diluendus
782 1750 1248 1803 contemperandusque
1280 1755 1382 1800 erat,
1420 1748 1674 1802 absumptio,
1706 1747 1853 1788 Febris

392 1822 487 1857 tum
514 1830 657 1857 morae
690 1816 945 1859 diut1u²niori
973 1823 1068 1856 tum
1098 1817 1361 1857 incremento
1391 1815 1665 1856 ministrabit.
1741 1815 1853 1855 Con-

393 1889 478 1924 stat
503 1884 647 1936 itaque
674 1898 800 1937 quam
832 1884 878 1924 in
905 1884 1067 1924 lubrico
1093 1898 1159 1924 res
1187 1884 1256 1924 hic
1282 1889 1472 1925 vertatur
1484 1902 1495 1935 3
1529 1898 1626 1924 cum
1654 1898 1677 1924 e
1705 1888 1855 1924 contra

392 1965 522 2005 penes
556 1951 774 1991 Medicum
808 1952 874 2001 sit,
910 1952 1087 1991 alteram
1121 1952 1239 1992 illam
1279 1953 1529 1993 methodum
1563 1966 1647 2006 qua
1677 1951 1855 1992 materia

393 2019 572 2060 Febrilis
593 2033 667 2072 per
688 2019 1021 2072 phlebotomiam
1047 2025 1089 2061 et
1121 2021 1334 2061 catharsin
1363 2021 1620 2071 eliminatur,
1642 2035 1719 2075 pro
1744 2020 1854 2061 arbi-

392 2087 475 2126 trio
501 2100 576 2126 suo
607 2086 828 2127 moderari.
890 2087 1026 2137 Adde,
1051 2088 1164 2140 quod
1193 2088 1272 2128 hoc
1303 2089 1431 2129 etiam
1458 2089 1631 2129 nomine
1658 2088 1762 2129 haec
1792 2087 1855 2127 illi

393 2154 515 2194 alteri
547 2155 846 2208 anteponenda
877 2161 952 2205 est,
984 2156 1097 2208 quod
1127 2156 1298 2207 scilicet,
1327 2157 1363 2196 si
1391 2157 1501 2197 forte
1531 2156 1728 2198 Medicus
1759 2171 1854 2210 pro-

393 2223 580 2276 positum
608 2222 688 2262 sibi
719 2237 893 2276 scopum
923 2238 1011 2263 non
1037 2224 1223 2276 attigerit
1254 2224 1301 2264 in
1325 2225 1514 2265 sanando
1542 2238 1680 2277 aegro,
1703 2224 1855 2265 saltem

395 2289 579 2330 eundem
608 2289 655 2329 in
678 2290 848 2330 nullum
873 2290 1099 2331 discrimen
1129 2291 1314 2342 adducit,
1338 2293 1451 2346 quod
1480 2293 1526 2332 in
1551 2293 1855 2346 diaphoretico-

394 2373 491 2398 rum
512 2373 594 2399 usu
615 2358 839 2411 contingit,
862 2358 944 2398 nisi
972 2359 1257 2400 convalescat:
1293 2361 1452 2401 etenim
1472 2361 1539 2401 vel
1565 2361 1678 2401 calor
1698 2359 1854 2401 lectulo

391 2426 552 2479 jugiter
572 2426 737 2475 inclusi,
759 2426 827 2466 cui
847 2431 1013 2478 praeter
1041 2427 1213 2467 solitum
1240 2442 1402 2469 morem
1434 2428 1681 2482 aliquandiu
1707 2442 1751 2469 se
1782 2427 1854 2468 ad-

396 2494 514 2544 dixit,
537 2495 599 2546 (ut
621 2494 811 2534 cardiaca
832 2508 938 2546 quae
960 2494 1005 2534 in
1026 2494 1105 2534 hac
1125 2495 1325 2535 medendi
1345 2496 1508 2536 ratione
1529 2496 1669 2536 locum
1690 2508 1855 2549 semper

396 2562 593 2603 obtinent
615 2563 891 2614 omittamus,)
916 2562 1110 2603 Natmae
1131 2565 1419 2604 oeconomiam
1440 2564 1676 2614 confundit,
1694 2569 1735 2605 et
1756 2577 1855 2604 con-

395 2630 576 2670 mlsivos
598 2635 769 2670 artumn
796 2635 938 2671 motus
967 2630 1128 2683 aliaque
1155 2636 1440 2685 symptomata
1464 2645 1635 2685 prorsus
1661 2631 1857 2672 anomala

397 2698 546 2738 adfert.
581 2698 701 2740 Quae
723 2712 823 2738 sane
843 2698 938 2739 ideo
961 2698 1163 2739 delineari
1183 2714 1271 2740 non
1291 2705 1481 2753 possunt,
1500 2700 1597 2753 quia
1618 2699 1696 2740 sub
1717 2699 1855 2740 morbi

396 2764 618 2805 historiam
653 2780 741 2806 non
777 2766 949 2816 cadunt,
988 2767 1116 2819 (quod
1147 2767 1194 2807 in
1226 2768 1521 2821 symptomatis
1555 2768 1765 2821 plerisque
1800 2766 1855 2806 ad

399 2833 628 2884 quemlibet
658 2834 855 2874 morbum
886 2834 1175 2886 spectantibus
1206 2849 1286 2876 usu
1317 2836 1460 2888 venit)
1496 2835 1569 2876 sed
1600 2850 1624 2876 a
1654 2835 1853 2889 superad-

399 2898 487 2939 dito
522 2901 710 2941 tumultu
751 2907 792 2941 et
834 2901 1080 2943 confusione
1121 2902 1329 2953 oriuntur,
1365 2903 1517 2957 quibus
1558 2916 1680 2957 saepe
1716 2902 1853 2957 oppri-
