1985 3308
296 146 818 191 OBSERVATIONUM
849 146 1227 188 MEDICARUM
1260 153 1289 187 1.
1317 158 1347 187 5.
1496 150 1546 190 75

97 254 244 306 modis,
271 260 314 297 et
344 254 514 310 quidem
545 267 638 294 cum
672 257 819 309 optato
849 254 978 304 exitu,
1007 253 1182 307 aggredi
1211 253 1323 304 licet,
1351 253 1415 293 uti
1446 254 1550 294 mihi
1592 266 1728 296 Funus

95 336 184 364 non
203 322 461 376 infrequenti
481 322 773 363 observatione
794 321 964 362 abunde
984 321 1190 363 constitit.
1571 308 1753 380 ΑΙζξΞὶῗζΜ

159 390 267 444 [17.]
305 390 627 443 Nonnunquam
656 389 881 430 emeticum
909 389 1158 444 tempestive
1185 388 1459 444 propinatum
1489 389 1552 441 (ut
1592 394 1757 440 'GL-'644

95 471 249 512 nempe
270 462 370 499 ante
391 471 689 513 paroxysmum
711 457 883 510 negotio
905 471 980 498 suo
997 456 1174 510 defungi
1194 456 1357 511 possit,)
1374 456 1551 497 faelicis-
1571 444 1752 517 ξζζξζζξὲξ

96 525 199 570 sime
220 526 417 566 successit
423 543 435 576 3
467 525 712 580 praesertim
731 525 766 565 si
788 523 1098 578 quantitatemb
1119 524 1373 566 mediocrem
1398 524 1553 578 Syrupi
1572 529 1645 565 tice,

95 593 147 634 de
168 593 380 644 Meconio,
396 593 462 634 vel
478 592 659 647 cujusvis
679 592 897 643 narcotici‚
914 597 1010 647 post
1031 592 1196 633 finitam
1219 591 1386 633 emetici
1406 605 1554 647 opera-

93 661 254 702 tionem
275 661 528 712 exhibueris,
550 661 794 702 immediate
816 665 915 701 ante
935 660 1176 715 paroxysmi
1195 660 1416 701 insultum.

152 729 231 770 Est
251 728 326 770 ubi
346 729 570 770 sanitatem
588 728 729 769 videas
751 729 1016 770 restitutamc
1032 742 1107 784 per
1123 727 1422 783 diaphoretica,
1446 741 1552 781 quae
1572 742 1658 762 nunc
1678 732 1746 781 ᾁῑιζι-

96 797 290 838 sudorem
311 797 357 837 in
382 797 623 852 paroxysmi
650 796 859 839 solutione
887 796 1084 837 obortum
1113 800 1403 850 promoveant,
1427 809 1553 848 aegro
1572 775 1755 816 thenffls'

96 864 267 904 interim
303 864 461 919 optime
502 863 702 917 stragulis
742 868 965 918 cooperto,
1007 863 1052 904 id
1092 863 1205 916 quod
1245 867 1469 918 tantopere
1506 877 1554 903 ac

94 931 259 971 tamdiu
279 931 519 972 faciendum
542 936 605 972 est
628 931 829 984 quamdiu
850 931 957 971 xires
983 931 1098 984 aegri
1118 931 1350 986 patiantur.
1411 931 1555 984 Atque

95 997 175 1039 hoc
205 999 251 1039 in
272 999 395 1039 Veris
427 998 834 1049 Intermittentibus,
863 999 1088 1054 praecipue
1111 998 1396 1048 Quotidianis,
1430 1011 1555 1052 saepe

96 1064 283 1106 obtinuit
295 1083 307 1116 ,-
339 1061 586 1107 humoribus
616 1066 728 1106 enim
755 1066 802 1106 111
827 1066 905 1107 hac
936 1070 1190 1120 tempestate
1211 1080 1299 1106 non
1327 1065 1554 1107 admodum

96 1133 245 1175 crassis
276 1134 567 1184 existentibus,
598 1133 765 1184 solutio,
794 1133 896 1174 alias
924 1134 1172 1188 imperfecta
1198 1134 1355 1183 futura,
1384 1134 1430 1173 in
1461 1147 1555 1188 per-

94 1201 248 1242 fectam
271 1202 484 1250 adolescit,
508 1202 620 1255 quod
642 1202 811 1255 quidem
832 1202 879 1242 in
901 1206 1107 1242 autumno
1128 1215 1349 1254 nunquam
1371 1200 1536 1241 accidit.

154 1269 270 1311 Quid
286 1270 397 1323 quod
418 1271 609 1324 clysteris
630 1270 676 1311 in
693 1270 842 1310 diebus
862 1269 1249 1310 intermittentibus
1270 1282 1346 1323 per
1365 1269 1556 1309 triduum
1576 1283 1660 1303 nune
1679 1274 1737 1304 eti-

95 1338 160 1378 vel
181 1338 452 1392 quatriduum
476 1336 684 1379 adhibitid
704 1338 923 1389 beneficio,
946 1337 1166 1378 Tertianas
1188 1336 1415 1391 aliquando
1437 1351 1556 1378 cura·
1575 1326 1718 1389 ffirgtfgoe‘

96 1405 226 1447 verim
235 1411 250 1429 θ
263 1406 282 1446 Ρ

156 1473 264 1527 [18.]
302 1473 504 1516 Interimf
523 1474 557 1515 si
578 1474 631 1515 ob
652 1474 983 1529 phlebotomiam
1004 1473 1191 1514 liberiori
1212 1487 1342 1513 manu
1372 1472 1556 1513 celebra-
1576 1480 1747 1529 Pijleboto-

96 1545 196 1592 tam,
223 1543 321 1595 (quo
337 1547 567 1597 tempestas
587 1543 680 1598 ipsa
700 1557 851 1597 parum
872 1546 1018 1583 cautos
1041 1542 1162 1582 facile
1182 1541 1391 1594 inclinat,)
1416 1541 1482 1581 vel
1503 1540 1555 1581 ob
1575 1534 1751 1596 ἰξζζΥᾟῖζζῗ

96 1609 211 1662 aegri
242 1610 504 1651 debilitatem
535 1611 880 1662 antecedaneam,
914 1611 1087 1666 spiritus
1119 1610 1194 1660 illi,
1228 1610 1300 1663 qui
1331 1609 1470 1650 subito
1503 1609 1555 1649 ad
1573 1609 1742 1668 celebrata*

95 1676 457 1732 despumationem
489 1693 532 1720 se
564 1679 849 1732 accingerent,
881 1679 1151 1734 pauperiores
1183 1677 1286 1718 facti
1317 1677 1457 1717 minus
1489 1691 1557 1717 va·
1576 1653 1754 1735 ([Ῑὲῗιζῖῗζῗῖ.

95 1744 235 1795 leant,-
263 1746 452 1787 accidere
474 1751 614 1801 potest
633 1751 682 1787 ut
704 1747 947 1800 hujusmodi
976 1746 1131 1787 Febres
1151 1745 1371 1796 VernaleS,
1393 1745 1558 1785 auxiliis
1577 1737 1631 1767 dit.

97 1812 418 1867 quibuscunque
449 1814 608 1856 frustra
637 1815 852 1865 tentatisg,
874 1814 1204 1855 Autumnalium
1231 1813 1558 1854 diuturnitatem

97 1880 378 1921 aemulentur.
454 1882 537 1922 Sed
579 1896 680 1922 sane
720 1895 809 1923 non
850 1882 987 1923 solent
1026 1882 1124 1922 illae
1165 1894 1351 1933 eousque
1391 1880 1557 1930 durare,

98 1947 252 2002 quippe
280 1962 386 2002 quae
406 1950 472 1989 vel
501 1954 652 2004 sponte
674 1964 749 1990 sua
778 1950 988 2000 desinant,
1010 1950 1075 1991 vel
1102 1949 1248 1990 leviori
1276 1948 1558 1989 remediorum

99 2030 178 2070 ope
199 2017 322 2058 facile
342 2018 388 2058 in
409 2018 552 2071 fugam
574 2023 808 2059 vertantur.

163 2084 271 2138 [19.]
310 2085 650 2126 Intermittentcs
672 2091 815 2127 autem
831 2086 1114 2128 Autumnales
1130 2100 1219 2126 non
1235 2090 1322 2126 tam
1339 2085 1420 2126 levi
1433 2098 1561 2139 opera
1578 2090 1708 2120 INTER--

99 2167 143 2194 se
171 2154 354 2195 amoveri
379 2155 626 2210 patiuntur:
669 2156 720 2196 de
741 2156 824 2196 illis
851 2156 984 2209 igitur
1013 2156 1221 2197 nonnulla
1249 2155 1353 2195 mihi
1381 2154 1560 2195 dicenda
1578 2141 1729 2205 ἲὲζτέῗζ

98 2226 211 2262 sunt.
282 2223 328 2263 Si
378 2224 636 2264 autumnalis
687 2224 936 2265 constitutio
985 2223 1113 2264 fucrit
1164 2222 1408 2278 epidemica,
1450 2222 1560 2263 circa
1577 2227 1717 2290 ΞΞΞΙΝΑ·

99 2290 126 2330 J
130 2289 277 2330 unium
318 2291 511 2332 adultum
557 2292 695 2333 solent
736 2292 934 2333 invadere
950 2309 962 2342 3
1013 2291 1079 2332 sin
1119 2291 1272 2341 minus,
1314 2290 1558 2342 Augustum
1577 2285 1763 2350 ffiermifs

98 2358 424 2412 praestolantur,
447 2364 490 2400 et
509 2359 771 2415 Septembris
792 2360 988 2401 initium:
1018 2360 1064 2400 111
1086 2357 1441 2412 subsequentibus
1462 2371 1559 2398 vero
1575 2366 1678 2392 tentes
1691 2362 1762 2392 Au-

221 2426 228 2433 ,
407 2427 414 2434 ,
1577 2405 1738 2435 tumnales

98 2426 313 2467 menslbus
333 2441 469 2468 rarius
491 2433 732 2468 occurrunt.
1576 2447 1663 2477 haud
1679 2448 1723 2477 ita

156 2493 264 2536 Cum
289 2509 433 2536 earum
461 2495 613 2549 ingens
641 2496 812 2550 aliquod
833 2510 987 2549 agmen
1009 2494 1160 2536 simulh
1181 2494 1394 2545 invaserit,
1417 2494 1558 2535 obser-
1576 2489 1762 2563 Ξὲῑέξυῑῖἓ·

141 2581 155 2601 ι’
177 2585 456 2626 quant.—narcot.]
486 2588 604 2626 largam
627 2588 802 2616 Diascordiz'
861 2589 1021 2617 thar-tivum
1037 2589 1139 2616 mitius
1153 2590 1298 2620 sumatur,
1315 2596 1351 2615 ac
1375 2587 1501 2624 denique
1526 2590 1559 2614 ιιι

98 2627 183 2658 dosin
199 2628 245 2658 ed.
262 2629 325 2659 ’66,
860 2632 1041 2660 narcoticum
1071 2630 1195 2668 aliquod
1217 2630 1308 2668 paulo
1336 2633 1405 2657 unte
1429 2630 1560 2666 proximi

145 2674 157 2688 ε
180 2670 367 2710 restitutum]
387 2673 486 2701 instit.
505 2671 574 2702 edd.
593 2671 655 2707 ’66,
675 2672 735 2702 ’68-
856 2675 1030 2711 ])ιινο.1’]].ςιιιὶ
1060 2674 1217 2701 adrentum
1252 2672 1450 2708 deglutimur.
1497 2671 1560 2699 Imo

141 2715 156 2736 (Ι
178 2713 328 2753 adhibiti]
346 2716 442 2743 eoelzib.
459 2714 526 2744 edd.
545 2714 608 2749 ’66,
625 2715 687 2744 ’68.
856 2717 928 2744 haec
945 2717 1009 2753 ipsa
1026 2716 1177 2743 methodus
1190 2715 1235 2743 vel
1246 2714 1444 2742 Aatamnales
1457 2713 1558 2742 Inter-

141 2760 154 2774 θ
177 2755 240 2785 Hic
251 2755 320 2786 add.
334 2756 382 2786 ed.
397 2758 449 2787 ’68
464 2767 545 2797 quae
557 2761 799 2796 sequuntur2—
856 2760 1007 2787 mittentes
1023 2758 1184 2796 aliquando
1198 2757 1362 2795 profligare
1378 2756 1483 2785 valuit.

104 2799 211 2829 Verum
223 2800 365 2829 adversus
385 2801 544 2829 Tertianus
565 2800 706 2829 Vernales
722 2802 799 2829 nihil
900 2798 910 2818 ἵ
932 2798 1075 2838 Interim]
1091 2805 1280 2829 veruntamen
1297 2798 1344 2827 cd.
1358 2798 1418 2827 ’66,

99 2843 196 2872 adhuc
219 2843 451 2880 compendiosius
472 2847 525 2873 (cut
548 2843 696 2879 efficacius
719 2852 796 2872 com·
901 2846 915 2866 ἕ
937 2839 1198 2880 auxiliis—tent.]
1215 2851 1275 2870 om.
1293 2840 1340 2870 ed.
1358 2840 1419 2871 ’66-

97 2886 164 2923 peri
186 2895 274 2923 quam
300 2889 332 2914 ut
358 2886 454 2914 victus
478 2887 574 2914 tenuis
598 2895 634 2914 ac
663 2887 799 2915 carnium
901 2887 915 2908 Ι·
938 2884 1044 2924 simul]
1058 2886 1188 2923 primum
1205 2883 1251 2913 cd.
1271 2883 1332 2913 ’66,

100 2936 203 2965 expers
233 2928 411 2964 observetur,
428 2929 474 2957 die
497 2929 723 2958 intermissionis
747 2938 796 2957 ca-
