<?xml version="1.0" encoding="UTF-8"?>
<!DOCTYPE html PUBLIC "-//W3C//DTD XHTML 1.0 Transitional//EN"
    "http://www.w3.org/TR/xhtml1/DTD/xhtml1-transitional.dtd">
<html xmlns="http://www.w3.org/1999/xhtml" xml:lang="en" lang="en">
 <head>
  <title>
</title>
<meta http-equiv="Content-Type" content="text/html;charset=utf-8" />
  <meta name='ocr-system' content='tesseract 3.04.00' />
  <meta name='ocr-capabilities' content='ocr_page ocr_carea ocr_par ocr_line ocrx_word'/>
</head>
<body>
  <div class='ocr_page' id='page_1' title='image "./thomaesydenhammd00sydeuoft_0337.png"; bbox 0 0 1985 3308; ppageno 0'>
   <div class='ocr_carea' id='block_1_1' title="bbox 418 146 1556 190">
    <p class='ocr_par' dir='ltr' id='par_1_1' title="bbox 418 146 1556 190">
     <span class='ocr_line' id='line_1_1' title="bbox 418 146 1556 190; baseline 0 -1"><span class='ocrx_word' id='word_1_1' title='bbox 418 146 709 189; x_wconf 87' lang='lat' dir='ltr'><strong>EPISTOLA</strong></span> <span class='ocrx_word' id='word_1_2' title='bbox 740 147 776 187; x_wconf 95' lang='lat' dir='ltr'>I.</span> <span class='ocrx_word' id='word_1_3' title='bbox 807 146 1244 189; x_wconf 85' lang='lat' dir='ltr'><strong>RESPONSORIA.</strong></span> <span class='ocrx_word' id='word_1_4' title='bbox 1475 149 1556 190; x_wconf 86' lang='lat'>301</span> 
     </span>
    </p>
   </div>
   <div class='ocr_carea' id='block_1_2' title="bbox 87 253 1768 2683">
    <p class='ocr_par' dir='ltr' id='par_1_2' title="bbox 100 253 1766 443">
     <span class='ocr_line' id='line_1_2' title="bbox 102 253 1766 309; baseline -0.003 -14"><span class='ocrx_word' id='word_1_5' title='bbox 102 255 237 308; x_wconf 89' lang='lat' dir='ltr'>magis</span> <span class='ocrx_word' id='word_1_6' title='bbox 259 254 394 309; x_wconf 86' lang='lat' dir='ltr'>aegris</span> <span class='ocrx_word' id='word_1_7' title='bbox 414 254 644 308; x_wconf 84' lang='lat' dir='ltr'>prodesset,</span> <span class='ocrx_word' id='word_1_8' title='bbox 663 268 790 307; x_wconf 90' lang='lat' dir='ltr'>quam</span> <span class='ocrx_word' id='word_1_9' title='bbox 812 254 1027 295; x_wconf 89' lang='lat' dir='ltr'>solennior</span> <span class='ocrx_word' id='word_1_10' title='bbox 1046 254 1119 294; x_wconf 90' lang='lat' dir='ltr'>illa</span> <span class='ocrx_word' id='word_1_11' title='bbox 1139 253 1422 295; x_wconf 83' lang='lat' dir='ltr'><strong>remediorum</strong></span> <span class='ocrx_word' id='word_1_12' title='bbox 1442 268 1560 307; x_wconf 84' lang='lat' dir='ltr'>pom-</span> <span class='ocrx_word' id='word_1_13' title='bbox 1580 260 1634 290; x_wconf 68' lang='lat' dir='ltr'>Da</span> <span class='ocrx_word' id='word_1_14' title='bbox 1650 262 1766 294; x_wconf 71' lang='lat' dir='ltr'>Rnssu.</span> 
     </span>
     <span class='ocr_line' id='line_1_3' title="bbox 100 313 1755 377; baseline 0 -14"><span class='ocrx_word' id='word_1_15' title='bbox 100 337 168 377; x_wconf 89' lang='lat' dir='ltr'>pa,</span> <span class='ocrx_word' id='word_1_16' title='bbox 191 337 298 376; x_wconf 88' lang='lat' dir='ltr'>quae</span> <span class='ocrx_word' id='word_1_17' title='bbox 317 323 363 363; x_wconf 90' lang='lat' dir='ltr'>in</span> <span class='ocrx_word' id='word_1_18' title='bbox 386 323 477 377; x_wconf 87' lang='lat' dir='ltr'>jam</span> <span class='ocrx_word' id='word_1_19' title='bbox 500 322 765 363; x_wconf 84' lang='lat' dir='ltr'>moribundis</span> <span class='ocrx_word' id='word_1_20' title='bbox 795 322 1016 375; x_wconf 82' lang='lat' dir='ltr'>(tanquam</span> <span class='ocrx_word' id='word_1_21' title='bbox 1040 322 1200 373; x_wconf 89' lang='lat' dir='ltr'>bestiis,</span> <span class='ocrx_word' id='word_1_22' title='bbox 1222 326 1272 362; x_wconf 91' lang='lat' dir='ltr'>ut</span> <span class='ocrx_word' id='word_1_23' title='bbox 1292 336 1390 363; x_wconf 81' lang='lat' dir='ltr'>mox</span> <span class='ocrx_word' id='word_1_24' title='bbox 1411 323 1561 364; x_wconf 89' lang='lat' dir='ltr'>immo·</span> <span class='ocrx_word' id='word_1_25' title='bbox 1589 313 1755 337; x_wconf 55' lang='lat' dir='ltr'>imm-³10.</span> 
     </span>
     <span class='ocr_line' id='line_1_4' title="bbox 100 389 919 443; baseline -0.001 -12"><span class='ocrx_word' id='word_1_26' title='bbox 100 390 257 441; x_wconf 89' lang='lat' dir='ltr'>lentur,</span> <span class='ocrx_word' id='word_1_27' title='bbox 279 391 520 443; x_wconf 87' lang='lat' dir='ltr'>coronatis,)</span> <span class='ocrx_word' id='word_1_28' title='bbox 544 390 654 431; x_wconf 91' lang='lat' dir='ltr'>male</span> <span class='ocrx_word' id='word_1_29' title='bbox 675 389 919 430; x_wconf 89' lang='lat' dir='ltr'>collocatur.</span> 
     </span>
    </p>

    <p class='ocr_par' dir='ltr' id='par_1_3' title="bbox 87 457 1768 2683">
     <span class='ocr_line' id='line_1_5' title="bbox 167 457 1749 513; baseline 0.001 -16"><span class='ocrx_word' id='word_1_30' title='bbox 167 458 274 511; x_wconf 60' lang='lat'>[62]</span> <span class='ocrx_word' id='word_1_31' title='bbox 315 457 441 499; x_wconf 81' lang='lat' dir='ltr'>Quod</span> <span class='ocrx_word' id='word_1_32' title='bbox 461 472 558 498; x_wconf 78' lang='lat' dir='ltr'>v·e10</span> <span class='ocrx_word' id='word_1_33' title='bbox 587 458 716 498; x_wconf 87' lang='lat' dir='ltr'>etiam</span> <span class='ocrx_word' id='word_1_34' title='bbox 746 458 829 498; x_wconf 89' lang='lat' dir='ltr'>ista</span> <span class='ocrx_word' id='word_1_35' title='bbox 856 471 965 513; x_wconf 90' lang='lat' dir='ltr'>quae</span> <span class='ocrx_word' id='word_1_36' title='bbox 990 471 1066 511; x_wconf 91' lang='lat' dir='ltr'>pro</span> <span class='ocrx_word' id='word_1_37' title='bbox 1090 457 1302 498; x_wconf 81' lang='lat' dir='ltr'>vilissimis</span> <span class='ocrx_word' id='word_1_38' title='bbox 1333 457 1560 507; x_wconf 90' lang='lat' dir='ltr'>habentur,</span> <span class='ocrx_word' id='word_1_39' title='bbox 1581 465 1682 496; x_wconf 82' lang='lat' dir='ltr'>Casus</span> <span class='ocrx_word' id='word_1_40' title='bbox 1698 478 1749 498; x_wconf 84' lang='lat' dir='ltr'>ra-</span> 
     </span>
     <span class='ocr_line' id='line_1_6' title="bbox 101 507 1765 591; baseline -0.001 -25"><span class='ocrx_word' id='word_1_41' title='bbox 101 529 144 566; x_wconf 91' lang='lat' dir='ltr'>et</span> <span class='ocrx_word' id='word_1_42' title='bbox 171 525 332 566; x_wconf 93' lang='lat' dir='ltr'>nullius</span> <span class='ocrx_word' id='word_1_43' title='bbox 354 530 455 566; x_wconf 89' lang='lat' dir='ltr'>sunt</span> <span class='ocrx_word' id='word_1_44' title='bbox 475 525 613 579; x_wconf 91' lang='lat' dir='ltr'>pretii,</span> <span class='ocrx_word' id='word_1_45' title='bbox 637 525 864 566; x_wconf 81' lang='lat' dir='ltr'>accedente</span> <span class='ocrx_word' id='word_1_46' title='bbox 886 539 935 566; x_wconf 90' lang='lat' dir='ltr'>ea</span> <span class='ocrx_word' id='word_1_47' title='bbox 956 539 1065 580; x_wconf 87' lang='lat' dir='ltr'>quae</span> <span class='ocrx_word' id='word_1_48' title='bbox 1085 525 1131 565; x_wconf 93' lang='lat' dir='ltr'>in</span> <span class='ocrx_word' id='word_1_49' title='bbox 1148 525 1319 566; x_wconf 91' lang='lat' dir='ltr'>Medico</span> <span class='ocrx_word' id='word_1_50' title='bbox 1341 525 1561 580; x_wconf 90' lang='lat' dir='ltr'>quaeritur</span> <span class='ocrx_word' id='word_1_51' title='bbox 1578 507 1765 591; x_wconf 50' lang='grc' dir='ltr'>ᾗζζζζᾝζῗ·</span> 
     </span>
     <span class='ocr_line' id='line_1_7' title="bbox 101 591 1766 649; baseline -0.001 -16"><span class='ocrx_word' id='word_1_52' title='bbox 101 592 272 633; x_wconf 83' lang='lat' dir='ltr'>solertia</span> <span class='ocrx_word' id='word_1_53' title='bbox 304 597 346 633; x_wconf 92' lang='lat' dir='ltr'>et</span> <span class='ocrx_word' id='word_1_54' title='bbox 382 592 593 649; x_wconf 71' lang='grc' dir='ltr'><em>ἀγχινοία,</em></span> <span class='ocrx_word' id='word_1_55' title='bbox 627 593 872 634; x_wconf 91' lang='lat' dir='ltr'>hominibus</span> <span class='ocrx_word' id='word_1_56' title='bbox 906 593 958 634; x_wconf 92' lang='lat' dir='ltr'>ab</span> <span class='ocrx_word' id='word_1_57' title='bbox 981 593 1082 634; x_wconf 92' lang='lat' dir='ltr'>Orci</span> <span class='ocrx_word' id='word_1_58' title='bbox 1102 592 1296 633; x_wconf 89' lang='lat' dir='ltr'>faucibus</span> <span class='ocrx_word' id='word_1_59' title='bbox 1329 591 1559 633; x_wconf 86' lang='lat' dir='ltr'>liberandis</span> <span class='ocrx_word' id='word_1_60' title='bbox 1578 602 1672 623; x_wconf 74' lang='lat' dir='ltr'>merc.</span> <span class='ocrx_word' id='word_1_61' title='bbox 1691 596 1766 625; x_wconf 80' lang='lat' dir='ltr'>sub-</span> 
     </span>
     <span class='ocr_line' id='line_1_8' title="bbox 100 635 1763 719; baseline -0.001 -18"><span class='ocrx_word' id='word_1_62' title='bbox 100 665 261 717; x_wconf 87' lang='lat' dir='ltr'>queant</span> <span class='ocrx_word' id='word_1_63' title='bbox 281 661 495 712; x_wconf 85' lang='lat' dir='ltr'>inservir‚e</span> <span class='ocrx_word' id='word_1_64' title='bbox 519 662 709 716; x_wconf 84' lang='lat' dir='ltr'>exemplo</span> <span class='ocrx_word' id='word_1_65' title='bbox 731 662 913 712; x_wconf 79' lang='lat' dir='ltr'>docebo3</span> <span class='ocrx_word' id='word_1_66' title='bbox 946 661 1061 716; x_wconf 91' lang='lat' dir='ltr'>quod</span> <span class='ocrx_word' id='word_1_67' title='bbox 1081 661 1181 702; x_wconf 87' lang='lat' dir='ltr'>licet</span> <span class='ocrx_word' id='word_1_68' title='bbox 1209 660 1263 701; x_wconf 89' lang='lat' dir='ltr'>ad</span> <span class='ocrx_word' id='word_1_69' title='bbox 1289 660 1487 701; x_wconf 84' lang='lat' dir='ltr'>morbum</span> <span class='ocrx_word' id='word_1_70' title='bbox 1509 660 1561 701; x_wconf 88' lang='lat' dir='ltr'>de</span> <span class='ocrx_word' id='word_1_71' title='bbox 1578 635 1644 709; x_wconf 50' lang='grc' dir='ltr'>Ιῑιζὲ</span> <span class='ocrx_word' id='word_1_72' title='bbox 1651 647 1763 719; x_wconf 49' lang='lat' dir='ltr'>deglu,</span> 
     </span>
     <span class='ocr_line' id='line_1_9' title="bbox 100 721 1764 803; baseline 0 -34"><span class='ocrx_word' id='word_1_73' title='bbox 100 743 185 784; x_wconf 93' lang='lat' dir='ltr'>quo</span> <span class='ocrx_word' id='word_1_74' title='bbox 201 730 291 783; x_wconf 85' lang='lat' dir='ltr'>jam</span> <span class='ocrx_word' id='word_1_75' title='bbox 313 729 478 781; x_wconf 85' lang='lat' dir='ltr'>agimus</span> <span class='ocrx_word' id='word_1_76' title='bbox 494 730 602 770; x_wconf 88' lang='lat' dir='ltr'>nihil</span> <span class='ocrx_word' id='word_1_77' title='bbox 622 730 844 784; x_wconf 83' lang='lat' dir='ltr'>pertineat,</span> <span class='ocrx_word' id='word_1_78' title='bbox 861 744 949 770; x_wconf 91' lang='lat' dir='ltr'>non</span> <span class='ocrx_word' id='word_1_79' title='bbox 965 734 1111 770; x_wconf 85' lang='lat' dir='ltr'>tamen</span> <span class='ocrx_word' id='word_1_80' title='bbox 1128 743 1299 783; x_wconf 89' lang='lat' dir='ltr'>prorsus</span> <span class='ocrx_word' id='word_1_81' title='bbox 1321 734 1384 770; x_wconf 93' lang='lat' dir='ltr'>est</span> <span class='ocrx_word' id='word_1_82' title='bbox 1400 728 1562 784; x_wconf 82' lang='grc' dir='ltr'>ἀπροσ-</span> <span class='ocrx_word' id='word_1_83' title='bbox 1578 721 1701 803; x_wconf 40' lang='lat' dir='ltr'>3251?ss</span> <span class='ocrx_word' id='word_1_84' title='bbox 1703 734 1764 795; x_wconf 58' lang='lat' dir='ltr'>affl·</span> 
     </span>
     <span class='ocr_line' id='line_1_10' title="bbox 100 794 1753 853; baseline 0.001 -16"><span class='ocrx_word' id='word_1_85' title='bbox 100 794 301 847; x_wconf 84' lang='grc' dir='ltr'>διόνυσον,</span> <span class='ocrx_word' id='word_1_86' title='bbox 317 811 397 838; x_wconf 90' lang='lat' dir='ltr'>nee</span> <span class='ocrx_word' id='word_1_87' title='bbox 419 797 471 837; x_wconf 91' lang='lat' dir='ltr'>ab</span> <span class='ocrx_word' id='word_1_88' title='bbox 493 812 542 838; x_wconf 93' lang='lat' dir='ltr'>eo</span> <span class='ocrx_word' id='word_1_89' title='bbox 564 812 692 853; x_wconf 92' lang='lat' dir='ltr'>quem</span> <span class='ocrx_word' id='word_1_90' title='bbox 713 798 819 838; x_wconf 88' lang='lat' dir='ltr'>mihi</span> <span class='ocrx_word' id='word_1_91' title='bbox 839 798 1038 851; x_wconf 87' lang='lat' dir='ltr'>proposui</span> <span class='ocrx_word' id='word_1_92' title='bbox 1059 811 1184 851; x_wconf 91' lang='lat' dir='ltr'>scopo</span> <span class='ocrx_word' id='word_1_93' title='bbox 1205 797 1406 838; x_wconf 87' lang='lat' dir='ltr'>alienum.</span> <span class='ocrx_word' id='word_1_94' title='bbox 1443 797 1561 838; x_wconf 91' lang='lat' dir='ltr'>Duo·</span> <span class='ocrx_word' id='word_1_95' title='bbox 1581 817 1660 846; x_wconf 80' lang='lat' dir='ltr'>quae</span> <span class='ocrx_word' id='word_1_96' title='bbox 1673 809 1753 848; x_wconf 82' lang='lat' dir='ltr'>tepi-</span> 
     </span>
     <span class='ocr_line' id='line_1_11' title="bbox 98 850 1737 923; baseline 0 -18"><span class='ocrx_word' id='word_1_97' title='bbox 98 865 178 906; x_wconf 90' lang='lat' dir='ltr'>bus</span> <span class='ocrx_word' id='word_1_98' title='bbox 200 865 355 906; x_wconf 88' lang='lat' dir='ltr'>abhinc</span> <span class='ocrx_word' id='word_1_99' title='bbox 376 865 593 906; x_wconf 89' lang='lat' dir='ltr'>mensibus</span> <span class='ocrx_word' id='word_1_100' title='bbox 611 865 817 920; x_wconf 90' lang='lat' dir='ltr'>quidam</span> <span class='ocrx_word' id='word_1_101' title='bbox 806 881 852 906; x_wconf 89' lang='lat'>111</span> <span class='ocrx_word' id='word_1_102' title='bbox 868 865 1021 906; x_wconf 84' lang='lat' dir='ltr'>vicinia</span> <span class='ocrx_word' id='word_1_103' title='bbox 1041 879 1109 906; x_wconf 92' lang='lat' dir='ltr'>me</span> <span class='ocrx_word' id='word_1_104' title='bbox 1130 865 1308 918; x_wconf 81' lang='lat' dir='ltr'>legabat</span> <span class='ocrx_word' id='word_1_105' title='bbox 1323 869 1373 906; x_wconf 91' lang='lat' dir='ltr'>ut</span> <span class='ocrx_word' id='word_1_106' title='bbox 1395 878 1561 905; x_wconf 89' lang='lat' dir='ltr'>servum</span> <span class='ocrx_word' id='word_1_107' title='bbox 1580 850 1737 923; x_wconf 48' lang='grc' dir='ltr'>ἒξξὲξὲὒ</span> 
     </span>
     <span class='ocr_line' id='line_1_12' title="bbox 98 933 1768 988; baseline 0 -14"><span class='ocrx_word' id='word_1_108' title='bbox 98 933 337 985; x_wconf 83' lang='lat' dir='ltr'>inviserem,</span> <span class='ocrx_word' id='word_1_109' title='bbox 374 934 449 988; x_wconf 88' lang='lat' dir='ltr'>qui</span> <span class='ocrx_word' id='word_1_110' title='bbox 479 934 596 974; x_wconf 90' lang='lat' dir='ltr'>haud</span> <span class='ocrx_word' id='word_1_111' title='bbox 627 934 839 975; x_wconf 86' lang='lat' dir='ltr'>modicam</span> <span class='ocrx_word' id='word_1_112' title='bbox 874 934 1074 975; x_wconf 88' lang='lat' dir='ltr'>mercurii</span> <span class='ocrx_word' id='word_1_113' title='bbox 1111 933 1329 974; x_wconf 89' lang='lat' dir='ltr'>sublimati</span> <span class='ocrx_word' id='word_1_114' title='bbox 1365 933 1562 974; x_wconf 87' lang='lat' dir='ltr'>corrosivi</span> <span class='ocrx_word' id='word_1_115' title='bbox 1581 935 1768 967; x_wconf 69' lang='lat' dir='ltr'>Ormstmci-</span> 
     </span>
     <span class='ocr_line' id='line_1_13' title="bbox 100 978 1766 1057; baseline 0 -15"><span class='ocrx_word' id='word_1_116' title='bbox 100 1002 388 1057; x_wconf 85' lang='lat' dir='ltr'>quantitatem</span> <span class='ocrx_word' id='word_1_117' title='bbox 430 1002 619 1055; x_wconf 87' lang='lat' dir='ltr'>deglutiv</span> <span class='ocrx_word' id='word_1_118' title='bbox 622 1016 667 1042; x_wconf 80' lang='lat' dir='ltr'>ei</span> <span class='ocrx_word' id='word_1_119' title='bbox 669 1007 725 1052; x_wconf 90' lang='lat' dir='ltr'>at</span> <span class='ocrx_word' id='word_1_120' title='bbox 768 1002 852 1043; x_wconf 80' lang='lat' dir='ltr'>sive</span> <span class='ocrx_word' id='word_1_121' title='bbox 896 1002 1020 1055; x_wconf 82' lang='lat' dir='ltr'>ignei</span> <span class='ocrx_word' id='word_1_122' title='bbox 1024 1007 1134 1052; x_wconf 69' lang='lat' dir='ltr'>ansc,</span> <span class='ocrx_word' id='word_1_123' title='bbox 1177 1002 1263 1042; x_wconf 90' lang='lat' dir='ltr'>sive</span> <span class='ocrx_word' id='word_1_124' title='bbox 1307 1002 1371 1054; x_wconf 87' lang='lat' dir='ltr'>(ut</span> <span class='ocrx_word' id='word_1_125' title='bbox 1411 1006 1563 1055; x_wconf 87' lang='lat' dir='ltr'>postea</span> <span class='ocrx_word' id='word_1_126' title='bbox 1580 978 1639 1008; x_wconf 80' lang='lat' dir='ltr'>bus</span> <span class='ocrx_word' id='word_1_127' title='bbox 1658 980 1766 1019; x_wconf 83' lang='lat' dir='ltr'>erepti.</span> 
     </span>
     <span class='ocr_line' id='line_1_14' title="bbox 99 1069 1564 1126; baseline -0.001 -15"><span class='ocrx_word' id='word_1_128' title='bbox 99 1070 270 1123; x_wconf 82' lang='lat' dir='ltr'>audivi,)</span> <span class='ocrx_word' id='word_1_129' title='bbox 309 1084 360 1111; x_wconf 77' lang='lat' dir='ltr'>ex</span> <span class='ocrx_word' id='word_1_130' title='bbox 400 1084 543 1111; x_wconf 86' lang='lat' dir='ltr'>amore</span> <span class='ocrx_word' id='word_1_131' title='bbox 583 1071 881 1126; x_wconf 68' lang='grc' dir='ltr'>μελαγχολῶν.</span> <span class='ocrx_word' id='word_1_132' title='bbox 956 1070 1078 1110; x_wconf 87' lang='lat' dir='ltr'>Hora</span> <span class='ocrx_word' id='word_1_133' title='bbox 1111 1070 1198 1110; x_wconf 84' lang='lat' dir='ltr'>fere</span> <span class='ocrx_word' id='word_1_134' title='bbox 1237 1069 1376 1123; x_wconf 90' lang='lat' dir='ltr'>elapsa</span> <span class='ocrx_word' id='word_1_135' title='bbox 1413 1074 1503 1110; x_wconf 87' lang='lat' dir='ltr'>erat</span> <span class='ocrx_word' id='word_1_136' title='bbox 1539 1084 1564 1110; x_wconf 91' lang='lat' dir='ltr'>a</span> 
     </span>
     <span class='ocr_line' id='line_1_15' title="bbox 99 1137 1564 1194; baseline -0.001 -15"><span class='ocrx_word' id='word_1_137' title='bbox 99 1153 186 1194; x_wconf 88' lang='lat' dir='ltr'>qua</span> <span class='ocrx_word' id='word_1_138' title='bbox 215 1152 426 1179; x_wconf 91' lang='lat' dir='ltr'>venenum</span> <span class='ocrx_word' id='word_1_139' title='bbox 455 1138 655 1179; x_wconf 86' lang='lat' dir='ltr'>hauserat</span> <span class='ocrx_word' id='word_1_140' title='bbox 687 1152 785 1178; x_wconf 90' lang='lat' dir='ltr'>eum</span> <span class='ocrx_word' id='word_1_141' title='bbox 817 1137 871 1178; x_wconf 89' lang='lat' dir='ltr'>ad</span> <span class='ocrx_word' id='word_1_142' title='bbox 900 1151 998 1178; x_wconf 90' lang='lat' dir='ltr'>eum</span> <span class='ocrx_word' id='word_1_143' title='bbox 1030 1137 1287 1187; x_wconf 87' lang='lat' dir='ltr'>accederem,</span> <span class='ocrx_word' id='word_1_144' title='bbox 1311 1137 1487 1192; x_wconf 85' lang='lat' dir='ltr'>jamque</span> <span class='ocrx_word' id='word_1_145' title='bbox 1518 1151 1564 1178; x_wconf 93' lang='lat' dir='ltr'>os</span> 
     </span>
     <span class='ocr_line' id='line_1_16' title="bbox 100 1205 1563 1258; baseline -0.002 -10"><span class='ocrx_word' id='word_1_146' title='bbox 100 1212 142 1248; x_wconf 93' lang='lat' dir='ltr'>et</span> <span class='ocrx_word' id='word_1_147' title='bbox 181 1206 294 1248; x_wconf 89' lang='lat' dir='ltr'>labia</span> <span class='ocrx_word' id='word_1_148' title='bbox 331 1206 453 1247; x_wconf 89' lang='lat' dir='ltr'>valde</span> <span class='ocrx_word' id='word_1_149' title='bbox 492 1206 849 1256; x_wconf 89' lang='lat' dir='ltr'>intumescebant,</span> <span class='ocrx_word' id='word_1_150' title='bbox 886 1206 1160 1247; x_wconf 79' lang='lat' dir='ltr'>vehementer</span> <span class='ocrx_word' id='word_1_151' title='bbox 1202 1205 1461 1258; x_wconf 85' lang='lat' dir='ltr'>aegrotabat,</span> <span class='ocrx_word' id='word_1_152' title='bbox 1499 1219 1563 1246; x_wconf 88' lang='lat' dir='ltr'>ar-</span> 
     </span>
     <span class='ocr_line' id='line_1_17' title="bbox 100 1273 1561 1328; baseline -0.001 -13"><span class='ocrx_word' id='word_1_153' title='bbox 100 1274 228 1315; x_wconf 89' lang='lat' dir='ltr'>dente</span> <span class='ocrx_word' id='word_1_154' title='bbox 268 1274 494 1315; x_wconf 81' lang='lat' dir='ltr'>ventriculi</span> <span class='ocrx_word' id='word_1_155' title='bbox 535 1274 691 1324; x_wconf 89' lang='lat' dir='ltr'>dolore,</span> <span class='ocrx_word' id='word_1_156' title='bbox 734 1274 957 1328; x_wconf 89' lang='lat' dir='ltr'>caloreque</span> <span class='ocrx_word' id='word_1_157' title='bbox 997 1277 1171 1314; x_wconf 90' lang='lat' dir='ltr'>tantum</span> <span class='ocrx_word' id='word_1_158' title='bbox 1204 1287 1294 1313; x_wconf 92' lang='lat' dir='ltr'>non</span> <span class='ocrx_word' id='word_1_159' title='bbox 1329 1273 1561 1314; x_wconf 65' lang='lat' dir='ltr'>confectus</span> 
     </span>
     <span class='ocr_line' id='line_1_18' title="bbox 99 1341 1564 1397; baseline -0.001 -14"><span class='ocrx_word' id='word_1_160' title='bbox 99 1343 193 1396; x_wconf 86' lang='lat' dir='ltr'>Ego</span> <span class='ocrx_word' id='word_1_161' title='bbox 222 1347 308 1382; x_wconf 90' lang='lat' dir='ltr'>tres</span> <span class='ocrx_word' id='word_1_162' title='bbox 341 1356 476 1397; x_wconf 91' lang='lat' dir='ltr'>aquae</span> <span class='ocrx_word' id='word_1_163' title='bbox 511 1342 679 1395; x_wconf 90' lang='lat' dir='ltr'>tepidae</span> <span class='ocrx_word' id='word_1_164' title='bbox 711 1342 884 1394; x_wconf 83' lang='lat' dir='ltr'>congios</span> <span class='ocrx_word' id='word_1_165' title='bbox 914 1341 1107 1395; x_wconf 88' lang='lat' dir='ltr'>repetitis</span> <span class='ocrx_word' id='word_1_166' title='bbox 1139 1341 1362 1381; x_wconf 86' lang='lat' dir='ltr'>haustibus</span> <span class='ocrx_word' id='word_1_167' title='bbox 1397 1355 1564 1381; x_wconf 89' lang='lat' dir='ltr'>summa</span> 
     </span>
     <span class='ocr_line' id='line_1_19' title="bbox 99 1408 1564 1466; baseline -0.001 -16"><span class='ocrx_word' id='word_1_168' title='bbox 99 1425 185 1466; x_wconf 91' lang='lat' dir='ltr'>qua</span> <span class='ocrx_word' id='word_1_169' title='bbox 209 1410 330 1463; x_wconf 83' lang='lat' dir='ltr'>potui</span> <span class='ocrx_word' id='word_1_170' title='bbox 361 1410 577 1451; x_wconf 89' lang='lat' dir='ltr'>celeritate</span> <span class='ocrx_word' id='word_1_171' title='bbox 607 1414 650 1450; x_wconf 93' lang='lat' dir='ltr'>et</span> <span class='ocrx_word' id='word_1_172' title='bbox 681 1409 905 1462; x_wconf 88' lang='lat' dir='ltr'>diligentia</span> <span class='ocrx_word' id='word_1_173' title='bbox 935 1408 1166 1449; x_wconf 84' lang='lat' dir='ltr'>ebibendos</span> <span class='ocrx_word' id='word_1_174' title='bbox 1196 1409 1411 1462; x_wconf 84' lang='lat' dir='ltr'>imperavi,</span> <span class='ocrx_word' id='word_1_175' title='bbox 1435 1413 1564 1463; x_wconf 87' lang='lat' dir='ltr'>atque</span> 
     </span>
     <span class='ocr_line' id='line_1_20' title="bbox 98 1475 1562 1532; baseline -0.002 -13"><span class='ocrx_word' id='word_1_176' title='bbox 98 1482 148 1519; x_wconf 89' lang='lat' dir='ltr'>ut</span> <span class='ocrx_word' id='word_1_177' title='bbox 168 1478 294 1519; x_wconf 91' lang='lat' dir='ltr'>toties</span> <span class='ocrx_word' id='word_1_178' title='bbox 315 1491 425 1518; x_wconf 91' lang='lat' dir='ltr'>nova</span> <span class='ocrx_word' id='word_1_179' title='bbox 444 1475 736 1531; x_wconf 85' lang='lat' dir='ltr'>ingerereturd</span> <span class='ocrx_word' id='word_1_180' title='bbox 757 1476 888 1530; x_wconf 88' lang='lat' dir='ltr'>copia,</span> <span class='ocrx_word' id='word_1_181' title='bbox 912 1477 1079 1532; x_wconf 89' lang='lat' dir='ltr'>quoties</span> <span class='ocrx_word' id='word_1_182' title='bbox 1100 1477 1360 1517; x_wconf 87' lang='lat' dir='ltr'>ventriculus</span> <span class='ocrx_word' id='word_1_183' title='bbox 1387 1477 1478 1530; x_wconf 84' lang='lat' dir='ltr'>jam</span> <span class='ocrx_word' id='word_1_184' title='bbox 1498 1477 1562 1517; x_wconf 93' lang='lat' dir='ltr'>in-</span> 
     </span>
     <span class='ocr_line' id='line_1_21' title="bbox 100 1544 1562 1600; baseline -0.001 -14"><span class='ocrx_word' id='word_1_185' title='bbox 100 1549 263 1600; x_wconf 84' lang='lat' dir='ltr'>gestam</span> <span class='ocrx_word' id='word_1_186' title='bbox 288 1559 364 1599; x_wconf 91' lang='lat' dir='ltr'>per</span> <span class='ocrx_word' id='word_1_187' title='bbox 383 1545 592 1587; x_wconf 89' lang='lat' dir='ltr'>vomitum</span> <span class='ocrx_word' id='word_1_188' title='bbox 619 1546 825 1599; x_wconf 82' lang='lat' dir='ltr'>ejecerat;</span> <span class='ocrx_word' id='word_1_189' title='bbox 855 1545 970 1586; x_wconf 88' lang='lat' dir='ltr'>volui</span> <span class='ocrx_word' id='word_1_190' title='bbox 998 1544 1127 1585; x_wconf 90' lang='lat' dir='ltr'>etiam</span> <span class='ocrx_word' id='word_1_191' title='bbox 1154 1548 1203 1584; x_wconf 92' lang='lat' dir='ltr'>ut</span> <span class='ocrx_word' id='word_1_192' title='bbox 1228 1545 1473 1585; x_wconf 90' lang='lat' dir='ltr'>eluerentur</span> <span class='ocrx_word' id='word_1_193' title='bbox 1497 1545 1562 1585; x_wconf 92' lang='lat' dir='ltr'>in-</span> 
     </span>
     <span class='ocr_line' id='line_1_22' title="bbox 98 1612 1565 1668; baseline -0.001 -14"><span class='ocrx_word' id='word_1_194' title='bbox 98 1613 256 1654; x_wconf 86' lang='lat' dir='ltr'>testina</span> <span class='ocrx_word' id='word_1_195' title='bbox 277 1627 389 1668; x_wconf 86' lang='lat' dir='ltr'>aqua</span> <span class='ocrx_word' id='word_1_196' title='bbox 408 1612 554 1667; x_wconf 91' lang='lat' dir='ltr'>tepida</span> <span class='ocrx_word' id='word_1_197' title='bbox 584 1613 675 1653; x_wconf 89' lang='lat' dir='ltr'>sine</span> <span class='ocrx_word' id='word_1_198' title='bbox 696 1613 784 1653; x_wconf 91' lang='lat' dir='ltr'>ullo</span> <span class='ocrx_word' id='word_1_199' title='bbox 812 1613 1106 1654; x_wconf 88' lang='lat' dir='ltr'>additamento</span> <span class='ocrx_word' id='word_1_200' title='bbox 1135 1613 1300 1666; x_wconf 90' lang='lat' dir='ltr'>copiose</span> <span class='ocrx_word' id='word_1_201' title='bbox 1325 1627 1400 1667; x_wconf 87' lang='lat' dir='ltr'>per</span> <span class='ocrx_word' id='word_1_202' title='bbox 1421 1613 1565 1654; x_wconf 92' lang='lat' dir='ltr'>sedem</span> 
     </span>
     <span class='ocr_line' id='line_1_23' title="bbox 98 1681 1566 1735; baseline -0.001 -13"><span class='ocrx_word' id='word_1_203' title='bbox 98 1681 270 1735; x_wconf 75' lang='lat' dir='ltr'>injecta,</span> <span class='ocrx_word' id='word_1_204' title='bbox 300 1681 376 1722; x_wconf 90' lang='lat' dir='ltr'>ubi</span> <span class='ocrx_word' id='word_1_205' title='bbox 405 1681 592 1735; x_wconf 92' lang='lat' dir='ltr'>primum</span> <span class='ocrx_word' id='word_1_206' title='bbox 623 1682 783 1722; x_wconf 89' lang='lat' dir='ltr'>ventris</span> <span class='ocrx_word' id='word_1_207' title='bbox 818 1681 1006 1722; x_wconf 91' lang='lat' dir='ltr'>tormina</span> <span class='ocrx_word' id='word_1_208' title='bbox 1041 1681 1322 1722; x_wconf 87' lang='lat' dir='ltr'>admonerent</span> <span class='ocrx_word' id='word_1_209' title='bbox 1352 1695 1566 1722; x_wconf 90' lang='lat' dir='ltr'>venenum</span> 
     </span>
     <span class='ocr_line' id='line_1_24' title="bbox 95 1749 1565 1804; baseline -0.001 -14"><span class='ocrx_word' id='word_1_210' title='bbox 95 1749 184 1804; x_wconf 90' lang='lat' dir='ltr'>jam</span> <span class='ocrx_word' id='word_1_211' title='bbox 205 1763 280 1803; x_wconf 91' lang='lat' dir='ltr'>per</span> <span class='ocrx_word' id='word_1_212' title='bbox 306 1749 508 1790; x_wconf 87' lang='lat' dir='ltr'>inferiora</span> <span class='ocrx_word' id='word_1_213' title='bbox 538 1749 701 1790; x_wconf 81' lang='lat' dir='ltr'>exitum</span> <span class='ocrx_word' id='word_1_214' title='bbox 729 1763 946 1804; x_wconf 89' lang='lat' dir='ltr'>quaerere.</span> <span class='ocrx_word' id='word_1_215' title='bbox 1008 1749 1158 1790; x_wconf 91' lang='lat' dir='ltr'>Paruit</span> <span class='ocrx_word' id='word_1_216' title='bbox 1184 1749 1325 1800; x_wconf 90' lang='lat' dir='ltr'>miser,</span> <span class='ocrx_word' id='word_1_217' title='bbox 1343 1750 1433 1803; x_wconf 84' lang='lat' dir='ltr'>jam</span> <span class='ocrx_word' id='word_1_218' title='bbox 1454 1749 1565 1790; x_wconf 90' lang='lat' dir='ltr'>vitae</span> 
     </span>
     <span class='ocr_line' id='line_1_25' title="bbox 101 1816 1563 1872; baseline 0 -15"><span class='ocrx_word' id='word_1_219' title='bbox 101 1817 259 1867; x_wconf 83' lang='lat' dir='ltr'>avidus,</span> <span class='ocrx_word' id='word_1_220' title='bbox 281 1820 324 1857; x_wconf 90' lang='lat' dir='ltr'>et</span> <span class='ocrx_word' id='word_1_221' title='bbox 349 1817 489 1870; x_wconf 90' lang='lat' dir='ltr'>plures</span> <span class='ocrx_word' id='word_1_222' title='bbox 511 1816 640 1857; x_wconf 87' lang='lat' dir='ltr'>etiam</span> <span class='ocrx_word' id='word_1_223' title='bbox 663 1831 797 1872; x_wconf 89' lang='lat' dir='ltr'>aquae</span> <span class='ocrx_word' id='word_1_224' title='bbox 822 1816 951 1857; x_wconf 89' lang='lat' dir='ltr'>libras</span> <span class='ocrx_word' id='word_1_225' title='bbox 980 1831 1109 1872; x_wconf 89' lang='lat' dir='ltr'>quam</span> <span class='ocrx_word' id='word_1_226' title='bbox 1130 1817 1470 1871; x_wconf 85' lang='lat' dir='ltr'>praescripserim</span> <span class='ocrx_word' id='word_1_227' title='bbox 1491 1817 1563 1857; x_wconf 90' lang='lat' dir='ltr'>ab-</span> 
     </span>
     <span class='ocr_line' id='line_1_26' title="bbox 102 1885 1563 1940; baseline 0.001 -16"><span class='ocrx_word' id='word_1_228' title='bbox 102 1885 268 1938; x_wconf 87' lang='lat' dir='ltr'>sorpsit.</span> <span class='ocrx_word' id='word_1_229' title='bbox 304 1885 458 1935; x_wconf 90' lang='lat' dir='ltr'>Amici,</span> <span class='ocrx_word' id='word_1_230' title='bbox 476 1885 551 1940; x_wconf 91' lang='lat' dir='ltr'>qui</span> <span class='ocrx_word' id='word_1_231' title='bbox 573 1899 700 1938; x_wconf 88' lang='lat' dir='ltr'>aegro</span> <span class='ocrx_word' id='word_1_232' title='bbox 722 1886 885 1938; x_wconf 90' lang='lat' dir='ltr'>(utpote</span> <span class='ocrx_word' id='word_1_233' title='bbox 906 1885 952 1925; x_wconf 92' lang='lat' dir='ltr'>in</span> <span class='ocrx_word' id='word_1_234' title='bbox 974 1899 1074 1925; x_wconf 90' lang='lat' dir='ltr'>casu</span> <span class='ocrx_word' id='word_1_235' title='bbox 1094 1885 1295 1938; x_wconf 89' lang='lat' dir='ltr'>insolito,)</span> <span class='ocrx_word' id='word_1_236' title='bbox 1316 1885 1563 1936; x_wconf 86' lang='lat' dir='ltr'>assiderent,</span> 
     </span>
     <span class='ocr_line' id='line_1_27' title="bbox 102 1951 1565 2008; baseline 0.001 -16"><span class='ocrx_word' id='word_1_237' title='bbox 102 1951 154 1992; x_wconf 86' lang='lat' dir='ltr'>ab</span> <span class='ocrx_word' id='word_1_238' title='bbox 177 1965 226 1992; x_wconf 92' lang='lat' dir='ltr'>eo</span> <span class='ocrx_word' id='word_1_239' title='bbox 247 1952 498 2001; x_wconf 89' lang='lat' dir='ltr'>didicerunt,</span> <span class='ocrx_word' id='word_1_240' title='bbox 521 1967 627 2007; x_wconf 90' lang='lat' dir='ltr'>quas</span> <span class='ocrx_word' id='word_1_241' title='bbox 647 1953 835 2006; x_wconf 89' lang='lat' dir='ltr'>primum</span> <span class='ocrx_word' id='word_1_242' title='bbox 856 1952 1043 1993; x_wconf 87' lang='lat' dir='ltr'>evomuit</span> <span class='ocrx_word' id='word_1_243' title='bbox 1061 1967 1192 2007; x_wconf 93' lang='lat' dir='ltr'>aquas</span> <span class='ocrx_word' id='word_1_244' title='bbox 1210 1957 1341 2005; x_wconf 84' lang='lat' dir='ltr'>gustu</span> <span class='ocrx_word' id='word_1_245' title='bbox 1360 1967 1565 2008; x_wconf 89' lang='lat' dir='ltr'>perquam</span> 
     </span>
     <span class='ocr_line' id='line_1_28' title="bbox 102 2019 1564 2072; baseline 0 -12"><span class='ocrx_word' id='word_1_246' title='bbox 102 2032 218 2060; x_wconf 79' lang='lat' dir='ltr'>acres</span> <span class='ocrx_word' id='word_1_247' title='bbox 250 2019 391 2069; x_wconf 88' lang='lat' dir='ltr'>fuisse,</span> <span class='ocrx_word' id='word_1_248' title='bbox 426 2020 512 2060; x_wconf 87' lang='lat' dir='ltr'>sale</span> <span class='ocrx_word' id='word_1_249' title='bbox 545 2019 703 2060; x_wconf 91' lang='lat' dir='ltr'>scilicet</span> <span class='ocrx_word' id='word_1_250' title='bbox 735 2024 945 2059; x_wconf 79' lang='lat' dir='ltr'>venenato</span> <span class='ocrx_word' id='word_1_251' title='bbox 977 2019 1144 2072; x_wconf 87' lang='lat' dir='ltr'>plenius</span> <span class='ocrx_word' id='word_1_252' title='bbox 1181 2024 1446 2070; x_wconf 79' lang='lat' dir='ltr'>exaturatas3</span> <span class='ocrx_word' id='word_1_253' title='bbox 1479 2020 1564 2060; x_wconf 92' lang='lat' dir='ltr'>sin-</span> 
     </span>
     <span class='ocr_line' id='line_1_29' title="bbox 103 2087 1563 2141; baseline 0.001 -14"><span class='ocrx_word' id='word_1_254' title='bbox 103 2087 212 2140; x_wconf 87' lang='lat' dir='ltr'>gulis</span> <span class='ocrx_word' id='word_1_255' title='bbox 234 2092 378 2127; x_wconf 87' lang='lat' dir='ltr'>autem</span> <span class='ocrx_word' id='word_1_256' title='bbox 398 2087 559 2127; x_wconf 90' lang='lat' dir='ltr'>vicibus</span> <span class='ocrx_word' id='word_1_257' title='bbox 579 2087 757 2140; x_wconf 83' lang='lat' dir='ltr'>rejectas</span> <span class='ocrx_word' id='word_1_258' title='bbox 779 2087 963 2141; x_wconf 88' lang='lat' dir='ltr'>aliquam</span> <span class='ocrx_word' id='word_1_259' title='bbox 985 2101 1150 2140; x_wconf 88' lang='lat' dir='ltr'>semper</span> <span class='ocrx_word' id='word_1_260' title='bbox 1171 2087 1378 2128; x_wconf 86' lang='lat' dir='ltr'>acredinis</span> <span class='ocrx_word' id='word_1_261' title='bbox 1398 2092 1563 2141; x_wconf 90' lang='lat' dir='ltr'>partem</span> 
     </span>
     <span class='ocr_line' id='line_1_30' title="bbox 103 2154 1562 2208; baseline 0.001 -14"><span class='ocrx_word' id='word_1_262' title='bbox 103 2154 310 2205; x_wconf 86' lang='lat' dir='ltr'>amittere,</span> <span class='ocrx_word' id='word_1_263' title='bbox 340 2154 474 2195; x_wconf 87' lang='lat' dir='ltr'>donec</span> <span class='ocrx_word' id='word_1_264' title='bbox 501 2154 677 2195; x_wconf 88' lang='lat' dir='ltr'>tandem</span> <span class='ocrx_word' id='word_1_265' title='bbox 701 2154 809 2194; x_wconf 89' lang='lat' dir='ltr'>nihil</span> <span class='ocrx_word' id='word_1_266' title='bbox 839 2168 1009 2208; x_wconf 90' lang='lat' dir='ltr'>prorsus</span> <span class='ocrx_word' id='word_1_267' title='bbox 1041 2159 1251 2208; x_wconf 86' lang='lat' dir='ltr'>saperent.</span> <span class='ocrx_word' id='word_1_268' title='bbox 1313 2155 1434 2196; x_wconf 82' lang='lat' dir='ltr'>Quae</span> <span class='ocrx_word' id='word_1_269' title='bbox 1464 2170 1562 2196; x_wconf 86' lang='lat' dir='ltr'>mox</span> 
     </span>
     <span class='ocr_line' id='line_1_31' title="bbox 102 2221 1561 2277; baseline 0.001 -15"><span class='ocrx_word' id='word_1_270' title='bbox 102 2221 314 2275; x_wconf 88' lang='lat' dir='ltr'>urgebant</span> <span class='ocrx_word' id='word_1_271' title='bbox 349 2222 547 2272; x_wconf 89' lang='lat' dir='ltr'>tormina,</span> <span class='ocrx_word' id='word_1_272' title='bbox 585 2222 673 2262; x_wconf 87' lang='lat' dir='ltr'>sola</span> <span class='ocrx_word' id='word_1_273' title='bbox 709 2236 820 2277; x_wconf 87' lang='lat' dir='ltr'>aqua</span> <span class='ocrx_word' id='word_1_274' title='bbox 854 2222 1012 2275; x_wconf 82' lang='lat' dir='ltr'>injecta</span> <span class='ocrx_word' id='word_1_275' title='bbox 1053 2222 1105 2262; x_wconf 90' lang='lat' dir='ltr'>ad</span> <span class='ocrx_word' id='word_1_276' title='bbox 1145 2222 1321 2263; x_wconf 90' lang='lat' dir='ltr'>modum</span> <span class='ocrx_word' id='word_1_277' title='bbox 1356 2223 1561 2264; x_wconf 86' lang='lat' dir='ltr'>enematis</span> 
     </span>
     <span class='ocr_line' id='line_1_32' title="bbox 101 2287 1562 2342; baseline 0.001 -13"><span class='ocrx_word' id='word_1_278' title='bbox 101 2288 384 2330; x_wconf 88' lang='lat' dir='ltr'>leniebantur.</span> <span class='ocrx_word' id='word_1_279' title='bbox 447 2287 543 2329; x_wconf 86' lang='lat' dir='ltr'>Hoc</span> <span class='ocrx_word' id='word_1_280' title='bbox 575 2293 664 2329; x_wconf 88' lang='lat' dir='ltr'>tam</span> <span class='ocrx_word' id='word_1_281' title='bbox 697 2289 816 2329; x_wconf 91' lang='lat' dir='ltr'>nullo</span> <span class='ocrx_word' id='word_1_282' title='bbox 848 2302 992 2329; x_wconf 90' lang='lat' dir='ltr'>rerum</span> <span class='ocrx_word' id='word_1_283' title='bbox 1026 2294 1232 2342; x_wconf 87' lang='lat' dir='ltr'>apparatu</span> <span class='ocrx_word' id='word_1_284' title='bbox 1267 2289 1562 2341; x_wconf 87' lang='lat' dir='ltr'>(benedicente</span> 
     </span>
     <span class='ocr_line' id='line_1_33' title="bbox 87 2348 1562 2411; baseline 0.001 -15"><span class='ocrx_word' id='word_1_285' title='bbox 87 2348 331 2410; x_wconf 72' lang='lat' dir='ltr'>&#39;NUM1NE,)</span> <span class='ocrx_word' id='word_1_286' title='bbox 355 2356 470 2396; x_wconf 89' lang='lat' dir='ltr'>intra</span> <span class='ocrx_word' id='word_1_287' title='bbox 489 2370 644 2410; x_wconf 91' lang='lat' dir='ltr'>paucas</span> <span class='ocrx_word' id='word_1_288' title='bbox 666 2356 790 2397; x_wconf 90' lang='lat' dir='ltr'>horas</span> <span class='ocrx_word' id='word_1_289' title='bbox 812 2356 1025 2396; x_wconf 89' lang='lat' dir='ltr'>convaluit</span> <span class='ocrx_word' id='word_1_290' title='bbox 1053 2370 1190 2409; x_wconf 90' lang='lat' dir='ltr'>aeger,</span> <span class='ocrx_word' id='word_1_291' title='bbox 1212 2356 1294 2396; x_wconf 91' lang='lat' dir='ltr'>nisi</span> <span class='ocrx_word' id='word_1_292' title='bbox 1314 2357 1429 2411; x_wconf 91' lang='lat' dir='ltr'>quod</span> <span class='ocrx_word' id='word_1_293' title='bbox 1449 2357 1562 2398; x_wconf 88' lang='lat' dir='ltr'>labia</span> 
     </span>
     <span class='ocr_line' id='line_1_34' title="bbox 104 2424 1560 2478; baseline 0.001 -14"><span class='ocrx_word' id='word_1_294' title='bbox 104 2437 190 2464; x_wconf 90' lang='lat' dir='ltr'>non</span> <span class='ocrx_word' id='word_1_295' title='bbox 226 2424 370 2464; x_wconf 89' lang='lat' dir='ltr'>statim</span> <span class='ocrx_word' id='word_1_296' title='bbox 411 2424 777 2474; x_wconf 85' lang='lat' dir='ltr'>detumescerent;</span> <span class='ocrx_word' id='word_1_297' title='bbox 822 2438 893 2464; x_wconf 91' lang='lat' dir='ltr'>ore</span> <span class='ocrx_word' id='word_1_298' title='bbox 927 2424 1056 2464; x_wconf 88' lang='lat' dir='ltr'>etiam</span> <span class='ocrx_word' id='word_1_299' title='bbox 1089 2438 1114 2464; x_wconf 91' lang='lat' dir='ltr'>a</span> <span class='ocrx_word' id='word_1_300' title='bbox 1148 2424 1302 2464; x_wconf 85' lang='lat' dir='ltr'>veneni</span> <span class='ocrx_word' id='word_1_301' title='bbox 1341 2424 1560 2478; x_wconf 88' lang='lat' dir='ltr'>particulis</span> 
     </span>
     <span class='ocr_line' id='line_1_35' title="bbox 104 2491 1559 2547; baseline 0.001 -16"><span class='ocrx_word' id='word_1_302' title='bbox 104 2505 212 2546; x_wconf 84' lang='lat' dir='ltr'>quae</span> <span class='ocrx_word' id='word_1_303' title='bbox 233 2505 388 2547; x_wconf 86' lang='lat' dir='ltr'>aquam</span> <span class='ocrx_word' id='word_1_304' title='bbox 409 2506 537 2547; x_wconf 88' lang='lat' dir='ltr'>quam</span> <span class='ocrx_word' id='word_1_305' title='bbox 558 2496 800 2533; x_wconf 89' lang='lat' dir='ltr'>evomuerat</span> <span class='ocrx_word' id='word_1_306' title='bbox 817 2492 998 2545; x_wconf 87' lang='lat' dir='ltr'>penitius</span> <span class='ocrx_word' id='word_1_307' title='bbox 1018 2492 1266 2542; x_wconf 89' lang='lat' dir='ltr'>infecerant,</span> <span class='ocrx_word' id='word_1_308' title='bbox 1285 2491 1423 2533; x_wconf 89' lang='lat' dir='ltr'>adhue</span> <span class='ocrx_word' id='word_1_309' title='bbox 1444 2493 1559 2533; x_wconf 76' lang='lat' dir='ltr'>exul-</span> 
     </span>
     <span class='ocr_line' id='line_1_36' title="bbox 102 2559 1560 2615; baseline 0.001 -15"><span class='ocrx_word' id='word_1_310' title='bbox 102 2563 255 2600; x_wconf 88' lang='lat' dir='ltr'>cerato.</span> <span class='ocrx_word' id='word_1_311' title='bbox 317 2559 438 2602; x_wconf 80' lang='lat' dir='ltr'>Quae</span> <span class='ocrx_word' id='word_1_312' title='bbox 459 2565 745 2614; x_wconf 86' lang='lat' dir='ltr'>symptomata</span> <span class='ocrx_word' id='word_1_313' title='bbox 765 2560 906 2600; x_wconf 84' lang='lat' dir='ltr'>diaeta</span> <span class='ocrx_word' id='word_1_314' title='bbox 926 2574 948 2600; x_wconf 93' lang='lat' dir='ltr'>e</span> <span class='ocrx_word' id='word_1_315' title='bbox 969 2560 1078 2602; x_wconf 84' lang='lat' dir='ltr'>lacte</span> <span class='ocrx_word' id='word_1_316' title='bbox 1100 2560 1186 2600; x_wconf 90' lang='lat' dir='ltr'>solo</span> <span class='ocrx_word' id='word_1_317' title='bbox 1208 2560 1262 2600; x_wconf 90' lang='lat' dir='ltr'>ad</span> <span class='ocrx_word' id='word_1_318' title='bbox 1282 2560 1560 2615; x_wconf 89' lang='lat' dir='ltr'>quatriduum</span> 
     </span>
     <span class='ocr_line' id='line_1_37' title="bbox 103 2627 1560 2683; baseline 0.001 -16"><span class='ocrx_word' id='word_1_319' title='bbox 103 2627 292 2668; x_wconf 82' lang='lat' dir='ltr'>adhibita</span> <span class='ocrx_word' id='word_1_320' title='bbox 322 2642 421 2669; x_wconf 78' lang='lat' dir='ltr'>mox</span> <span class='ocrx_word' id='word_1_321' title='bbox 453 2641 674 2669; x_wconf 83' lang='lat' dir='ltr'>evanuere.</span> <span class='ocrx_word' id='word_1_322' title='bbox 735 2628 907 2683; x_wconf 92' lang='lat' dir='ltr'>Aquam</span> <span class='ocrx_word' id='word_1_323' title='bbox 943 2628 1034 2669; x_wconf 90' lang='lat' dir='ltr'>oleo</span> <span class='ocrx_word' id='word_1_324' title='bbox 1073 2628 1203 2683; x_wconf 92' lang='lat' dir='ltr'>(quod</span> <span class='ocrx_word' id='word_1_325' title='bbox 1237 2627 1306 2668; x_wconf 92' lang='lat' dir='ltr'>hic</span> <span class='ocrx_word' id='word_1_326' title='bbox 1341 2642 1427 2668; x_wconf 89' lang='lat' dir='ltr'>una</span> <span class='ocrx_word' id='word_1_327' title='bbox 1461 2642 1560 2669; x_wconf 88' lang='lat' dir='ltr'>eum</span> 
     </span>
    </p>
   </div>
   <div class='ocr_carea' id='block_1_3' title="bbox 102 2695 1558 2750">
    <p class='ocr_par' dir='ltr' id='par_1_4' title="bbox 102 2695 1558 2750">
     <span class='ocr_line' id='line_1_38' title="bbox 102 2695 1558 2750; baseline 0.002 -15"><span class='ocrx_word' id='word_1_328' title='bbox 102 2702 249 2749; x_wconf 72' lang='lat' dir='ltr'>operee</span> <span class='ocrx_word' id='word_1_329' title='bbox 269 2695 408 2749; x_wconf 86' lang='lat' dir='ltr'>ignari</span> <span class='ocrx_word' id='word_1_330' title='bbox 434 2696 571 2736; x_wconf 87' lang='lat' dir='ltr'>solent</span> <span class='ocrx_word' id='word_1_331' title='bbox 598 2695 803 2750; x_wconf 88' lang='lat' dir='ltr'>perdere,)</span> <span class='ocrx_word' id='word_1_332' title='bbox 828 2701 957 2750; x_wconf 88' lang='lat' dir='ltr'>atque</span> <span class='ocrx_word' id='word_1_333' title='bbox 985 2696 1076 2736; x_wconf 90' lang='lat' dir='ltr'>aliis</span> <span class='ocrx_word' id='word_1_334' title='bbox 1104 2695 1301 2736; x_wconf 90' lang='lat' dir='ltr'>omnibus</span> <span class='ocrx_word' id='word_1_335' title='bbox 1322 2696 1558 2750; x_wconf 88' lang='lat' dir='ltr'>liquoribus</span> 
     </span>
    </p>
   </div>
   <div class='ocr_carea' id='block_1_4' title="bbox 1581 352 1765 358">
    <p class='ocr_par' dir='ltr' id='par_1_5' title="bbox 1581 352 1765 358">
     <span class='ocr_line' id='line_1_39' title="bbox 1581 352 1765 358; baseline 0 0"><span class='ocrx_word' id='word_1_336' title='bbox 1581 352 1765 358; x_wconf 95' lang='lat' dir='ltr'> </span> 
     </span>
    </p>
   </div>
   <div class='ocr_carea' id='block_1_5' title="bbox 103 2784 1558 2911">
    <p class='ocr_par' dir='ltr' id='par_1_6' title="bbox 103 2784 1558 2911">
     <span class='ocr_line' id='line_1_40' title="bbox 145 2784 1557 2826; baseline 0 -10"><span class='ocrx_word' id='word_1_337' title='bbox 145 2789 157 2803; x_wconf 73' lang='lat'><strong><em>⁶</em></strong></span> <span class='ocrx_word' id='word_1_338' title='bbox 180 2788 241 2816; x_wconf 73' lang='lat' dir='ltr'>sive</span> <span class='ocrx_word' id='word_1_339' title='bbox 257 2785 418 2826; x_wconf 82' lang='lat' dir='ltr'>ignorans]</span> <span class='ocrx_word' id='word_1_340' title='bbox 435 2786 486 2816; x_wconf 92' lang='lat' dir='ltr'>Sic</span> <span class='ocrx_word' id='word_1_341' title='bbox 503 2786 552 2815; x_wconf 87' lang='lat' dir='ltr'>ed.</span> <span class='ocrx_word' id='word_1_342' title='bbox 567 2787 630 2822; x_wconf 73' lang='lat'>³80,</span> <span class='ocrx_word' id='word_1_343' title='bbox 647 2795 708 2816; x_wconf 91' lang='lat' dir='ltr'>om.</span> <span class='ocrx_word' id='word_1_344' title='bbox 727 2785 797 2815; x_wconf 88' lang='lat' dir='ltr'>edd.</span> <span class='ocrx_word' id='word_1_345' title='bbox 901 2789 913 2803; x_wconf 71' lang='lat'>⁰</span> <span class='ocrx_word' id='word_1_346' title='bbox 936 2784 1040 2825; x_wconf 78' lang='lat' dir='ltr'>opere]</span> <span class='ocrx_word' id='word_1_347' title='bbox 1060 2785 1165 2814; x_wconf 87' lang='lat' dir='ltr'>Immo</span> <span class='ocrx_word' id='word_1_348' title='bbox 1188 2795 1288 2824; x_wconf 78' lang='lat' dir='ltr'>opera,</span> <span class='ocrx_word' id='word_1_349' title='bbox 1310 2795 1385 2815; x_wconf 87' lang='lat' dir='ltr'>nam</span> <span class='ocrx_word' id='word_1_350' title='bbox 1407 2787 1500 2815; x_wconf 76' lang='lat' dir='ltr'>oleum</span> <span class='ocrx_word' id='word_1_351' title='bbox 1529 2792 1557 2816; x_wconf 82' lang='lat' dir='ltr'>et</span> 
     </span>
     <span class='ocr_line' id='line_1_41' title="bbox 103 2827 1558 2868; baseline 0 -10"><span class='ocrx_word' id='word_1_352' title='bbox 103 2828 154 2859; x_wconf 89' lang='lat'>’85</span> <span class='ocrx_word' id='word_1_353' title='bbox 171 2833 203 2858; x_wconf 85' lang='lat' dir='ltr'>et</span> <span class='ocrx_word' id='word_1_354' title='bbox 218 2834 347 2865; x_wconf 67' lang='lat' dir='ltr'>recent„</span> <span class='ocrx_word' id='word_1_355' title='bbox 364 2829 479 2859; x_wconf 86' lang='lat' dir='ltr'>mendo</span> <span class='ocrx_word' id='word_1_356' title='bbox 497 2829 566 2858; x_wconf 83' lang='lat' dir='ltr'>fort.</span> <span class='ocrx_word' id='word_1_357' title='bbox 584 2834 707 2868; x_wconf 74' lang='lat' dir='ltr'>typogr.</span> <span class='ocrx_word' id='word_1_358' title='bbox 859 2839 976 2866; x_wconf 78' lang='lat' dir='ltr'>operam</span> <span class='ocrx_word' id='word_1_359' title='bbox 998 2830 1124 2866; x_wconf 76' lang='lat' dir='ltr'>perdere</span> <span class='ocrx_word' id='word_1_360' title='bbox 1150 2827 1301 2858; x_wconf 84' lang='lat' dir='ltr'>dicuntur</span> <span class='ocrx_word' id='word_1_361' title='bbox 1322 2827 1344 2857; x_wconf 91' lang='lat' dir='ltr'>ii</span> <span class='ocrx_word' id='word_1_362' title='bbox 1369 2828 1424 2867; x_wconf 88' lang='lat' dir='ltr'>qui</span> <span class='ocrx_word' id='word_1_363' title='bbox 1447 2838 1558 2868; x_wconf 85' lang='lat' dir='ltr'>sump-</span> 
     </span>
     <span class='ocr_line' id='line_1_42' title="bbox 145 2870 1554 2911; baseline 0.001 -10"><span class='ocrx_word' id='word_1_364' title='bbox 145 2872 161 2894; x_wconf 77' lang='lat' dir='ltr'>d</span> <span class='ocrx_word' id='word_1_365' title='bbox 184 2871 294 2911; x_wconf 61' lang='lat' dir='ltr'>ingen]</span> <span class='ocrx_word' id='word_1_366' title='bbox 327 2871 379 2901; x_wconf 85' lang='lat' dir='ltr'>Sic</span> <span class='ocrx_word' id='word_1_367' title='bbox 404 2871 474 2901; x_wconf 87' lang='lat' dir='ltr'>edd.</span> <span class='ocrx_word' id='word_1_368' title='bbox 499 2876 626 2906; x_wconf 62' lang='lat' dir='ltr'>recent,</span> <span class='ocrx_word' id='word_1_369' title='bbox 645 2873 800 2910; x_wconf 71' lang='lat' dir='ltr'>ingeretur</span> <span class='ocrx_word' id='word_1_370' title='bbox 860 2875 928 2900; x_wconf 83' lang='lat' dir='ltr'>tum</span> <span class='ocrx_word' id='word_1_371' title='bbox 953 2876 983 2900; x_wconf 85' lang='lat' dir='ltr'>et</span> <span class='ocrx_word' id='word_1_372' title='bbox 1006 2870 1145 2900; x_wconf 80' lang='lat' dir='ltr'>laborem</span> <span class='ocrx_word' id='word_1_373' title='bbox 1167 2870 1285 2900; x_wconf 82' lang='lat' dir='ltr'>frustra</span> <span class='ocrx_word' id='word_1_374' title='bbox 1307 2870 1486 2901; x_wconf 86' lang='lat' dir='ltr'>insumunt.</span> <span class='ocrx_word' id='word_1_375' title='bbox 1505 2871 1554 2903; x_wconf 89' lang='lat' dir='ltr'>Cf.</span> 
     </span>
    </p>
   </div>
   <div class='ocr_carea' id='block_1_6' title="bbox 104 2913 1275 2954">
    <p class='ocr_par' dir='ltr' id='par_1_7' title="bbox 104 2913 1275 2954">
     <span class='ocr_line' id='line_1_43' title="bbox 104 2913 1275 2954; baseline 0.001 -12"><span class='ocrx_word' id='word_1_376' title='bbox 104 2913 174 2943; x_wconf 77' lang='lat' dir='ltr'>edd.</span> <span class='ocrx_word' id='word_1_377' title='bbox 191 2915 252 2950; x_wconf 79' lang='lat'>&#39;80,</span> <span class='ocrx_word' id='word_1_378' title='bbox 271 2915 333 2951; x_wconf 76' lang='lat'>⁸85,</span> <span class='ocrx_word' id='word_1_379' title='bbox 351 2914 465 2945; x_wconf 81' lang='lat' dir='ltr'>mendo</span> <span class='ocrx_word' id='word_1_380' title='bbox 481 2914 552 2944; x_wconf 83' lang='lat' dir='ltr'>fort.</span> <span class='ocrx_word' id='word_1_381' title='bbox 568 2919 693 2954; x_wconf 71' lang='lat' dir='ltr'>typogr.</span> <span class='ocrx_word' id='word_1_382' title='bbox 861 2913 1000 2949; x_wconf 81' lang='lat' dir='ltr'>Erasmi,</span> <span class='ocrx_word' id='word_1_383' title='bbox 1019 2915 1118 2953; x_wconf 81' lang='lat' dir='ltr'>Adag.</span> <span class='ocrx_word' id='word_1_384' title='bbox 1138 2913 1156 2943; x_wconf 85' lang='lat' dir='ltr'>i.</span> <span class='ocrx_word' id='word_1_385' title='bbox 1178 2915 1206 2943; x_wconf 80' lang='lat'>4.</span> <span class='ocrx_word' id='word_1_386' title='bbox 1225 2914 1275 2944; x_wconf 83' lang='lat'>62.</span> 
     </span>
    </p>
   </div>
  </div>
 </body>
</html>
