1985 3308
434 140 517 182 168
841 141 1098 183 THOMAE
1131 140 1472 183 SYDENHAM

243 248 400 280 Dysnsr.
432 242 651 296 sanguinis
686 257 761 296 per
791 257 961 284 omnem
995 242 1134 283 morbi
1164 242 1389 283 decursum
1424 240 1574 281 iisdem
1606 239 1886 289 admiscetur3

228 292 412 366 ‘42233ss{·”
432 324 515 364 quo
549 325 638 351 non
673 310 884 361 obstante,
921 310 1060 362 (modo
1090 310 1332 363 frequentes
1369 309 1454 349 sint
1488 308 1756 362 dejectiones,
1789 320 1888 347 cum

430 379 589 419 ventris
617 377 873 418 torminibus
899 383 941 418 et
971 377 1147 418 colluvie
1174 378 1375 429 mucosa,)
1404 375 1578 416 morbus
1604 374 1721 415 haud
1744 374 1887 414 minus

431 451 543 486 recte
575 447 823 498 Dysenteria
853 444 1087 495 vocabitur,
1120 459 1247 498 quam
1285 444 1320 485 si
1351 458 1439 484 una
1473 447 1667 484 manaret
1698 441 1884 495 sanguis.

229 517 399 550 cardiaco-
432 513 605 554 Interea
632 513 835 567 temporis
862 526 998 566 aeger,
1022 513 1056 552 si
1080 513 1146 552 vel
1170 517 1309 553 aetate
1330 512 1490 562 floreat,
1512 511 1578 551 vel
1599 510 1889 551 cardiacorum

226 568 403 643 glffiffitsre‘
432 595 509 634 ope
525 581 765 630 incalescat,
782 581 1014 629 febricitat3
1036 580 1184 633 lingua
1198 579 1419 619 subalbida
1433 579 1615 632 quadam
1630 577 1887 630 mucilagine

227 646 385 694 palidioris
431 648 560 688 dense
601 648 750 697 obsita,
783 653 838 697 et,
871 648 906 687 si
941 647 1233 687 vehementius
1273 646 1402 687 fuerit
1437 646 1732 696 excalefactus,
1763 645 1888 697 nigra

226 689 335 761 3³1¹ssss
351 731 398 761 in-
430 715 559 755 etiam
600 720 726 768 atque
767 715 888 754 sicca.
955 714 1293 754 Prosternuntur
1339 713 1569 753 admodum
1608 713 1729 763 vires,
1767 711 1887 752 ‹lissi-

226 774 401 804 ⁰⁰¹¹¹¹¹¹⁰⁶²³⁸
429 788 587 836 pantur
614 783 798 835 spiritus,
821 782 989 822 nullum
1016 796 1104 822 non
1133 781 1252 822 adest
1277 781 1406 821 febris
1431 781 1541 821 male
1568 784 1756 822 moratae
1775 779 1886 820 indi-

429 850 555 890 cium.
615 849 718 889 Non
760 849 922 889 dolores
963 854 1136 889 tantum
1178 862 1364 888 summos
1406 853 1533 901 atque
1574 847 1887 901 aegritudinem

429 916 566 957 adfert
587 917 666 956 hoc
693 917 867 966 malum,
891 916 976 966 sed,
999 916 1081 956 nisi
1109 916 1245 970 perite
1272 921 1494 966 tractetur,
1516 916 1669 969 ingens
1691 915 1820 956 etiam
1840 914 1888 955 in

428 984 539 1024 xdtae
561 978 785 1024 discrimen
808 998 982 1037 aegrum
1003 983 1222 1038 perducit,
1260 998 1358 1024 cum
1380 983 1494 1024 enim
1516 984 1607 1037 jam
1632 983 1886 1023 imminutae

429 1051 578 1091 caloris
599 1051 737 1091 vitalis
754 1065 802 1092 ac
824 1051 1051 1104 spirituum
1068 1051 1212 1104 copiae
1235 1066 1258 1092 a
1275 1051 1431 1092 crebris
1447 1051 1563 1091 hisce
1581 1050 1887 1105 dejectionibus

430 1123 529 1159 ante
558 1118 863 1159 exhaiuiantur
892 1133 1019 1172 quam
1049 1133 1227 1172 peccans
1257 1118 1437 1159 materia
1462 1118 1596 1172 possit
1627 1133 1650 1159 e
1679 1118 1888 1171 sanguine

429 1186 658 1236 exturbari,
680 1201 888 1226 manuum
910 1201 957 1228 ac
978 1187 1135 1240 pedum
1161 1187 1317 1241 frigore
1344 1186 1682 1240 superveniente,
1705 1201 1730 1226 a
1749 1191 1887 1226 morte

428 1254 750 1307 periclitabitur,
773 1254 902 1295 etiam
928 1255 1045 1295 intra
1073 1255 1320 1296 morborum
1349 1260 1572 1296 acutorum
1596 1254 1790 1308 periodos
1815 1267 1887 1307 op-

429 1321 613 1375 petenda
626 1338 637 1371 3
670 1321 782 1375 quod
811 1322 845 1362 si
869 1322 1104 1363 intentatas
1133 1323 1364 1363 Parcarum
1394 1337 1548 1363 manus
1575 1322 1655 1363 hac
1682 1322 1772 1362 vice
1799 1321 1888 1362 elu-

431 1389 543 1439 serit,
566 1389 689 1442 plura
716 1394 863 1430 tamen
892 1389 1044 1430 diversi
1074 1390 1240 1443 generis
1272 1395 1557 1444 symptomata
1587 1390 1790 1430 miserum
1818 1403 1887 1430 ex-

429 1462 616 1509 pectant.
678 1457 812 1497 Yerbi
843 1458 991 1510 gratia,
1021 1472 1331 1511 nonnunquam
1356 1471 1576 1512 progresso
1607 1456 1768 1507 morbo,
1797 1457 1890 1498 loco

430 1524 745 1564 filamentorum
773 1525 1104 1577 sanguineorum
1136 1540 1243 1579 quae
1264 1525 1413 1567 eodem
1437 1525 1669 1579 incipiente
1690 1524 1887 1579 dejectio-

429 1591 557 1631 nibus
589 1591 790 1644 permista
816 1592 1001 1646 conspici
1029 1593 1234 1643 solebant,
1258 1594 1430 1646 sanguis
1462 1593 1661 1644 sincerus,
1683 1607 1738 1634 ne
1763 1606 1888 1634 muco

431 1659 602 1712 quidem
642 1659 902 1710 intermixto,
944 1660 1115 1713 largiori
1157 1661 1397 1714 quantitate
1438 1661 1617 1713 singulis
1665 1660 1888 1702 conatibus

431 1726 618 1779 egeritur
633 1743 644 1776 3
690 1727 814 1780 quod,
844 1742 941 1768 cum
972 1728 1222 1769 corrosionis
1257 1730 1467 1782 majorum
1503 1728 1663 1782 aliquot
1692 1742 1890 1769 vasorum

433 1808 540 1847 quae
568 1793 774 1835 intestina
803 1801 1047 1849 perreptant
1080 1801 1383 1849 argumentum
1415 1796 1481 1846 sit,
1509 1810 1634 1849 aegro
1665 1795 1890 1836 interitum

230 1868 387 1899 Intestina
433 1860 636 1901 minatur.
677 1862 1003 1915 Nonnunquam
1018 1863 1147 1903 etiam
1161 1863 1572 1916 intestinaamagno
1589 1862 1660 1903 illo
1677 1862 1888 1913 incendio,

229 1913 418 1994 ἓζξὲῗζζξζξ
437 1928 548 1981 quod
576 1928 771 1969 excitavit
799 1930 1000 1970 materiae
1031 1930 1189 1970 calidae
1221 1936 1347 1984 atque
1372 1930 1478 1970 acris
1506 1930 1559 1970 ad
1588 1935 1730 1983 partes
1756 1930 1890 1970 laesas

222 1988 614 2036 affidi1mtur.affluxus
636 1996 852 2048 copiosior,
877 2011 1120 2050 gangraena
1142 1998 1368 2038 insanabili
1392 1997 1646 2038 afficiuntur.
1689 1997 1891 2052 Aphthae

230 2068 383 2108 Aphthae
435 2063 620 2116 insuper,
644 2070 825 2104 exeunte
852 2065 1012 2114 morbo,
1035 2065 1118 2105 oris
1140 2065 1309 2106 interna
1335 2066 1561 2118 faucesque
1589 2078 1890 2119 saepenumero

228 2116 401 2183 fflffiffssn
434 2131 653 2180 obsident3
686 2131 893 2184 imprimis
928 2132 1004 2172 ubi
1039 2146 1189 2186 corpus
1225 2132 1299 2172 diu
1332 2132 1461 2172 fuerit
1497 2132 1813 2182 excalefactum,
1848 2136 1891 2173 et

231 2201 407 2278 Jffizisstmm
433 2198 635 2239 materiae
673 2199 888 2252 peccantis
929 2200 1146 2240 evacuatio
1185 2199 1507 2240 medicamentis
1554 2198 1890 2252 astringentibus

232 2280 385 2309 denunci-
434 2267 650 2320 impedita,
686 2282 775 2308 non
815 2274 960 2309 exacto
999 2268 1116 2322 prius
1156 2282 1233 2323 per
1272 2267 1506 2309 cathartica
1539 2267 1676 2308 morbi
1715 2267 1888 2309 fomite:

229 2327 295 2352 aut.

435 2339 562 2387 atque
581 2335 662 2375 hae
684 2335 854 2388 quidem
874 2341 1057 2377 mortem
1078 2336 1375 2376 imminentem
1395 2340 1444 2375 ut
1465 2335 1697 2388 plurimum
1725 2335 1889 2376 denun-

435 2403 561 2443 ciant.
630 2403 708 2456 [4]
748 2403 875 2445 Quod
891 2403 925 2443 si
946 2403 1161 2457 praedicta
1178 2407 1461 2457 symptomata
1477 2402 1735 2456 superaverit
1751 2417 1888 2456 aeger,

435 2473 477 2509 et
517 2469 690 2509 morbus
730 2469 776 2509 in
815 2470 992 2523 longum
1031 2470 1240 2519 trahatur,
1276 2469 1452 2510 tandem
1497 2469 1703 2511 intestina
1742 2470 1890 2511 ordine

436 2549 627 2589 quaeque
649 2550 724 2577 suo
749 2537 946 2578 deorsum
970 2551 1114 2578 versus
1141 2536 1249 2577 affici
1270 2536 1481 2586 videntur,
1504 2537 1638 2578 donec
1659 2537 1704 2578 in
1724 2543 1890 2579 rectum

435 2603 689 2644 intestinum
704 2605 866 2645 malum
887 2619 1012 2646 omne
1029 2605 1292 2655 detrudatur,
1310 2611 1352 2645 et
1373 2604 1418 2645 in
1439 2609 1680 2645 tenesmum
1701 2605 1866 2646 desinat
1878 2622 1890 2656 3

436 2684 519 2723 quo
535 2671 660 2721 facto,
676 2672 802 2725 longe
824 2685 943 2712 secus
965 2677 1091 2724 atque
1107 2671 1153 2712 in
1166 2671 1444 2725 DysenteriiS,
1463 2671 1718 2725 dejectiones
1735 2679 1890 2714 sterco-

436 2751 554 2777 rosae
583 2738 1001 2779 vehementissimum
1027 2739 1242 2779 intestinis
1269 2739 1455 2779 dolorem
1478 2739 1680 2789 inferunt,
1706 2740 1786 2780 alvi
1814 2739 1891 2780 sci-

436 2803 533 2844 licet
564 2805 750 2846 faecibus
777 2806 989 2847 teneriora
1016 2807 1154 2847 adhuc
1179 2807 1383 2847 intestina
1409 2806 1521 2847 inter
1549 2807 1891 2848 descendendum

436 2871 709 2922 radentibus;
753 2888 850 2914 cum
887 2874 1143 2928 dejectiones
1177 2888 1374 2916 mucosae
1414 2888 1462 2915 eo
1498 2879 1667 2915 tantum
1702 2880 1891 2928 tempore
