1985 3308
407 180 493 220 390
821 180 1076 222 THOMAE
1109 180 1451 221 SYDENHAM

226 301 279 330 DE
298 300 364 331 Ap-
407 285 452 325 in
482 285 562 327 hac
590 286 876 340 gymnasticae
904 286 1040 341 specie
1071 287 1253 340 impetus
1284 287 1416 327 ferme
1447 286 1585 327 omm‘s
1605 286 1651 326 in
1671 292 1864 329 ventrem

202 343 385 417 Γέξζκῖἔζ·
406 353 649 396 inferiorem
669 355 756 405 fiat,
778 355 822 395 in
845 369 927 408 quo
956 369 1053 395 vasa
1083 353 1315 395 excretoria
1343 355 1565 407 (quotquot
1584 352 1862 405 faeculentiis,

202 451 232 476 et
249 447 378 487 spiritus
406 422 452 462 in
483 423 701 476 sanguinis
730 436 869 463 massa
899 422 1222 471 stabulantibus,
1245 420 1474 461 educendis
1504 435 1529 462 a
1548 421 1719 462 Natura
1741 422 1862 463 insti-

202 489 309 519 fismat
327 489 374 519 f0-
405 492 616 542 tuuntur,)
649 491 728 531 sita
756 490 865 540 sint,
898 503 1004 543 quae
1034 494 1158 529 tanta
1187 489 1458 529 functionum
1488 490 1698 543 perversio
1731 490 1862 532 aliave

201 537 379 605 gffiqffiilac
406 571 662 611 organorum
683 559 888 599 naturalis
910 557 1161 611 impotentia
1190 557 1254 598 vel
1285 557 1389 610 fingi
1419 563 1572 610 potest,
1595 558 1663 598 cui
1683 563 1748 599 tot
1769 573 1860 600 suc-

199 622 380 700 {Zsszqssgffi
406 627 693 666 cussationum
706 626 839 666 millia
855 625 1002 666 eodem
1019 625 1086 665 die
1102 625 1381 678 ingeminata,
1399 625 1526 679 idque
1543 625 1620 667 sub
1637 626 1720 677 dio,
1738 641 1862 680 opem

404 708 492 735 non
524 694 780 735 attulerint?
822 694 941 747 cujus
977 693 1162 734 calidum
1197 693 1395 734 innatum
1427 708 1559 748 usque
1590 694 1694 735 adeo
1725 694 1860 736 defer-

403 763 556 812 buerit,
594 768 641 802 ut
673 762 752 802 hoc
783 766 904 801 motu
943 775 1031 801 non
1072 761 1292 812 excitetur,
1324 767 1367 802 et
1407 762 1547 802 denuo
1584 762 1860 804 effervescat?

404 846 510 886 quae
541 845 638 871 vero
669 830 752 870 sive
791 829 1164 883 praeternaturalis
1204 830 1454 880 substantia,
1489 831 1574 871 sive
1605 844 1753 872 succus
1789 831 1860 873 de-

402 903 612 953 pravatus,
634 898 679 937 in
713 897 852 950 aliquo
878 897 1032 938 harum
1058 898 1244 951 partium
1275 899 1371 939 sinu
1401 898 1574 940 recondi
1603 904 1756 952 potest,
1789 900 1860 954 qui

402 981 491 1007 non
525 966 604 1006 hoc
644 965 827 1018 corporis
860 965 1058 1006 exercitio
1093 966 1159 1007 vel
1187 966 1234 1007 in
1264 971 1423 1007 statum
1454 967 1647 1008 Naturae
1682 981 1859 1008 eonsen-

401 1040 578 1075 taneum
611 1033 879 1087 perducatur,
921 1034 985 1075 vel
1025 1048 1359 1088 quaquaversum
1399 1035 1628 1089 dissipetur
1666 1036 1858 1077 elimine-

402 1104 586 1156 turque'?
643 1103 759 1144 Quid
780 1103 892 1156 quod
913 1104 1084 1157 sanguis
1104 1109 1308 1158 perpetuo
1328 1105 1408 1146 1100
1428 1110 1549 1146 motu
1568 1104 1862 1147 indesinenter

402 1171 638 1224 exagitatus
670 1184 717 1210 ac
747 1170 974 1223 permistus
1007 1172 1125 1224 quasi
1154 1179 1381 1214 renovatur
1402 1186 1450 1213 ac
1469 1173 1676 1226 vigescit‘?
1739 1173 1860 1215 Quae

401 1239 571 1293 quidem
604 1238 829 1280 methodus
864 1239 963 1280 licet
995 1239 1191 1280 foeminis
1223 1241 1334 1282 vitae
1367 1240 1502 1281 desidi
1537 1246 1664 1295 atque
1696 1241 1858 1282 imbelli

400 1307 577 1349 assuetis
608 1308 749 1348 minus
780 1308 1050 1349 accommoda
1081 1309 1147 1360 sit,
1171 1314 1318 1362 utpote
1347 1323 1454 1363 quae
1476 1324 1500 1350 a
1520 1314 1652 1361 motu,
1675 1310 1860 1351 maxime

398 1377 444 1416 111
465 1376 683 1430 principio,
705 1376 866 1430 possint
887 1376 1009 1427 laedi,
1032 1377 1129 1417 viris
1160 1383 1306 1418 tamen
1337 1386 1400 1418 est
1430 1377 1659 1431 aptissima,
1683 1383 1725 1418 et
1747 1378 1858 1419 sani-

398 1449 533 1485 tatem
554 1459 653 1498 prae
675 1446 851 1485 caeteris
872 1445 1080 1485 conciliat.

198 1532 340 1564 Historia
465 1514 587 1567 [117]
625 1514 881 1554 Nostrorum
912 1514 1083 1567 quidem
1110 1514 1155 1553 in
1185 1514 1322 1554 Sacris
1351 1514 1558 1564 Antistes,
1585 1515 1648 1554 vir
1674 1514 1857 1568 pruden-

198 1575 345 1657 {¹3¹}ssss
400 1582 460 1622 tia
490 1587 616 1636 atque
648 1582 885 1623 eruditione
916 1582 1227 1633 celeberrimus,
1255 1588 1479 1636 postquam
1511 1583 1583 1623 diu
1615 1584 1765 1624 studiis
1792 1584 1857 1624 111-

197 1660 297 1690 batur.
399 1650 707 1703 temperantius
742 1650 1009 1700 incubuerat,
1043 1665 1274 1704 omnesque
1310 1651 1440 1691 animi
1485 1652 1571 1705 (qui
1602 1666 1859 1706 permagnus

399 1719 438 1758 ei
459 1724 522 1759 est
543 1725 669 1772 atque
691 1720 907 1771 excelsus‚)
925 1733 1072 1759 nervos
1094 1719 1211 1759 seriis
1229 1719 1556 1773 cogitationibus
1577 1720 1710 1761 nimio
1732 1734 1857 1774 opere

399 1788 655 1838 intenderat,
684 1788 858 1828 tandem
894 1788 938 1827 in
973 1788 1189 1829 Affectum
1221 1786 1653 1842 Hypochondriacum
1680 1788 1854 1839 incidit,

399 1869 482 1908 quo
503 1855 663 1896 diutius
683 1856 928 1906 lacessente,
951 1856 1093 1896 omnia
1115 1856 1300 1909 corporis
1321 1857 1531 1896 fermenta
1553 1861 1674 1896 erant
1694 1856 1854 1907 vitiata,

397 1926 774 1979 concoctionesque
795 1925 965 1979 penitus
983 1926 1219 1967 subversae.
1281 1926 1696 1967 Medicamentorum
1713 1926 1854 1981 chaly-

396 1994 617 2035 beatorum
649 1994 837 2034 taedium
868 1995 961 2048 plus
990 1995 1119 2035 semel
1147 1994 1415 2035 devoraverat
1429 2012 1439 2043 3
1472 2008 1602 2047 aquas
1629 1994 1854 2035 minerales

395 2062 481 2102 fere
503 2077 661 2112 omnes,
684 2077 780 2103 cum
809 2063 991 2103 catharsi
1019 2077 1142 2116 saepe
1163 2063 1355 2116 repetita,
1377 2063 1515 2103 fuerat
1537 2066 1733 2115 expertus
1745 2079 1757 2111 ς
1789 2062 1854 2102 uti

396 2131 524 2171 ctiam
546 2131 873 2172 antiscorbutiea
895 2132 1086 2172 omnium
1111 2146 1329 2185 generum,
1351 2132 1626 2185 pulveresque
1646 2135 1854 2172 testaceos

396 2213 522 2251 quam
544 2199 746 2253 plurimos
775 2200 993 2254 sanguinis
1025 2200 1382 2241 edulcorationem
1410 2199 1721 2252 promittentes.
1784 2199 1854 2239 Ita

393 2267 546 2320 partim
570 2268 730 2318 morbo,
754 2269 908 2322 partim
935 2269 1216 2310 medicatione
1242 2282 1317 2322 per
1342 2273 1407 2308 tot
1430 2281 1562 2307 annos
1589 2267 1851 2317 continuata,

392 2339 563 2375 tantum
603 2350 689 2376 11011
725 2335 896 2386 fractus,
930 2336 1150 2376 diarrhoea
1190 2335 1457 2389 colliquativa
1497 2336 1619 2388 (quae
1655 2335 1701 2374 in
1737 2334 1849 2385 tabe,

393 2403 567 2457 aliisque
607 2404 765 2444 morbis
806 2404 1029 2455 chronicis,
1072 2404 1145 2444 ubi
1185 2417 1332 2444 omnes
1378 2403 1552 2444 omnino
1593 2403 1851 2457 digestiones

393 2478 493 2512 sunt
516 2478 761 2526 prostratae,
784 2478 965 2513 mortem
987 2473 1148 2513 anteire
1171 2473 1304 2525 solet,)
1331 2472 1502 2512 demum
1529 2471 1847 2525 corripiebatur.

394 2541 479 2581 Ubi
502 2556 569 2581 me
585 2542 759 2582 tandem
781 2542 1030 2591 consuleret,
1049 2541 1193 2582 statim
1216 2555 1381 2581 1110011111
1403 2541 1594 2594 reputavi
1610 2540 1849 2594 pharmacis

391 2609 558 2649 nullum
580 2610 759 2662 amplius
787 2610 926 2650 locum
948 2609 1140 2662 relinqui,
1163 2623 1259 2649 curn
1287 2614 1350 2649 tot
1372 2614 1578 2662 tantaque
1604 2608 1723 2649 nullo
1750 2621 1848 2648 cum

390 2676 533 2717 fructu
556 2679 644 2731 jam
667 2678 958 2731 deglutiverat.
1023 2676 1262 2717 suadebam
1284 2676 1426 2730 itaque
1451 2675 1519 2727 (ob
1548 2689 1694 2716 causas
1722 2689 1848 2729 supra

390 2746 673 2796 memoratas)
698 2751 745 2785 ut
768 2745 910 2785 statim
940 2758 982 2785 se
1005 2758 1112 2798 equo
1140 2744 1379 2785 vehendum
1412 2743 1733 2796 curandumque
1760 2747 1844 2783 tra-

390 2810 530 2860 ‹lcret3
576 2812 740 2853 modico
773 2813 956 2866 primum
990 2812 1154 2861 itinere,
1184 2812 1305 2864 quale
1338 2811 1446 2851 ferre
1482 2811 1613 2864 possit
1651 2809 1845 2850 valetudo

389 2879 444 2917 ita
479 2880 655 2929 infirma,
686 2888 745 2925 ut.
776 2881 854 2920 nisi
888 2880 1046 2933 judicio
1078 2879 1274 2919 valuisset
1308 2893 1448 2919 rerum
1485 2878 1686 2918 interiora
1721 2877 1844 2917 altius

390 2954 647 2996 penetrante,
677 2962 751 2987 1100
785 2949 835 2987 ad
873 2947 1126 2988 tentandum
1157 2947 1325 3000 quidem
1359 2946 1463 2986 illud
1492 2945 1676 2986 exercitii
1709 2959 1842 2998 genus
