1985 3308
592 160 789 202 OPERA
822 160 1040 202 OMNIA.
1479 162 1550 202 xiii

93 272 218 310 aucta
238 271 315 318 est,
336 272 386 308 ut
407 272 678 321 aegrotorum
698 268 805 310 vires
833 269 971 310 eidem
991 268 1266 324 perferendae
1286 269 1403 310 haud
1430 283 1550 322 pares
1612 276 1712 306 Vm.

93 340 248 378 essent.
282 336 594 390 Sydcnhamius
611 350 720 387 vcro,
738 336 809 390 qui
831 341 1083 390 cognoverat
1104 336 1216 377 illius
1232 336 1361 377 febris
1378 336 1552 390 genium

94 418 184 446 esse
195 405 586 456 inflammatorium,
601 410 714 445 recte
730 404 1022 459 perspiciebat,
1033 405 1241 459 ejusmodi
1254 405 1402 446 morbo
1418 419 1552 446 reme-

94 473 163 514 dja
182 473 364 514 maxime
385 473 674 514 calefacientia
701 487 925 527 opponere,
947 472 1061 514 idem
1083 487 1173 514 esse
1194 487 1242 514 ac
1263 474 1298 514 si
1320 474 1413 527 quis
1433 474 1552 514 flam-

93 555 207 582 mam
225 542 316 583 oleo
332 542 580 595 extinguere
601 542 736 583 vellet.
771 541 913 583 Quam
929 541 982 583 ob
999 556 1103 592 rem,
1121 542 1203 582 nisi
1219 542 1310 596 jam
1326 542 1552 596 parotides,

93 609 298 661 bubones,
321 610 545 651 anthraces
567 615 608 651 et
630 610 879 651 carbunculi
895 624 1136 664 comparere
1154 611 1404 664 coepissent,
1421 611 1553 664 larga,

94 693 225 733 eaque
259 679 310 733 (si
340 680 568 720 necessitas
598 680 800 733 urgeret,)
835 679 1057 734 aliquoties
1088 680 1282 734 repetita,
1314 694 1553 721 venae-sec-

94 747 212 788 tione
246 748 429 789 nimium
459 748 679 802 sanguinis
714 749 923 802 impetum
954 753 1054 790 ante
1090 749 1234 789 omnia
1274 763 1552 802 compescere,

95 815 195 857 dein
216 820 259 858 et
279 817 380 858 lecti
399 817 537 858 calore
558 822 600 858 et
613 817 811 858 remediis
833 817 1076 858 sudoriferis
1099 817 1297 858 sudorem
1312 831 1552 871 provocare,

95 885 289 939 sequenti
325 890 469 926 autem
501 885 568 926 die
601 885 741 926 alvum
774 900 955 936 movere,
988 885 1166 926 studuit.
1228 885 1350 928 Quae
1382 886 1554 939 quidem

95 954 295 995 medendi
324 954 562 1005 methodus,
585 969 636 995 ex
667 959 862 995 accurata
888 954 1016 995 febris
1046 968 1152 1009 quae
1184 968 1282 995 cum
1311 954 1391 995 hac
1415 955 1554 995 Pestis

95 1021 303 1076 epidemia
333 1023 562 1076 conjuncta
591 1027 682 1064 erat
717 1022 1053 1064 consideratione
1086 1022 1281 1073 deducta,
1315 1036 1475 1072 omnes,
1508 1022 1555 1062 in

96 1089 249 1143 quibus
271 1104 320 1131 ea
339 1095 506 1131 mature
528 1095 570 1132 et
591 1090 800 1144 intrepide
826 1091 941 1144 (nam
969 1106 994 1132 a
1012 1091 1195 1145 repetita
1215 1090 1554 1132 venae-sectione

96 1158 234 1209 multi,
260 1158 646 1212 praejudicatarum
678 1159 928 1213 opinionum
957 1160 1134 1200 vinculis
1165 1159 1332 1210 irretiti,
1355 1159 1553 1200 abhorre-

95 1225 230 1279 bant,)
255 1226 549 1278 adhibebatur,
571 1227 720 1268 mortis
750 1227 944 1268 faucibus
970 1227 1210 1268 felicissime
1238 1227 1405 1281 eripuit.
1467 1227 1555 1268 Ne-

96 1309 178 1349 que
198 1295 405 1337 infelicior
428 1296 474 1336 in
494 1297 573 1337 hoc
600 1296 748 1337 morbo
772 1295 961 1337 curando
982 1300 1082 1336 ante
1107 1295 1446 1350 Sydenhamium
1467 1296 1556 1336 vul-

96 1364 208 1418 garis
244 1364 416 1419 quidam
452 1365 688 1420 Chirurgus
723 1365 817 1415 fuit,
851 1365 924 1419 qui
956 1379 1006 1406 ex
1038 1364 1195 1405 dissitis
1230 1364 1476 1417 regionibus
1511 1365 1556 1404 in

97 1433 365 1475 Britanniam
385 1434 519 1475 redux
540 1449 638 1476 cum
659 1435 750 1475 aliis
770 1434 816 1475 in
836 1433 1044 1488 praesidio
1066 1432 1240 1473 Castelli
1260 1433 1454 1473 Dunstar
1475 1432 1558 1473 col-

95 1502 259 1544 locatus
280 1502 408 1544 eratk.
452 1504 601 1554 Pestis,
624 1517 731 1557 quae
751 1508 846 1544 tum
867 1503 913 1543 in
933 1501 1086 1542 vicinia
1107 1500 1391 1555 grassabatur,
1412 1501 1459 1541 in
1480 1501 1560 1541 hoc

97 1585 264 1626 quoque
286 1571 485 1613 Castrum
505 1573 670 1613 invecta
689 1571 919 1613 nonnifflos
940 1570 1096 1611 milites
1117 1569 1410 1623 praesidiarios
1426 1571 1556 1610 truci-

97 1639 282 1691 daverat,
305 1644 348 1681 et
368 1641 484 1682 haud
504 1641 593 1682 leve
613 1640 849 1695 periculum
875 1638 1127 1679 imminebat
1154 1652 1210 1679 ne
1237 1642 1378 1678 totum
1400 1638 1556 1691 praesi-

97 1708 216 1750 dium
236 1709 384 1751 morbo
405 1709 713 1751 succumberet.
760 1708 995 1762 Chirurgus
1012 1712 1157 1748 autem
1177 1707 1247 1748 ille
1269 1706 1407 1747 Castri
1430 1707 1555 1747 Prae·
1606 1722 1614 1729 ·

96 1776 258 1818 fectum
277 1778 439 1832 rogavit
469 1784 518 1820 ut
545 1778 626 1832 ipsi
649 1778 794 1819 liceret
819 1791 993 1818 suorum
1017 1775 1357 1816 commilitonum
1385 1775 1557 1815 sanitati

98 1850 142 1886 et
161 1846 270 1887 vitae
300 1847 405 1888 adeo
427 1862 502 1888 suo
532 1847 658 1888 modo
682 1847 933 1901 prospicere.
996 1845 1124 1887 Quod
1145 1858 1244 1886 cum
1270 1844 1352 1898 ipsi
1381 1843 1556 1898 permis-

46 1964 57 1971 ἱ
98 1930 194 1956 sum
215 1921 337 1967 esset,
359 1916 558 1958 omnibus
586 1916 812 1966 stantibus,
836 1916 970 1956 donec
998 1913 1174 1968 pedibus
1196 1913 1374 1955 deficere
1398 1913 1557 1967 incipe-

98 1988 208 2034 rent,
231 1985 484 2038 sangujnem
505 1985 711 2026 detraxit:
744 1998 828 2038 quo
849 1984 961 2025 facto
991 1983 1037 2023 in
1066 1982 1284 2036 tuguriola
1312 1981 1365 2022 ad
1386 1981 1557 2022 decum-

99 2051 289 2092 bendum
311 2052 482 2093 dimisit.
538 2052 808 2106 Quamquam
825 2057 971 2092 autem
991 2056 1160 2105 praeter
1173 2050 1559 2091 venae-sectionem

101 2119 219 2160 nullo
240 2120 322 2161 alio
342 2120 527 2161 remedio
548 2121 764 2171 utebatur,
781 2125 927 2160 tamen
949 2134 1108 2169 omnes,
1124 2119 1205 2159 hoc
1226 2119 1352 2159 modo
1372 2118 1562 2168 tractatis

99 2188 390 2229 servabantur.
451 2188 575 2229 Idem
614 2187 914 2229 recentissimis
953 2185 1217 2239 temporibus
1257 2190 1455 2238 expertus
1496 2189 1559 2225 est

100 2256 197 2298 D¹¹=¹⁸
240 2257 397 2308 Salina,
440 2257 513 2311 qui
552 2257 773 2311 Aleppone
819 2254 1083 2295 Medicinam
1133 2251 1392 2294 adhucdum¹
1433 2252 1558 2294 facit:

100 2339 247 2367 omnes
272 2325 400 2376 enim,
421 2325 496 2379 qui
517 2325 563 2365 in
595 2324 717 2379 Syria
739 2324 881 2373 -Peste,
904 2335 1011 2376 quae
1039 2334 1163 2374 saepe
1190 2320 1374 2361 maxime
1394 2320 1559 2361 inflam-

100 2394 304 2435 matoriae
328 2394 482 2435 indolis
513 2407 603 2435 esse
635 2393 779 2443 soleat,
803 2390 1096 2444 corripiantur,
1118 2389 1226 2430 mori
1253 2395 1450 2440 testatur,
1478 2388 1560 2429 nisi

100 2461 242 2516 largae
262 2462 623 2504 venae-sectiones
644 2461 941 2502 instituantur.

152 2531 259 2585 [14.]
287 2532 391 2573 Non
405 2531 540 2572 solum
558 2535 700 2572 autem
716 2529 900 2570 feliciore
915 2528 1068 2568 horum
1085 2525 1331 2567 morborum
1345 2524 1562 2566 curatione
1581 2529 1747 2579 constitu-

101 2613 229 2652 quam
259 2605 358 2641 ante
386 2600 526 2653 ipsum
553 2599 760 2640 habuerat
787 2597 943 2647 locum,
967 2595 1039 2636 sed
1071 2595 1200 2635 etiam
1232 2598 1429 2635 accurata
1450 2593 1561 2635 Con·
1578 2577 1763 2657 gssssefgffif‘

101 2667 375 2709 stitutionum
400 2667 719 2722 Epidemiarum
747 2665 1038 2707 observatione
1069 2662 1382 2717 Sydenhamius
1403 2662 1562 2716 optime
1580 2660 1762 2732 ξιῖῑΐῐὲῑῒῗοῖῡ·

101 2737 154 2778 de
189 2738 409 2779 Medicina
442 2737 614 2779 meruit.
674 2735 860 2777 Assidua
892 2735 1007 2775 enim
1042 2747 1189 2774 earum
1224 2733 1561 2774 consideratione
1580 2745 1725 2776 servavit.

99 2806 310 2848 invenisse
331 2807 410 2848 sibi
431 2807 666 2856 videbatur,
690 2809 829 2846 aerem
857 2803 1242 2858 atmosphaericum
1261 2802 1377 2843 intra
1397 2808 1562 2843 certum

100 2889 311 2916 annorum
345 2876 529 2929 spatium
562 2875 623 2915 ita
656 2873 889 2924 immutari,
923 2877 971 2913 ut
1012 2871 1243 2926 peculiares
1283 2871 1382 2912 inde
1417 2871 1562 2912 Morbi

189 2962 204 2983 k
230 2961 278 2991 Cf.
298 2963 371 2991 ibid.
385 2961 415 2990 ii.
435 2962 461 2991 2.
483 2962 532 2991 29.
1179 2955 1183 2975 ¹
1212 2957 1259 2985 Sc.
1280 2966 1362 2985 anno
1383 2956 1473 2986 1827.
