1985 3308
255 274 381 303 Pmer.

227 316 407 345 Eossen'r.
434 334 444 347 ,

428 162 482 200 14
828 158 1085 200 THOMAE
1120 157 1460 200 SYDENHAM

427 267 723 307 inconcussam
764 265 1038 306 substernens
1072 265 1207 314 basin,
1242 264 1436 304 videlicet
1477 267 1502 285 “
1515 263 1698 303 Νούσων
1739 261 1886 316 φύσιες

429 333 598 389 ιητροί,”
629 334 772 387 [Ε]]ἱιί.
795 334 847 374 vi.
872 336 911 374 5.
938 335 974 374 1.
997 338 1028 373 t.
1052 333 1109 372 iii.
1133 347 1172 386 p.
1196 332 1314 385 606]
1342 332 1369 372 i.
1388 345 1423 372 e.
1446 332 1636 371 Naturae
1657 330 1885 370 morborum

427 403 736 453 medicatricem)
762 401 805 441 id
827 402 913 454 egit
941 406 988 441 ut
1016 400 1154 441 morbi
1176 399 1402 453 cujuslibet
1423 399 1719 452 phaenomena
1741 401 1884 451 aperte

426 469 626 518 traderet,
649 469 767 509 nulla
787 468 1012 522 hypothesi
1034 468 1193 508 adscita
1214 472 1256 507 et
1282 467 1328 507 in
1352 473 1493 520 partes
1513 480 1589 520 per
1608 466 1693 506 vim
1722 465 1884 515 adacta,

425 542 475 577 ut
504 537 549 577 in
577 537 668 589 ejus
694 536 813 576 libris
840 538 903 576 De
924 536 1099 585 Morbis,
1121 535 1191 574 De
1211 535 1519 587 AffectionibuS,
1543 539 1622 574 etc.
1644 533 1786 573 videre
1807 537 1884 573 est.

428 604 614 657 Regulas
655 604 784 644 etiam
826 603 1030 657 quasdam
1069 603 1246 643 tradidit
1277 617 1329 643 ex
1359 602 1651 642 observatione
1693 599 1886 641 methodi

426 672 560 722 istius,
594 686 677 725 qua
705 672 843 711 utitur
877 671 1046 711 Natura
1075 675 1166 710 tam
1197 670 1243 710 in
1273 669 1421 709 morbo
1452 668 1733 722 provehendo,
1757 682 1887 722 quam

425 740 472 780 111
499 740 647 779 60(16111
675 739 926 788 amoliendo,
948 743 1069 778 natas
1084 755 1095 787 ;
1123 737 1360 790 cujusmodi
1388 741 1488 776 sunt
1521 738 1676 777 Coacae
1702 737 1884 777 Praeno-

426 808 566 856 tiones,
584 807 833 858 Aplzorismi,
857 811 899 846 et
920 806 1082 858 reliqua
1102 805 1146 845 id
1163 818 1311 857 genus.
1344 805 1489 857 Atque
1509 803 1556 844 111
1571 804 1638 844 his
1658 804 1744 844 fere
1765 804 1886 845 stetit,

425 888 582 926 magna
601 874 674 913 illa
695 873 839 913 Din‘ui
859 873 980 913 Senis
995 871 1157 926 θεωρία,
1174 886 1263 912 11011
1280 871 1331 912 ab
1345 871 1465 912 irrito
1481 871 1735 912 lascivientis
1751 871 1886 925 phan-

425 941 556 981 tasiae
578 940 799 981 conamine
821 940 1057 992 desumpta,
1081 953 1158 980 ceu
1184 953 1293 979 vana
1321 952 1545 991 aegrorum
1566 938 1790 989 insomnia,
1813 938 1888 980 sed

426 1008 660 1061 legitimam
689 1007 892 1047 exhibens
923 1006 1146 1047 historiam
1179 1020 1326 1046 earum
1355 1006 1550 1047 Naturae
1590 1007 1887 1060 operationum

427 1091 529 1129 quas
551 1076 596 1115 in
616 1075 840 1116 hominum
861 1074 1019 1115 morbis
1042 1074 1144 1114 edit.
1205 1074 1316 1115 Cum
1345 1088 1443 1115 vero
1465 1074 1578 1115 dicta
1599 1073 1750 1130 θεωρία
1778 1075 1888 1115 nihil

427 1148 535 1184 esset
578 1143 694 1183 aliud
735 1157 861 1196 quam
902 1142 1110 1195 exquisita
1150 1142 1346 1182 Naturae
1397 1142 1635 1196 descriptio,
1676 1156 1752 1196 par
1795 1147 1888 1184 erat

426 1213 600 1253 omnino
628 1216 677 1252 ut
702 1211 748 1251 in
769 1211 888 1265 praxi
909 1224 958 1252 eo
979 1215 1152 1251 tantum
1173 1211 1420 1262 collimaret,
1441 1217 1491 1252 ut
1513 1212 1650 1252 eidem
1674 1212 1887 1253 laboranti

427 1279 579 1332 quibus
609 1283 749 1332 posset
772 1278 907 1319 modis
929 1278 1153 1318 subvenire
1175 1278 1477 1329 contenderet,
1509 1279 1624 1320 unde
1646 1279 1776 1320 etiam
1796 1294 1885 1321 non

426 1348 552 1388 aliam
573 1348 670 1388 Arti
692 1346 921 1387 demandat
941 1346 1202 1400 provinciam
1224 1360 1350 1399 quam
1377 1352 1426 1387 ut
1455 1347 1669 1388 deficienti
1693 1348 1887 1390 Naturae

427 1420 658 1465 succurrat,
682 1415 912 1455 effraenem
933 1418 1126 1455 co'e‘rceat
1149 1419 1191 1455 et
1212 1415 1258 1454 in
1279 1415 1473 1455 ordinem
1493 1415 1659 1469 redigat
1671 1433 1684 1466 ;
1719 1421 1887 1457 utrum-

428 1497 509 1536 que
545 1497 641 1523 vero
673 1483 766 1533 hoc,
803 1487 899 1523 tum
928 1496 1057 1536 passu
1083 1482 1169 1532 illo,
1198 1487 1294 1522 tum
1325 1483 1454 1523 etiam
1487 1483 1702 1535 methodo,
1732 1484 1886 1538 quibus

427 1551 597 1592 Natura
622 1550 820 1591 morbum
849 1550 1055 1603 expellere
1082 1550 1239 1603 satagit
1267 1555 1394 1604 atque
1416 1565 1622 1592 amovere.
1678 1552 1886 1594 Animad-

427 1623 610 1659 verterat
646 1632 799 1671 nempe
831 1617 1125 1671 sagacissimus
1161 1618 1252 1668 Vir,
1293 1618 1406 1671 quod
1441 1619 1529 1659 sola
1561 1619 1733 1660 Natura
1773 1619 1888 1665 “nie

429 1686 598 1729 νούσους
634 1685 775 1740 κρίνει,
808 1684 878 1726 καὶ
913 1685 1096 1741 ἐξαρκέει
1135 1684 1188 1726 τὰ
1227 1684 1369 1726 πάντα
1415 1687 1568 1727 ‘nito-03³
1636 1687 1718 1741 [De
1758 1688 1885 1729 Alim.

428 1761 459 1795 t.
482 1755 525 1795 ii.
547 1769 586 1807 p.
612 1749 699 1807 19]
766 1755 911 1807 Atque
941 1754 1046 1794 haec
1071 1753 1215 1794 omnia
1238 1754 1402 1807 peragit
1428 1754 1597 1794 Natura
1622 1755 1886 1808 paucissimis

428 1822 832 1876 simplicissimisque
863 1822 1011 1875 adjuta
1039 1821 1325 1862 remediorum
1352 1821 1557 1872 formulis
1580 1822 1735 1863 alicubi
1756 1823 1887 1864 etiam

427 1903 598 1943 prorsus
618 1890 762 1930 nullis.

493 1957 600 2010 [16]
638 1958 788 1997 Altera
817 1957 869 1998 ab
901 1957 980 1998 hac
1010 1957 1236 1998 methodus
1259 1972 1342 2011 qua
1365 1959 1449 1999 Ars
1475 1959 1682 2000 Medendi
1707 1960 1756 2013 (si
1785 1959 1887 2013 quid

429 2039 507 2078 ego
523 2026 697 2079 ι]“11(1160,)
721 2027 853 2080 possit
872 2026 1051 2066 ulterius
1073 2026 1258 2080 provehi,
1280 2026 1326 2066 in
1349 2041 1397 2067 eo
1418 2027 1689 2080 potissimum
1715 2028 1885 2070 cardine

428 2093 618 2144 vertitur,
652 2099 700 2135 ut
742 2099 856 2135 certa
897 2094 1037 2147 aliqua
1073 2099 1114 2135 ct
1156 2100 1452 2135 consummata
1486 2096 1675 2150 undique
1716 2110 1764 2138 ac
1805 2097 1887 2137 fixa

429 2162 661 2202 Methodus
685 2162 891 2202 Medendi
911 2162 957 2202 in
978 2162 1148 2216 publica
1169 2163 1391 2204 commoda
1411 2163 1618 2215 tradatur,
1642 2178 1735 2205 eam
1759 2164 1884 2205 intel-

428 2230 513 2281 ligo
535 2244 654 2283 quae,
678 2230 778 2270 satis
803 2244 960 2283 magno
996 2231 1382 2284 experimentorum
1414 2246 1592 2273 numero
1618 2232 1888 2274 corroborata

429 2297 698 2350 suffultaque,
723 2298 823 2339 huic
844 2299 909 2338 vel
938 2298 1001 2338 illi
1022 2298 1170 2339 morbo
1191 2298 1451 2339 devincendo
1473 2314 1628 2353 suppar
1654 2301 1884 2342 iuvenitur.

428 2364 580 2417 Neque
602 2365 716 2406 euim
737 2366 838 2406 satis
859 2379 948 2406 esse
971 2365 1163 2416 arbitror,
1186 2370 1235 2406 ut
1256 2380 1472 2407 successus
1493 2368 1781 2420 particulares,
1799 2369 1885 2410 sive

430 2429 626 2472 Methodi
648 2432 886 2486 cujuslibet,
909 2433 993 2473 sive
1015 2433 1144 2473 ctiam
1173 2431 1362 2484 remedii,
1385 2435 1550 2488 scriptis
1578 2436 1826 2489 prodantur,
1849 2437 1885 2477 si

432 2513 567 2552 neque
588 2500 668 2541 hoc
689 2515 826 2554 neque
847 2502 920 2541 illa
946 2502 1241 2542 universaliter
1266 2509 1394 2556 atque
1415 2503 1461 2543 111
1481 2504 1680 2545 omnibus
1710 2499 1891 2558 scopum*

434 2567 644 2620 attingere
677 2568 1031 2622 deprehendatur,
1058 2569 1206 2624 positis
1240 2571 1390 2611 saltem
1415 2571 1481 2612 his
1506 2573 1572 2613 vel
1598 2573 1681 2613 illis
1706 2572 1886 2614 circum-

434 2635 613 2675 stantiis.
690 2637 915 2678 Contendo
949 2651 1047 2678 vero
1081 2651 1159 2690 ego
1189 2651 1267 2678 nos
1295 2652 1427 2692 aeque
1455 2644 1570 2680 certo
1595 2641 1701 2681 seire
1732 2640 1885 2682 debere

432 2700 545 2741 hunc
579 2703 751 2744 illumve
785 2705 982 2745 morbum
1018 2710 1311 2759 expugnatum
1343 2706 1407 2757 iri,
1445 2707 1480 2747 si
1511 2707 1611 2748 huic
1653 2713 1727 2749 aut
1763 2709 1886 2749 alteri

432 2767 662 2809 intentioni
689 2772 1027 2823 satisfecerimus,
1051 2787 1098 2814 ac
1120 2779 1234 2814 certo
1251 2774 1341 2827 jam
1369 2774 1524 2815 scimus
1545 2789 1622 2817 nos
1643 2775 1723 2817 hoc
1753 2776 1885 2817 aliove

434 2836 608 2875 remedii
639 2851 791 2889 genere
817 2840 916 2880 huic
948 2846 1022 2882 aut
1054 2841 1174 2882 alteri
1207 2842 1437 2883 intentioni
1469 2844 1706 2884 satisfacere
1736 2858 1883 2898 posse:

436 2902 547 2954 quod
588 2904 770 2957 quidem,
803 2906 901 2948 licet
937 2921 1025 2950 non
1058 2923 1223 2963 semper
1262 2915 1304 2951 et
1343 2909 1514 2965 ubique,
1549 2911 1886 2965 frequentissime
