1985 3308
221 125 296 160 636

264 226 357 256 Lecti
379 226 465 257 calor
487 235 552 257 non
573 225 703 267 prodest
725 226 757 256 in
782 236 844 256 usu
866 225 992 256 corticis

221 269 335 299 Peruv.
353 279 409 309 pro
433 269 575 309 fuganda
596 269 694 306 febre,
709 270 791 303 453;
817 269 920 299 febres
943 269 991 298 in-

220 312 352 343 termitt.
369 312 403 342 in
425 312 651 343 continuarum
673 311 811 352 speciem
835 318 995 342 transmu-

220 359 287 384 tare
311 353 408 392 valet,
428 356 501 391 280,
523 356 597 391 285,
614 355 694 389 286;
720 354 846 384 corticis
878 354 993 384 Peruv.

221 396 394 428 salutarem
409 397 558 428 effectum
577 397 696 433 turbat,
712 398 792 431 2863
817 396 938 426 nimius
960 396 994 426 in

222 439 309 470 febre
342 440 490 481 erysipel.
525 440 676 480 rejicitur,
714 440 795 473 263;
835 439 994 478 quomodo

222 483 413 523 sanguinem
448 483 597 522 exagitet,
632 487 663 512 et
690 481 724 511 in
754 489 850 521 caput
878 481 993 518 mittat,

223 526 305 560 494;
331 536 347 556 e
361 525 445 556 lecto
470 535 609 565 surgere,
634 534 731 564 quain
754 523 834 554 utile
858 524 892 554 in
909 524 992 554 vari-

222 568 292 605 olis,
310 569 381 604 138,
399 570 479 602 335;
505 567 675 598 solvuntur
695 567 897 606 objectioneS‚
921 568 993 603 338,

222 612 303 645 339;
329 621 425 650 quain
450 610 667 640 necessarium
686 609 720 639 in
742 609 893 639 omnibus
909 619 995 639 mor-

221 653 272 683 bis
292 653 556 688 inflammatoriss,
572 653 651 687 156;
676 657 707 682 et
726 651 759 681 in
774 652 862 682 febre
875 652 995 682 contin.

223 706 297 726 ann.
313 696 474 731 ’73-’75,
489 696 569 729 21ος
595 705 693 735 quam
705 694 785 725 utile
801 695 833 724 in
850 693 994 735 pleuriti-

223 738 272 775 de,
292 739 364 775 156,
380 739 462 773 250;
485 738 519 768 in
541 738 668 777 angina,
685 737 748 769 267
763 750 769 772 ;
795 737 920 767 cautela
937 747 996 767 ne-

223 781 359 811 cessaria
375 781 408 810 in
432 780 604 820 surgendo,
619 791 662 810 sc.
679 790 720 810 ne
736 780 832 810 nimis
856 780 912 810 diu
939 790 995 820 pro

224 833 288 853 una
311 823 382 853 vice
405 833 498 863 aeger
518 833 537 853 a
557 823 640 853 lecto
664 823 755 859 absit,
780 824 836 853 211
856 835 863 857 ς
887 833 996 853 morae

226 866 379 906 longioris
409 866 443 896 in
472 866 555 896 lecto
584 866 798 902 incommoda,
823 876 866 896 sc.
899 866 994 896 rheu-

224 909 404 946 matismus,
429 914 461 939 et
489 908 617 945 icterus,
645 909 887 948 subsequentes,
913 910 997 943 211;

225 962 242 981 e
257 951 341 982 lecto
358 951 587 982 surrectionem
605 961 762 991 quaenam
782 951 995 982 contra-indi-

227 999 311 1030 cant,
329 995 410 1030 346;
434 994 468 1024 in
489 999 613 1024 comate
635 993 750 1030 febrili,
765 995 845 1027 495:
870 994 903 1024 in
919 994 994 1024 hae-

225 1037 408 1077 morrhagia
422 1037 559 1073 narium,
577 1038 658 1072 268;
681 1036 765 1067 lecto
788 1037 884 1067 defixi
899 1037 996 1077 aegri,

225 1080 366 1110 febribus
387 1081 507 1110 contin.
529 1080 721 1116 laborantes,
738 1086 810 1120 post
832 1079 995 1120 purgatio-

225 1133 300 1152 nem
323 1128 522 1163 assumptam
540 1132 604 1152 non
621 1122 760 1162 amplius
784 1122 996 1158 detineantur,

226 1167 285 1201 53;
310 1165 344 1195 in
368 1166 455 1196 febre
478 1165 630 1206 hyemali,
656 1166 728 1202 477,
750 1167 830 1200 488;
856 1165 996 1195 miliares

225 1208 408 1248 eruptiones
424 1208 538 1238 exinde
554 1213 740 1245 nascuntur,
757 1209 838 1243 488;
862 1208 895 1238 in
910 1208 997 1238 febre

225 1251 408 1287 scarlatina,
431 1252 511 1286 244;
549 1251 583 1280 in
610 1251 697 1281 febre
725 1251 891 1288 variolosa,
917 1252 995 1286 156³

225 1294 365 1324 foemina
387 1293 475 1324 illico
499 1293 684 1330 addicenda,
709 1293 806 1324 simul
830 1303 866 1323 ac
892 1293 997 1324 lochia

226 1347 407 1377 suppressa,
430 1338 509 1372 398;
533 1337 567 1366 in
583 1336 685 1366 mictu
705 1337 881 1376 sanguineo
897 1336 994 1366 absti-

224 1380 380 1416 nendum,
391 1381 452 1410 359
465 1392 471 1415 ;
489 1379 523 1409 in
535 1379 693 1410 morbillis
703 1379 830 1419 quando
843 1385 874 1410 et
885 1390 998 1419 quarn-

224 1422 280 1452 diu
295 1432 389 1462 aeger
404 1422 594 1462 affigendus,
611 1424 671 1452 185
683 1435 690 1458 ;
715 1422 798 1452 lecto
813 1422 847 1452 in
862 1422 994 1452 morbi]-

224 1464 265 1495 lis
293 1465 369 1494 anni
394 1465 447 1497 ’74
469 1465 706 1501 addicebantur,
725 1466 805 1499 218;
842 1465 876 1495 in
899 1464 994 1505 phre-

224 1507 324 1537 nitide
339 1518 356 1537 e
369 1507 456 1538 febre
476 1518 558 1538 nova
581 1507 730 1547 epidem.,
744 1509 825 1542 495;
850 1508 883 1537 in
898 1508 994 1538 rheu-

225 1550 387 1587 matismo,
406 1550 484 1585 156;
509 1550 631 1590 aliquot
652 1550 739 1580 horis
762 1550 800 1580 de
823 1550 874 1580 die
897 1550 995 1580 absti-

226 1593 379 1629 nendum,
397 1594 458 1623 258
473 1605 479 1628 ;
502 1593 535 1622 in
551 1592 632 1622 tussi
651 1593 797 1632 epidem.,
813 1593 869 1623 ubi
888 1593 995 1629 febris,

225 1641 297 1672 etc.‚
313 1635 441 1673 adsunt,
458 1637 538 1671 229;
563 1635 596 1665 in
617 1635 745 1665 variolis
761 1635 843 1666 lecto
859 1645 922 1665 non
939 1635 994 1665 ad-

224 1678 379 1708 dicendus
404 1689 498 1717 aeger
525 1684 598 1708 ante
622 1678 822 1718 eruptionem
847 1678 994 1718 pustula-

225 1731 310 1757 rum,
346 1723 419 1757 332,
450 1722 531 1755 346;
569 1720 651 1751 lecto
685 1727 758 1751 ante
791 1721 875 1750 diem
912 1721 995 1751 4tu¹²¹

225 1763 430 1803 pertinaciter
444 1764 589 1794 addicere
604 1773 746 1803 aegrum,
763 1763 897 1799 malum,
917 1764 975 1795 137
989 1776 995 1799 ;

226 1807 265 1836 cf
283 1808 357 1843 515,
373 1807 456 1841 567;
493 1816 530 1836 eo
559 1806 671 1846 primis
701 1806 997 1836 diebus·abstinerc

225 1849 370 1879 maculas
385 1859 559 1889 purpureas
581 1853 613 1878 et
633 1849 768 1878 mictum
783 1849 997 1888 sanguineum

227 1893 403 1931 praecafet,
428 1892 500 1928 137,
524 1893 605 1927 343;
638 1891 720 1921 lecto
747 1891 911 1921 commissi
935 1902 997 1931 qua

226 1935 348 1964 ratione
377 1934 421 1964 ibi
451 1945 484 1965 se
512 1944 620 1974 gerere
649 1934 796 1971 debeant,
824 1935 897 1970 223,
924 1936 998 1971 355,

227 1978 309 2012 5673
333 1977 366 2007 in
391 1977 519 2007 van'olis
542 1987 647 2007 anom.
667 1977 761 2007 discr.
785 1987 879 2017 aeger
894 1987 995 2017 quan-
1024 2002 1025 2009 ,

227 2020 346 2050 donam
361 2020 566 2056 addicendus,
586 2021 663 2055 193;
688 2020 826 2049 infantes
849 2020 881 2049 in
906 2020 998 2050 cunis

226 2072 313 2093 nunc
325 2064 465 2103 jaceant,
480 2073 566 2092 nunc
589 2062 684 2092 istinc
705 2063 898 2098 auferantur,
918 2064 995 2097 l43;

227 2105 261 2135 in
280 2105 409 2136 variolis
431 2106 525 2136 discr.
541 2105 721 2141 oborituris,
737 2115 778 2135 an
796 2105 908 2145 primis
931 2105 997 2136 ‹lie-

226 2148 287 2178 bus
316 2149 495 2179 abstineant
523 2148 573 2178 vel
602 2158 676 2184 non,
700 2148 787 2178 idem
816 2148 886 2184 erit,
916 2150 996 2183 3413

227 2190 366 2221 lectulus
379 2192 411 2221 in
425 2192 584 2231 podagrae
599 2191 792 2221 inveteratae
805 2201 998 2231 paroxysmo

228 2234 371 2264 exercitii
416 2235 576 2264 defectum
616 2233 819 2273 aliquatenus
860 2234 996 2274 supplet,

228 2279 290 2307 445
305 2290 311 2312 ;
334 2277 454 2307 lectum
468 2277 631 2317 podagrici
643 2282 768 2306 mature
783 2282 905 2317 petant,
918 2278 996 2311 4383

227 2320 391 2360 puerperis
427 2320 636 2350 tenerioribus
671 2319 835 2360 quodnam
872 2319 996 2350 emolu-

227 2363 327 2392 menti
344 2363 473 2398 adferat,
492 2363 561 2394 397.

270 2406 375 2445 Lepra
390 2406 519 2435 morbus
543 2410 590 2435 est
613 2415 652 2435 ex
673 2404 725 2441 iis,
741 2405 795 2445 qui
816 2403 894 2434 olim
915 2405 996 2435 exti-

226 2453 304 2485 tere,
322 2449 390 2488 jam
415 2448 608 2483 occiderunt,
634 2449 715 2483 225;
748 2447 834 2488 apud
857 2448 998 2478 medicos

227 2491 331 2530 qualis
347 2491 541 2531 depingitur,
558 2492 630 2521 311.

272 2534 400 2574 Lingua
416 2534 507 2573 nigra
523 2539 553 2563 et
569 2533 652 2563 sicca
666 2533 699 2563 in
711 2533 796 2564 febre
810 2533 928 2563 contin.
945 2534 993 2564 ’61

227 2578 336 2613 -—’64,
361 2578 418 2609 39:
457 2576 491 2606 in
521 2576 606 2606 febre
636 2576 778 2616 hyemali
808 2576 890 2612 alba,
914 2577 994 2611 477;

227 2619 325 2655 arida,
337 2619 364 2648 si
379 2618 464 2649 male
480 2624 641 2655 tractetur,
659 2620 740 2654 477;
764 2619 796 2649 in
813 2619 899 2649 febre
914 2629 996 2649 nova

228 2662 363 2701 epidem.
379 2662 538 2701 quomodo
559 2672 592 2692 se
614 2662 740 2698 habeat,
757 2663 839 2697 4893
861 2661 893 2691 in
911 2662 997 2692 febre

228 2704 383 2733 variolosa
401 2704 516 2744 qualiS,
535 2705 604 2739 152,
625 2706 703 2739 158;
727 2704 759 2734 in
784 2705 869 2735 febre
892 2705 994 2734 vario-

228 2746 295 2776 losa
319 2757 337 2776 a
361 2747 516 2786 regimine
546 2747 649 2777 calido
677 2752 835 2788 quantum
863 2752 997 2783 mutata,

231 2790 310 2822 158;
335 2789 369 2818 in
393 2789 520 2819 variolis
544 2789 680 2829 regular.
701 2790 927 2830 incipientibus
952 2790 994 2820 si-

228 2831 315 2861 milis
331 2842 367 2861 ac
382 2831 415 2861 in
431 2832 516 2862 febre
531 2833 698 2870 variolosa,
716 2834 784 2864 153.

271 2873 456 2904 Linimenta
484 2874 517 2904 in
546 2874 689 2915 hydrope
713 2886 771 2906 nec
797 2875 914 2906 obsunt
938 2885 996 2905 nec

224 2922 368 2956 prosunt,
386 2917 457 2948 473.

819 124 988 161 INDEX
1017 123 1222 161 RERUM.

1097 225 1303 254 Linteamina
1333 224 1409 255 lecti
1444 235 1500 266 pro
1531 225 1700 266 phthisicis
1736 225 1825 267 equi·

1051 267 1194 298 tantibus
1210 267 1364 297 calefacta
1379 278 1448 298 esse
1463 268 1589 305 debent,
1607 269 1678 299 391.

1095 310 1217 340 Linum
1238 310 1374 340 crudum
1394 310 1434 340 ad
1454 317 1578 351 partem
1598 310 1716 341 levitur
1729 315 1821 342 ustu-

1050 352 1183 382 landam
1196 352 1283 382 idem
1298 353 1470 392 praestabit
1484 364 1521 384 ac
1536 363 1641 390 moxa,
1657 354 1729 384 449.

1096 395 1219 435 Liquor
1232 395 1323 435 niger
1342 395 1376 425 in
1396 395 1525 426 variolis
1540 396 1647 433 confi.,
1659 396 1730 426 loco
1749 395 1826 426 flavi

1051 438 1207 473 humoris,
1223 438 1250 467 si
1265 438 1396 478 sanguis
1411 443 1584 475 exaestuet,
1601 439 1712 475 effluit,
1730 440 1802 469 348.

1095 480 1253 520 Liquores
1275 481 1422 520 generosi
1449 481 1483 511 in
1510 481 1654 522 hydrope
1676 482 1825 511 morbum

1051 523 1258 563 incipientem
1280 533 1373 563 saepe
1394 523 1454 553 soli
1477 530 1639 560 curarunt,
1660 524 1733 560 471,
1751 524 1824 560 587,

1053 567 1115 596 588
1127 578 1134 601 ς
1158 565 1382 605 refrigerantes
1396 571 1427 596 et
1442 571 1554 597 tenues
1564 576 1660 606 quare
1671 577 1735 597 non
1749 576 1824 597 con-

1053 608 1196 645 cedendi,
1222 609 1304 644 471;
1344 609 1506 649 spirituosi
1528 610 1561 640 in
1585 609 1666 639 tussi
1688 609 1823 650 epidem.

1053 651 1129 681 anni
1152 652 1204 682 ’75
1233 651 1366 688 vitandi,
1389 651 1472 687 231;
1506 652 1539 682 in
1565 652 1694 682 variolis
1718 662 1823 683 anom.

1053 698 1278 734 temperanteS,
1294 698 1325 724 et
1345 694 1567 725 salivationem
1589 700 1826 735 promoventes,

1056 737 1128 773 191,
1147 738 1217 767 193.

1097 779 1220 809 Lochia
1243 779 1277 809 in
1303 779 1469 820 puerperis
1495 779 1715 817 tenerioribus,
1739 780 1826 821 quod

1054 821 1150 852 nimis
1166 822 1228 852 cito
1246 832 1262 852 e
1277 822 1360 852 lecto
1376 828 1521 862 surgant,
1537 833 1715 863 suppressa,
1733 823 1827 853 diris-

1054 864 1135 894 sima
1150 870 1364 905 symptomata
1379 865 1548 902 inducunt,
1565 867 1639 902 396,
1653 866 1723 897 397.

1099 907 1318 937 Locmomm
1353 907 1440 946 (DE)
1475 917 1656 938 mnomco
1689 908 1826 945 FLuxu,

1055 951 1129 986 583,
1146 951 1230 985 58÷;
1256 951 1297 980 cf.
1312 952 1384 985 400,
1399 951 1472 981 401.

1099 993 1318 1023 Locmonvu
1343 992 1431 1033 (Da)
1457 993 1735 1031 Scrrnsssroxn,
1750 995 1824 1030 584,

1055 1037 1138 1071 585;
1162 1036 1200 1067 et
1225 1037 1298 1073 397,
1319 1037 1390 1066 398.

1098 1078 1175 1109 Lon
1203 1079 1291 1118 (De)
1321 1079 1508 1116 VENEREA,
1537 1079 1720 1116 306—326‚
1751 1080 1827 1117 591,

1099 1164 1186 1194 Lues
1202 1163 1349 1194 venerea
1365 1164 1450 1194 unde
1466 1170 1498 1194 et
1513 1174 1576 1204 quo
1595 1169 1738 1205 tempore
1754 1163 1824 1194 Eu-

1053 1216 1165 1246 ropam
1189 1207 1324 1247 appulit,
1346 1208 1427 1242 308;
1455 1217 1521 1237 non
1544 1217 1581 1237 ea
1602 1207 1763 1237 celeritate
1787 1217 1825 1238 ac

1054 1255 1127 1280 ante
1142 1255 1316 1290 grassatur,
1331 1251 1411 1284 308;
1435 1249 1469 1279 in
1489 1249 1580 1280 initio
1598 1250 1823 1290 symptomati-

1054 1292 1114 1322 bus
1127 1292 1322 1332 quibusnam
1337 1292 1498 1333 prodierit,
1511 1294 1573 1323 309
1588 1306 1595 1327 ς
1611 1292 1827 1333 gonorrhoeae

1054 1334 1147 1365 virui.
1164 1335 1281 1375 specie,
1295 1346 1314 1365 a
1338 1341 1469 1366 centum
1490 1340 1574 1366 retro
1597 1335 1689 1366 annis
1713 1345 1746 1366 se
1761 1335 1827 1375 pri-

1055 1388 1146 1408 mmn
1171 1378 1321 1415 ostendit,
1340 1380 1419 1412 309;
1446 1378 1632 1417 contagium
1655 1379 1725 1418 ejus
1747 1388 1828 1418 quo-

1054 1421 1148 1450 modo
1164 1426 1372 1461 propagatur,
1388 1422 1468 1455 309:
1494 1421 1594 1452 oritur
1611 1431 1705 1461 saepe
1727 1431 1746 1451 a
1768 1431 1825 1461 go-

1054 1463 1209 1494 norrhoea
1219 1463 1312 1493 virul.
1325 1464 1532 1500 diuturniore,
1546 1463 1598 1494 vel
1611 1474 1629 1494 a
1638 1464 1771 1494 materia
1783 1464 1828 1494 vi-

1054 1506 1113 1535 rul.
1129 1506 1400 1546 adstringentibus
1422 1506 1655 1546 intempestivis
1678 1506 1827 1543 coercita,

1055 1550 1113 1578 311
1129 1561 1136 1583 3
1161 1559 1316 1589 quosnam
1329 1559 1440 1589 aegros
1457 1549 1641 1589 saepissime
1657 1549 1827 1586 adoriatur,

1055 1592 1135 1625 314;
1161 1598 1414 1631 sjrnptomatum
1436 1592 1506 1631 ejus
1527 1592 1735 1627 enumerat'o,
1752 1593 1827 1629 311,

1055 1635 1128 1670 312,
1145 1635 1224 1669 591;
1250 1635 1319 1674 ejus
1334 1640 1483 1664 naturam
1506 1634 1709 1665 essentialem
1731 1634 1823 1674 igno-

1053 1683 1102 1706 rat
1131 1677 1265 1713 Auctor,
1293 1679 1373 1712 3123
1411 1677 1538 1707 videtur
1562 1677 1826 1707 inflammationis

1053 1719 1222 1759 particeps,
1248 1721 1331 1751 312:
1362 1720 1521 1760 quomodo
1545 1720 1685 1750 curanda
1708 1719 1830 1757 veniat,

1053 1761 1203 1792 nonnulli
1227 1762 1369 1792 indicare
1392 1772 1532 1802 aequum
1555 1772 1620 1792 non
1643 1762 1825 1799 aestimant,

1055 1805 1115 1836 307
1128 1817 1134 1839 ;
1160 1805 1283 1834 Auctor
1297 1805 1472 1835 contrariae
1488 1810 1535 1835 est
1552 1805 1739 1843 sententiae,
1752 1806 1826 1843 307,

1055 1848 1134 1881 308;
1158 1847 1222 1877 luis
1246 1847 1451 1877 confirmatae
1473 1848 1540 1878 sola
1564 1848 1751 1878 salivatione
1766 1858 1822 1879 cu-

1053 1890 1142 1925 ratio,
1162 1891 1245 1926 3183
1270 1891 1347 1920 haec
1369 1897 1476 1921 autem
1492 1891 1651 1931 quomodo
1673 1891 1822 1922 institua-

1054 1937 1117 1969 tur,
1141 1934 1322 1969 319—325,
1346 1934 1420 1970 591,
1441 1935 1522 1968 5923
1547 1934 1574 1964 si
1593 1934 1827 1974 gonorrhoeam

1054 1975 1203 2005 comitem
1226 1976 1334 2012 habet,
1355 1977 1445 2017 prius
1472 1976 1660 2007 salivatione
1683 1976 1826 2007 tollenda

1054 2017 1133 2055 lues,
1159 2020 1232 2055 323,
1255 2021 1334 2054 324;
1369 2019 1554 2059 specificum
1579 2019 1709 2049 nullum
1729 2019 1826 2050 habet

1053 2061 1242 2098 remedium,
1258 2062 1350 2101 cujus
1368 2072 1426 2102 ope
1447 2062 1515 2092 sine
1537 2062 1744 2092 evacuatione
1767 2072 1824 2093 cu-

1053 2109 1151 2141 retur,
1170 2105 1239 2140 103,
1259 2106 1338 2140 312;
1363 2105 1438 2135 hinc
1457 2105 1484 2134 si
1505 2104 1592 2135 aliud
1606 2105 1821 2135 medicamen-

1054 2150 1124 2176 tum
1153 2147 1291 2183 daretur,
1314 2147 1398 2187 quod
1424 2147 1646 2179 salivationem
1672 2153 1825 2186 moveret,

1054 2189 1171 2229 pariter
1200 2200 1236 2220 ac
1264 2190 1442 2220 mercurius
1465 2190 1505 2220 ad
1530 2191 1706 2220 sanandam
1734 2191 1824 2221 luem

1053 2231 1183 2268 valeret,
1200 2234 1279 2268 312;
1304 2233 1460 2263 recidivae
1477 2233 1594 2273 quibus
1610 2233 1775 2271 debentur,
1791 2238 1824 2264 et

1055 2275 1213 2314 quomodo
1237 2276 1492 2315 praeveniantur,
1515 2277 1596 2311 321;
1621 2276 1699 2316 quid
1718 2276 1752 2306 in
1770 2286 1824 2307 ore

1053 2317 1151 2348 nimis
1167 2318 1348 2349 exulcerato
1369 2319 1410 2348 sit
1425 2318 1595 2358 agendum,
1614 2320 1695 2354 3243
1720 2318 1824 2350 diaeta

1055 2370 1211 2400 quaenam
1229 2361 1425 2391 observanda
1437 2362 1521 2392 inter
1538 2362 1727 2398 curandum,
1740 2363 1822 2398 3243

1054 2413 1151 2443 quare
1171 2404 1204 2434 in
1231 2404 1338 2434 Gallia
1361 2409 1493 2435 sanatur
1515 2404 1645 2435 facilius
1671 2414 1709 2435 ac
1734 2405 1821 2445 apud

1053 2456 1120 2481 nm,
1135 2448 1206 2476 325.

1098 2489 1265 2528 Lunibago
1287 2489 1485 2520 rheumatica
1507 2489 1730 2520 rheumatismi
1751 2500 1823 2530 spe-

1053 2531 1116 2561 cies
1133 2537 1190 2568 est,
1206 2533 1286 2567 2563
1311 2533 1492 2573 descriptio,
1503 2533 1576 2569 256,
1589 2533 1669 2567 257;
1693 2532 1821 2573 nephri-

1051 2575 1152 2605 ticum
1176 2574 1408 2615 paroxysmum
1431 2575 1597 2612 mentitur,
1612 2576 1694 2611 2565
1730 2585 1820 2606 cura-

1051 2617 1106 2654 tio,
1122 2619 1302 2649 257—259.

1095 2660 1210 2690 Luxus
1223 2661 1330 2691 animo
1345 2665 1376 2690 et
1390 2661 1513 2701 corpori
1526 2664 1685 2701 quantum
1706 2659 1823 2698 laedat,

1052 2704 1126 2739 435,
1143 2704 1213 2733 436.

1095 2745 1245 2776 Maculae
1261 2746 1294 2776 in
1306 2746 1394 2776 febre
1415 2745 1585 2776 scarlatina
1599 2744 1722 2786 quales,
1735 2746 1798 2776 243
1811 2757 1820 2781 ς

1051 2798 1230 2829 purpureae
1252 2789 1349 2825 unde,
1365 2790 1445 2823 509;
1472 2789 1567 2828 signa*
1577 2788 1736 2819 habentur
1749 2797 1819 2818 ma-

1051 2831 1219 2871 lignitatis,
1234 2833 1316 2866 509;
1338 2831 1372 2862 in
1392 2831 1533 2861 febribus
1551 2836 1711 2871 augentur
1736 2830 1820 2861 cale-

1051 2874 1254 2911 facientibus,
1269 2876 1349 2910 232;
1373 2874 1407 2904 in
1432 2874 1518 2904 febre
1541 2884 1623 2904 nova
1635 2873 1788 2914 hyemali,
1802 2883 1821 2904 a

1052 2916 1322 2954 calefacientibus,
1344 2918 1417 2953 488,
1435 2918 1515 2951 494;
1539 2917 1573 2947 in
1596 2916 1682 2948 febre
1702 2915 1819 2946 scarla-
