1985 3308
431 128 828 169 DISSERTATIO
860 126 1265 170 EPISTOLARIS.
1495 134 1579 173 403

305 238 426 280 Coque
451 247 562 281 aquae
583 235 746 270 fontanae
771 235 868 269 libris
892 241 1041 280 quatuor
1062 234 1106 269 ad
1132 235 1236 268 libras
1260 235 1358 278 duas,
1383 237 1447 270 sub
1474 238 1576 271 finem
1620 246 1673 277 DE
1692 247 1758 277 Ap-

1598 298 1691 319 rncr.
1708 289 1781 319 Hr-

1610 341 1766 363 STEIUCA.

305 292 468 327 addendo

467 352 616 385 Coi-tieis
633 352 868 385 Granatorum
886 351 1022 384 contusi
1039 351 1179 384 unciam
1197 362 1318 391 unam,

467 408 637 442 Rosarum
656 408 866 449 Rubrarum,

465 465 606 500 Florum
625 466 874 506 Grauatorum,
890 477 958 500 ana
974 465 1170 510 manipulos
1188 465 1286 507 duos,

468 522 594 558 deiude
619 523 708 557 adde
724 523 807 556 Vini
830 523 940 557 Rubri
957 523 1082 557 libram
1101 522 1304 563 dimidiam3

300 581 467 614 Colatura
483 581 528 614 sit
550 592 612 626 pro
629 581 714 622 fotu,
731 581 791 625 qui
808 591 886 614 cum
906 580 1030 624 pannis
1053 579 1163 614 laneis
1187 579 1277 624 parti
1295 579 1438 613 affectae
1456 579 1578 614 admo-

300 642 420 670 veatur
449 648 552 671 mane
580 637 673 671 horis
699 636 834 671 duabus
858 643 1046 681 antequam
1070 648 1088 670 e
1111 637 1200 671 lecto
1223 641 1394 681 assurgat,
1420 642 1455 672 et
1477 644 1578 672 nocte

301 700 378 738 post
397 693 610 735 decubitum,
629 694 738 728 donec
756 700 992 739 symptomata
1008 694 1148 739 penitus
1164 694 1379 728 evanuerint.

115 799 200 840 Sed
224 799 276 840 de
296 799 362 840 his
382 800 477 853 plus
500 801 614 841 satis.

174 926 311 980 [l40.]
351 927 498 968 Habes
519 927 708 978 tandem,
733 926 1054 968 Humanissime
1076 928 1166 978 Vir,
1190 941 1337 969 eorum
1364 942 1575 969 summam
1594 938 1755 970 Coactu-

109 1008 216 1047 quae
252 1009 276 1035 a
311 1009 378 1035 me
413 995 460 1035 in
494 995 671 1049 hujusce
706 994 844 1037 morbi
881 996 963 1036 sive
998 996 1187 1046 historia,
1223 996 1308 1037 sive
1341 996 1573 1047 curatione,
1593 991 1659 1012 ⁵¹⁰·

108 1064 315 1107 hactenus
341 1066 501 1108 fuerint
523 1067 754 1108 observata.
818 1068 982 1118 Restat,
1012 1072 1073 1118 ut,
1103 1068 1138 1108 si
1166 1068 1268 1122 quid
1294 1068 1404 1109 forte
1430 1083 1574 1123 pecca-

108 1132 252 1184 verim,
273 1134 355 1175 ista
374 1134 516 1175 minus
539 1149 664 1189 quam
687 1135 874 1189 oportuit
906 1140 1101 1176 accurate
1129 1136 1385 1187 describens,
1407 1137 1575 1178 veniam

109 1214 134 1240 a
165 1200 223 1242 Te
259 1207 426 1255 petam,
458 1207 551 1243 tum
578 1207 625 1243 ut
657 1203 838 1256 opellam
868 1203 992 1254 hanc,
1025 1217 1073 1244 eo
1105 1203 1248 1245 animo
1280 1208 1495 1245 exaratam
1525 1210 1574 1246 ut

108 1268 266 1321 gratias
299 1270 394 1310 Tibi
426 1270 641 1321 referrem,
683 1271 810 1324 (quod
847 1271 928 1311 alia
968 1276 1114 1312 nostra
1154 1272 1391 1322 conamina,
1435 1273 1575 1326 qualia

108 1337 249 1389 qualia
279 1337 352 1377 illa
383 1337 556 1388 fuerint,
594 1339 685 1379 Tuo
727 1338 888 1379 calculo
927 1338 1106 1392 probare
1141 1339 1257 1380 haud
1298 1340 1569 1393 dedigneris,)

106 1404 230 1458 aequi
254 1404 438 1458 bonique
475 1406 683 1446 consulas.
747 1405 868 1447 Quae
896 1406 1068 1460 quidem
1104 1407 1334 1460 gratulatio
1370 1409 1476 1448 mihi
1512 1408 1573 1449 ita

104 1485 199 1512 raro
235 1471 418 1523 obvenit,
441 1478 489 1514 ut
519 1473 584 1513 vel
615 1473 724 1513 nihil
751 1488 922 1527 prorsus
952 1473 1004 1514 ab
1034 1473 1281 1515 hominibus
1304 1475 1384 1514 sim
1404 1489 1570 1528 prome-

104 1539 225 1590 ritus,
246 1541 313 1581 vel
333 1541 503 1581 candidi
523 1541 786 1596 ingenuique
812 1541 884 1582 isti
911 1556 1015 1595 quos
1044 1556 1094 1583 ea
1123 1543 1280 1583 mentis
1308 1543 1572 1596 praestantia

105 1608 274 1650 Natura
294 1610 457 1650 effinxit
478 1615 527 1651 ut
550 1611 660 1664 grati
681 1625 771 1652 esse
792 1611 950 1662 norint,
973 1611 1173 1665 perpauci
1195 1616 1296 1652 sunt
1311 1629 1384 1662 3—

494 1729 512 1743 “
526 1727 579 1757 vix
597 1727 740 1763 totidem,
757 1732 835 1767 quot

234 1781 253 1795 “
271 1779 454 1810 Thebarum
470 1785 590 1821 portae,
607 1780 658 1810 vel
675 1780 783 1810 divitis
800 1781 881 1810 ostia
898 1780 1000 1810 Nili.”
1050 1780 1183 1820 [Juven.
1201 1782 1265 1812 Sat.
1283 1781 1348 1812 xiii.
1367 1781 1438 1821 26.]

104 1875 201 1918 Quo
235 1890 325 1916 non
360 1875 559 1917 obstante
600 1891 729 1931 pergo
763 1877 914 1928 adhuc,
948 1873 1034 1918 imo
1070 1883 1113 1918 et
1153 1892 1340 1931 pergam,
1377 1877 1425 1918 in
1459 1877 1567 1918 edis-

104 1942 238 1984 cenda
277 1944 646 1998 promovendaque
687 1945 826 1997 quoad
857 1949 1005 1998 potero
1040 1945 1243 1986 methodo
1281 1946 1567 1986 curandorum

103 2010 362 2061 morborum,
394 2017 520 2064 atquc
551 2011 602 2052 iis
639 2012 710 2065 qui
743 2026 811 2052 me
843 2012 986 2052 minus
1019 2012 1064 2052 111
1092 2013 1211 2066 praxi
1231 2013 1374 2053 valent
1411 2013 1461 2066 (si
1495 2013 1568 2066 qui

104 2086 204 2121 sunt
225 2082 462 2135 ejusmodi,)
487 2081 761 2122 instruendis.
824 2082 979 2122 Famae
1000 2095 1119 2122 meae
1144 2081 1317 2122 interim
1343 2081 1567 2122 arbitrium

102 2162 232 2202 penes
263 2150 365 2189 alios
393 2150 469 2190 sit:
503 2165 636 2203 acqua
667 2150 781 2190 enim
808 2149 929 2190 lance
961 2154 1002 2190 et
1034 2150 1278 2203 scrupulose
1309 2150 1566 2203 expendenS,

101 2216 351 2259 hominesne
382 2218 530 2272 juvare
565 2223 763 2271 praestet,
806 2222 879 2258 aut
914 2218 965 2258 ab
1006 2219 1156 2258 iisdem
1198 2218 1414 2269 celebrari,
1448 2219 1566 2272 prius

102 2284 207 2325 illud
232 2285 567 2339 praeponderare
598 2286 820 2339 comperio,
844 2291 885 2326 et
914 2286 1087 2326 maximi
1109 2300 1210 2326 sanc
1241 2286 1448 2327 momenti
1476 2301 1565 2327 csse

102 2353 157 2394 ad
196 2354 328 2394 animi
368 2355 748 2408 tranquillitatem,
783 2355 940 2395 famam
980 2369 1078 2395 vero
1114 2355 1341 2408 populique
1382 2355 1564 2395 halitum

102 2421 248 2474 pluma
268 2422 466 2463 leviorem
493 2427 567 2463 aut
597 2423 726 2473 bulla,
751 2427 878 2476 atque
906 2422 1059 2463 umbra
1090 2423 1292 2463 insomnii
1314 2423 1450 2476 magis
1472 2437 1564 2463 eva-

101 2489 265 2529 nidum.
329 2490 456 2532 Quod
487 2490 522 2530 si
553 2505 652 2544 opes
685 2490 892 2544 ejusmodi
925 2490 1110 2530 nominis
1142 2490 1389 2531 celebritate
1417 2496 1564 2544 partae

100 2557 238 2610 majus
260 2556 429 2610 aliquod
449 2557 614 2611 pondus
635 2558 790 2599 habere
811 2559 1048 2608 videantur,
1070 2559 1269 2598 fruantur
1298 2559 1380 2598 illis
1402 2572 1476 2612 per
1496 2573 1563 2599 mc

99 2623 210 2675 licet,
234 2625 304 2679 qui
321 2626 412 2680 jam
439 2626 714 2667 corraserint:
747 2626 1021 2667 meminerint
1049 2632 1194 2667 tamen
1220 2626 1562 2667 mechanicorum

99 2693 340 2744 nonnullos,
382 2699 492 2735 artes
524 2695 586 2735 vel
630 2694 937 2735 sordidissimas
979 2695 1281 2745 exercentium,
1322 2694 1562 2735 uberiorem

100 2761 288 2814 quotidie
321 2768 544 2816 quaestum
575 2763 723 2813 facere,
756 2767 798 2803 et
832 2763 1035 2815 majorem
1069 2762 1161 2802 auri
1193 2762 1446 2816 argentique
1477 2762 1562 2803 vim

98 2829 276 2881 posteris
298 2830 437 2883 legare
451 2848 462 2881 3
495 2845 632 2883 neque
654 2837 797 2870 tamen
821 2830 864 2870 111
892 2830 972 2870 1100
999 2830 1136 2871 brutis
1163 2830 1417 2871 animalibus
1440 2845 1562 2885 supe-

98 2895 228 2938 riores
250 2898 438 2949 evadere,
463 2899 532 2952 qui
551 2899 629 2940 sibi
652 2899 820 2952 suisque
840 2913 916 2953 pro
934 2913 1009 2939 sua
1027 2897 1168 2939 indole
1183 2898 1447 2953 prospiciunt
1464 2917 1475 2949 ;
1507 2905 1561 2949 et,
