1985 3308
385 557 752 589 SPECTATISSIMO
780 560 1168 594 DOCTISSIMOQUE
1194 563 1308 593 VIRO

446 668 828 718 GULIELMO
877 671 1073 731 COLE,
1123 673 1251 720 M.D.

177 783 226 823 S1
249 798 382 838 usque
411 786 515 827 adeo
542 787 773 840 philautiae
801 789 1082 842 indulgerem,
1106 791 1388 833 Ornatissime
1410 792 1501 843 Vir,
1525 798 1574 834 ut

117 865 188 892 eas
219 866 326 904 quae
351 853 405 893 ad
429 868 497 894 me
522 855 630 895 nihil
658 856 844 898 attinent
871 857 1017 898 laudes
1047 859 1154 898 mihi
1182 860 1426 913 arriperem,
1450 875 1575 914 aegre

117 919 347 961 admodum
377 935 445 962 me
481 921 532 962 ab
565 922 734 975 aliquali
770 925 902 965 animi
933 926 1116 966 elatione
1147 927 1367 968 continere
1398 928 1574 978 valeam,

115 987 313 1029 laudatus
333 993 556 1043 tantopere
574 1005 598 1030 a
612 991 784 1033 laudato
800 993 901 1043 viro,
920 994 991 1047 qui
1009 994 1328 1035 eruditissimis⁸
1349 996 1434 1036 suis
1454 996 1573 1037 lucu-

115 1055 382 1098 brationibus
407 1058 500 1098 orbi
525 1059 725 1110 literario,
748 1061 854 1100 mihi
881 1076 978 1102 vero
1005 1076 1084 1102 nec
1113 1062 1166 1103 de
1193 1058 1312 1114 facie,
1339 1063 1468 1117 (quod
1496 1064 1573 1104 sci-

116 1125 214 1178 am,)
233 1125 476 1167 innotescit.
537 1128 597 1168 At
618 1142 715 1169 v·e10
738 1128 850 1181 quod
871 1143 939 1169 me
959 1133 1082 1170 tanto
1107 1130 1220 1183 (licet
1241 1131 1570 1185 immerentem,)

114 1193 276 1235 honore
297 1194 497 1247 dignatus
518 1195 662 1247 fucris,
679 1196 723 1236 id
745 1197 918 1237 demum
939 1197 1199 1238 humanitati
1214 1199 1329 1240 Tuae
1351 1204 1573 1257 acceptum

114 1262 274 1312 refero,
307 1276 404 1303 cum
434 1264 638 1304 maximos
670 1279 857 1318 quosque
889 1269 931 1306 et
961 1267 1346 1318 praestantissimos
1372 1268 1481 1308 viros
1512 1268 1574 1308 ita

114 1329 284 1370 Natura
304 1332 617 1384 comparaverit,
635 1337 684 1372 ut
705 1347 793 1373 non
808 1337 980 1373 tantum
999 1333 1148 1374 leviter
1169 1348 1236 1374 err
1239 1334 1422 1385 antibus,
1439 1340 1489 1375 ut
1509 1335 1571 1385 fit,

113 1397 330 1450 aequiores
352 1398 450 1448 sint,
474 1398 547 1438 scd
568 1399 697 1439 etiam
717 1399 764 1439 in
793 1399 1072 1440 mediocrium
1093 1400 1243 1440 studiis
1274 1401 1572 1454 depraedican-

114 1464 191 1516 dis,
217 1465 317 1506 data
341 1466 407 1506 vel
438 1466 625 1519 qualibet
649 1481 764 1517 ansa,
790 1467 979 1520 ingenuo
1011 1482 1086 1508 suo
1114 1468 1287 1509 candori
1316 1483 1478 1509 morem
1507 1469 1571 1509 lu-

117 1532 264 1574 bentes
286 1539 450 1587 gerant.
512 1535 644 1589 Cujus
667 1535 779 1588 quod
800 1539 842 1575 et
863 1536 909 1575 in
929 1536 1019 1588 ipso
1041 1550 1122 1586 me,
1146 1540 1188 1576 et
1208 1536 1313 1576 meis
1334 1536 1426 1577 istis
1448 1550 1572 1577 cona-

113 1600 240 1652 tibus,
274 1607 323 1642 ut
358 1606 408 1642 ut
443 1602 658 1653 tenuibus,
695 1603 864 1656 publico
899 1608 1046 1644 tamen
1081 1604 1301 1645 commodo
1338 1604 1573 1655 destinatis,

112 1670 375 1722 praeclarum
396 1670 576 1711 edideris
598 1671 824 1724 specimen,
848 1676 994 1724 gratus
1016 1686 1212 1725 agnosco.

178 1738 257 1792 [2]
295 1738 359 1779 Ea
394 1739 506 1792 quod
539 1744 701 1793 spectat
745 1754 851 1793 quae
885 1754 910 1780 a
941 1754 1009 1780 me
1044 1740 1326 1793 praestolaris,
1362 1740 1446 1781 sive
1482 1741 1573 1794 jam

113 1805 238 1846 editis
274 1806 325 1846 de
357 1807 540 1847 Variolis
575 1807 940 1848 observationibus
977 1807 1184 1858 addenda,
1223 1808 1307 1848 sive
1349 1808 1479 1848 etiam
1520 1808 1573 1849 de

113 1873 314 1914 Passione
337 1874 564 1928 Hysterica
590 1875 641 1915 de
662 1889 770 1915 novo
791 1875 1012 1925 tradenda,
1034 1876 1096 1915 ita
1114 1875 1237 1920 habe.
1302 1875 1472 1916 Horum
1487 1876 1570 1930 pri-
1591 1888 1745 1921 Rationes

113 1954 232 1980 mum
252 1941 358 1983 idcir
359 1955 407 1981 co
428 1956 649 1994 aggressus
671 1957 778 1993 sum,
794 1947 845 1982 ut
867 1957 973 1996 quae
995 1943 1096 1983 olim
1118 1943 1296 1984 deficere
1311 1943 1569 1995 viderentur,
1589 1933 1758 2005 ffiffissu·

113 2022 165 2048 ex
184 2009 235 2048 iis
257 2023 364 2062 quae
385 2009 645 2062 experientia
661 2010 751 2063 jam
767 2012 966 2050 annosior
987 2011 1093 2050 mihi
1110 2016 1391 2064 suggesserat,
1413 2012 1571 2064 possim
1588 2017 1638 2047 ins
1642 2018 1718 2058 tiga-

113 2075 290 2124 sarcire3
342 2075 523 2116 alterum
558 2090 654 2117 vero
686 2076 781 2117 ideo
816 2077 861 2117 in
896 2092 965 2118 me
1000 2078 1289 2131 lecipiendum
1323 2078 1438 2128 duxi,
1475 2083 1570 2118 tum
1587 2062 1762 2134 ξζὲζῑῗξῇ

113 2143 314 2197 quoniam
338 2144 531 2184 Affectus
554 2144 627 2198 Η)
630 2144 803 2185 ste1icos
825 2145 1018 2185 omnium
1042 2151 1137 2199 post
1164 2145 1302 2185 febres
1323 2145 1570 2185 111011)ο1*11111
1589 2156 1663 2176 01¹es
1680 2146 1775 2177 hasce
1827 2169 1833 2175 ·

111 2212 476 2265 frequentissimos
517 2226 748 2263 occurrer,e
785 2217 880 2253 tum
913 2213 1012 2266 quia
1045 2213 1323 2254 emolumenti
1356 2213 1515 2266 aliquid
1548 2189 1736 2254 eedendas.

110 2278 420 2320 levidensibusb
450 2280 555 2320 meis
586 2279 950 2322 observationibus
981 2282 1073 2335 capi
1103 2295 1237 2335 posse,
1270 2281 1568 2322 existimarem.

112 2347 264 2401 Neque
284 2353 430 2388 tamen
447 2348 638 2398 diffiteor,
657 2349 783 2389 aliam
801 2349 1027 2403 quandam,
1046 2355 1213 2403 praeter
1228 2349 1339 2390 hanc
1352 2349 1570 2402 publicum

106 2416 283 2469 juvandi
310 2430 439 2469 spem,
462 2416 566 2456 mihi
591 2430 763 2457 causam
789 2417 1012 2468 subfuisse,
1035 2422 1083 2458 ut
1109 2418 1244 2458 otium
1270 2417 1429 2458 scilicet
1460 2416 1570 2458 bene

111 2484 302 2534 locarem,
325 2489 367 2524 et
390 2484 580 2524 taedium
600 2484 858 2525 brumalium
886 2485 1077 2526 noctium
1101 2485 1321 2525 honestius
1349 2484 1566 2534 fallcrcm;

109 2566 206 2593 cum
222 2553 312 2606 jam
330 2553 647 2606 ingravescente
669 2547 806 2593 aetate
826 2567 915 2593 non
936 2552 1116 2606 amplius
1139 2557 1440 2605 congerronesc
1456 2551 1567 2591 foras

109 2635 321 2674 quaeram.
381 2622 441 2661 At
466 2620 663 2674 quicquid
693 2621 737 2661 id
757 2621 884 2661 fuerit
907 2621 1019 2674 quod
1048 2635 1116 2662 me
1136 2620 1321 2673 primum
1342 2619 1568 2672 instigave-

108 2689 176 2739 rit,
197 2703 267 2730 me
286 2703 375 2729 non
398 2688 459 2728 ita
486 2693 612 2741 atquc
634 2702 895 2741 speraveram
927 2688 1131 2741 incoeptis
1154 2702 1201 2728 ac
1231 2688 1339 2728 votis
1370 2688 1475 2729 mcis
1497 2702 1567 2743 pa-

108 2769 196 2796 rem
225 2769 314 2797 esse
345 2756 494 2806 sentio,
524 2769 622 2796 cum
652 2756 856 2796 continua
885 2755 957 2795 illa
987 2756 1293 2808 cogitationum
1323 2755 1462 2806 series,
1486 2770 1569 2809 qua

151 2875 165 2890 ⁸
188 2871 296 2899 crudit.
311 2867 477 2907 Iucubrat.]
495 2867 544 2897 De
556 2854 673 2906 quibus
687 2877 713 2897 1.
727 2856 807 2897 Hal-
912 2866 925 2884 ¹³
951 2866 1056 2906 levid]
1075 2867 1093 2896 i.
1109 2877 1135 2896 c.
1148 2878 1256 2905 partem
1273 2869 1421 2905 expolitis.

110 2910 163 2946 ler,
183 2912 262 2942 Bibl.
282 2912 363 2941 Med.
380 2911 486 2940 Pract.
507 2916 526 2940 t.
547 2910 588 2939 iii.
609 2920 637 2949 p.
656 2911 726 2940 3⁴52.
912 2913 922 2926 ³
947 2909 1101 2949 congerm]
1121 2910 1138 2939 i.
1152 2920 1176 2940 e.
1197 2911 1321 2940 sodales.
