1985 3308
296 154 819 198 OBSERVATIONUM
852 120 1229 195 MEDICARUM
1262 158 1328 192 VI.
1356 161 1388 192 3.
1493 155 1576 194 247

121 262 273 317 liquati
293 277 394 317 prae
424 276 468 304 se
498 262 580 303 fert
611 261 793 316 speciem
823 261 877 301 ad
908 260 1140 301 crassitiem
1172 259 1272 301 satis
1294 259 1578 313 conspicuam,

123 345 171 372 ac
204 331 471 385 superficiem
505 329 635 371 habet
668 329 756 370 veri
785 329 902 383 puris
933 328 1154 377 aemulam,
1188 332 1231 368 et
1265 332 1412 368 tamen
1444 326 1497 367 ab
1531 341 1580 368 eo

113 399 249 453 ,longe
284 398 504 449 diversam,
527 402 679 453 utpote
710 411 817 452 quae
847 397 976 448 fibris,
998 397 1134 437 instar
1162 396 1315 449 reliqui
1345 396 1579 449 sanguinis,

125 472 240 508 arcte
263 467 516 518 contexitur,
533 480 613 508 nec
635 466 688 507 ad
707 465 883 506 modum
903 465 1019 519 puris
1042 464 1207 515 diffluit,
1232 464 1354 517 quint
1374 478 1399 504 a
1418 463 1582 516 reliquo

112 534 287 576 divulsa
318 535 498 576 discolor
522 535 594 576 illa
624 548 720 588 pars
751 533 932 574 formam
964 532 1174 574 cuticulae
1205 531 1367 572 tenacis
1395 536 1437 572 et
1464 531 1582 572 fibris

122 603 304 643 refertae
326 602 498 643 exhibet
512 619 524 653 3
557 607 600 643 et
619 602 796 643 fortasse
822 601 931 642 nihil
956 600 1072 641 aliud
1092 604 1156 641 est
1178 614 1305 653 quam
1333 599 1464 639 fibrae
1486 613 1580 639 san-

113 671 316 724 guineae,
346 678 478 724 quaen
509 670 749 711 rubicundo
780 683 827 710 ac
854 669 1040 710 naturali
1070 682 1146 709 suo
1175 668 1474 721 integumento
1505 682 1580 722 per

121 738 523 792 praecipitationem
558 742 722 788 exutae,
754 737 1003 778 ambientisx
1034 736 1140 777 a'eris
1179 736 1336 789 frigore
1367 736 1414 775 in
1448 749 1582 776 mem-

121 805 301 847 branam
328 805 572 860 hujusmodi
600 805 867 846 subalbidam
898 818 1160 846 concrevere.
1222 804 1282 844 At
1308 811 1430 844 veroy
1455 805 1519 857 (ut
1539 803 1583 844 id

123 873 260 915 obiter
292 873 531 927 attingam‚)
563 872 989 914 animadvertendum
1022 877 1099 922 est,
1125 871 1252 925 quod,
1287 871 1321 911 si
1355 871 1528 925 sanguis
1562 885 1585 912 e

124 946 239 982 secta
272 955 379 982 vena
414 956 502 982 non
534 946 650 982 recto
686 940 861 981 flumine
899 954 1043 981 versus
1081 939 1347 980 horizontem
1381 939 1584 992 prosiliat,

124 1009 198 1050 sed
217 1023 293 1062 per
323 1009 456 1050 cutim
486 1023 637 1062 repens
667 1007 1074 1062 perpendiculariter
1105 1007 1308 1057 dimanet,
1331 1011 1431 1048 utut
1461 1007 1587 1048 celeri

125 1090 169 1118 se
189 1077 394 1131 proripiat
423 1076 571 1129 gradu,
595 1090 718 1129 saepe
747 1080 892 1116 tamen
925 1075 979 1116 ad
1010 1075 1173 1115 dictum
1204 1074 1386 1115 colorem
1410 1089 1498 1115 non
1520 1088 1586 1116 ac-

126 1145 253 1195 cedit,
276 1145 397 1198 cujus
419 1158 498 1198 ego
526 1158 594 1184 me
620 1158 792 1185 causam
818 1144 982 1184 nescire
1002 1143 1150 1184 fateor.
1211 1142 1365 1196 Neque
1387 1156 1513 1196 aeger
1534 1142 1586 1183 ab

127 1212 369 1254 istiusmodi
405 1212 625 1265 sanguinis
665 1211 864 1252 missione
899 1211 1074 1265 perinde
1110 1211 1286 1261 levatur,
1319 1225 1366 1252 ac
1397 1211 1432 1251 si
1461 1211 1587 1252 modo

128 1281 316 1334 primum
349 1280 559 1333 descripto
591 1280 710 1320 fluat.
773 1279 977 1321 Quinimo
1010 1293 1108 1319 cum
1138 1278 1218 1319 hoc
1250 1279 1340 1332 ipso
1370 1279 1496 1320 modo
1518 1293 1587 1320 ex-

125 1348 323 1399 trahitur,
347 1348 382 1388 si
402 1347 609 1389 orificium
631 1347 867 1401 augustiuS,
887 1347 972 1388 sive
990 1346 1092 1400 quid
1113 1346 1242 1397 aliud,
1260 1346 1485 1398 obstiterit,
1505 1361 1589 1401 quo

170 1487 181 1509 t
203 1486 381 1528 quin—est]
398 1493 427 1518 et
450 1496 554 1518 revera
576 1497 633 1517 non
656 1488 744 1517 aliud
766 1498 828 1518 esse

129 1533 249 1561 videtur
263 1531 311 1561 ed.
330 1531 392 1561 ¹68.

171 1577 186 1591 '¹
208 1572 302 1613 quae]
320 1583 382 1603 om.
400 1573 446 1604 ed.
463 1573 527 1603 ‘68.

170 1619 186 1634 ¹
207 1615 521 1655 amb.—concrevere]
566 1617 751 1655 proindeque
798 1617 830 1645 in

128 1660 327 1689 membranam
350 1660 442 1698 paulo
464 1660 638 1689 crassiorem
654 1660 683 1688 vi
696 1656 831 1697 frigoris

128 1707 353 1742 coagmentatae
366 1714 376 1731 .·
400 1703 441 1731 ad
462 1701 552 1741 hujus
574 1703 677 1740 itaque
695 1705 828 1740 sympto-

129 1747 219 1774 matis
238 1746 428 1774 remotionem
452 1746 508 1774 hac
534 1748 602 1773 utor
625 1745 758 1774 methodo
782 1743 829 1773 ed.

130 1786 194 1817 ’68.

174 1828 188 1848 Υ
211 1829 334 1859 Atvero
345 1827 414 1868 15·c.]
431 1827 571 1868 Reliqua
584 1828 699 1858 desunt
714 1827 747 1858 in
759 1827 829 1859 edd.

131 1871 196 1907 ‘66,
212 1871 263 1901 ’68
285 1881 387 1911 usque
403 1871 442 1900 ad
459 1872 474 1908 ᾗ
494 1872 542 1906 13,
559 1881 615 1911 pro
637 1871 753 1910 quibus
775 1881 830 1900 ex-

131 1917 201 1943 tant
241 1923 322 1952 quae
359 1918 538 1952 sequuntur
549 1914 832 1952 :—Qnamprimum

133 1958 296 1986 accersitus
302 1954 428 1994 fuerim,
438 1955 533 1994 jubeo
547 1955 588 1994 (si
605 1967 652 1985 res
663 1955 831 1994 patiatur‚)

132 2000 309 2038 sanguinem
333 1999 502 2028 liberaliter
526 2008 561 2027 ea:
586 1999 707 2027 brachio
731 1998 833 2036 affecti

133 2041 239 2070 lateris
265 2042 354 2069 mitti.
401 2041 474 2070 Illos:
502 2045 685 2079 unguentum
712 2041 835 2078 aliquod

133 2084 349 2113 accommodum
377 2093 412 2112 ex
439 2084 500 2112 oleo
530 2084 669 2117 liliorum,
695 2084 832 2112 chamae-

122 2126 215 2161 'meli,
242 2129 392 2164 unguento
415 2126 598 2160 dialthaeae‚
623 2130 652 2154 et
678 2126 724 2153 his
748 2126 833 2154 simi-

135 2169 224 2204 libus,
239 2168 408 2205 conflatum,
427 2168 540 2197 dolenti
563 2168 654 2197 lateri
677 2168 833 2206 applican-

134 2211 204 2240 dum
230 2211 412 2249 praescribo.
459 2210 555 2239 Simul
586 2211 677 2240 etiam
709 2211 836 2239 bechicis

135 2257 203 2282 utor
228 2254 269 2282 ad
293 2254 338 2282 rei
368 2254 462 2291 ipsius
492 2254 644 2291 ingenium
674 2254 756 2281 varie
783 2263 833 2281 ac-

135 2296 361 2325 commodandis.
416 2296 476 2324 Sed
505 2296 551 2324 his
580 2296 714 2324 omnibus
743 2296 837 2324 oleum

135 2339 366 2378 amygdalarum
395 2339 527 2367 dulcium
555 2342 689 2367 recenter
714 2347 835 2375 expres-

135 2390 200 2409 sum
213 2379 312 2419 facile
330 2381 463 2419 palmam
475 2381 637 2418 praeripit.
683 2380 744 2409 Pro
763 2384 837 2418 potu

136 2424 290 2452 ordinario
313 2424 483 2452 cerevisiam
509 2427 636 2459 tenuem,
660 2433 696 2452 ac
719 2424 837 2452 minime

139 2475 247 2501 acrem,
277 2466 323 2494 vel
347 2467 500 2503 ptisanam
535 2475 572 2494 ez
608 2476 687 2504 aqua
722 2467 838 2500 hordei,

138 2508 303 2546 liqueritia,
341 2512 371 2537 et
414 2508 533 2537 tantillo
575 2510 719 2537 seminum
759 2509 839 2537 anisi

134 2554 287 2588 paratam,
304 2549 439 2590 injungo.
476 2550 594 2580 Diebus
605 2560 696 2589 porro
711 2560 836 2589 sequen-

139 2593 229 2629 tibus,
246 2594 376 2631 repetita
397 2594 641 2629 venae-sectione,
662 2595 838 2632 sanguinem

138 2637 229 2664 etiam
249 2636 362 2673 copiose
385 2637 504 2665 detrahi
520 2634 615 2674 jubeo
634 2646 690 2674 pro
707 2646 739 2664 rc
755 2640 838 2665 nata.

139 2678 218 2708 Sane
233 2688 379 2717 perquam
395 2689 465 2707 raro
487 2688 506 2707 a
527 2680 686 2717 sanguinis
702 2679 839 2708 missione

139 2721 283 2756 abstineo,
310 2722 401 2750 donec
429 2722 470 2750 ad
498 2722 603 2750 uncias
632 2722 839 2760 quadraginta

140 2763 216 2792 duas
242 2767 294 2792 aut
319 2765 443 2792 circiter
462 2761 564 2801 suerit
591 2764 756 2798 detractus,
780 2764 839 2792 nisi

139 2806 217 2835 vires
231 2806 277 2835 vel
299 2810 383 2835 aetas
397 2807 484 2845 aegri
506 2807 836 2835 contra-indicaverint.

140 2847 241 2887 Atque
257 2849 375 2878 tametsi
390 2859 447 2878 non
467 2850 530 2878 sine
555 2850 651 2886 specie
667 2850 770 2887 aliqua
786 2858 837 2877 ra-

141 2890 238 2924 tionis,
256 2894 369 2920 metuat
383 2892 494 2930 aliquis
515 2900 550 2919 ne
574 2895 661 2920 tanta
680 2892 840 2930 sanguinis

142 2933 261 2962 amissio
283 2934 449 2971 periculum
477 2935 582 2973 ingens
606 2933 739 2971 afferat,·
779 2935 840 2971 ipse

888 1492 986 1517 tamen
997 1489 1122 1527 sanguis
1134 1488 1264 1523 ablatus,
1277 1492 1437 1526 postquam
1450 1489 1589 1526 aliquan-

888 1532 940 1560 diu
954 1533 1082 1566 steterit,
1096 1532 1147 1560 hos
1160 1535 1253 1560 metus
1266 1531 1402 1569 difflabit,
1416 1531 1592 1569 Medicoque

884 1575 1088 1611 patrocinium
1107 1575 1246 1612 parabit,
1266 1574 1419 1603 liberalem
1442 1575 1518 1602 hanc
1541 1584 1590 1602 ve-

889 1618 1122 1646 nae-sectionem
1145 1618 1315 1654 imperanti.
1362 1616 1515 1645 Nimirum
1535 1626 1589 1654 ap-

884 1658 1022 1697 parebit¹
1039 1661 1166 1698 sanguis
1176 1660 1273 1697 specie
1285 1656 1408 1688 saltem²
1423 1663 1593 1697 corruptus,

885 1700 1093 1739 potissimum³
1111 1705 1180 1740 post
1197 1703 1329 1740 primam
1351 1703 1453 1737 vicem,
1469 1703 1592 1731 similis-

890 1742 1023 1782 quesere
1036 1745 1142 1773 coloris
1158 1746 1188 1773 in
1203 1754 1323 1780 summo,
1338 1754 1403 1773 cum
1415 1755 1482 1774 vero
1496 1754 1573 1782 pure
1581 1756 1591 1778 ,·

890 1791 923 1815 ut
942 1788 1075 1816 omittam
1099 1797 1178 1816 nunc
1199 1788 1308 1822 dicere,
1325 1786 1403 1816 vires
1425 1789 1513 1826 aegri
1536 1798 1593 1816 non

890 1830 976 1858 valde
997 1831 1123 1858 attritas
1146 1834 1174 1859 te
1194 1834 1423 1868 compertarum,
1443 1831 1470 1859 si
1494 1831 1592 1868 copio-

890 1882 953 1901 sam
970 1873 1054 1901 z'llam
1075 1874 1235 1911 sanguinis
1249 1871 1408 1911 jacturam
1431 1877 1526 1902 tecum
1542 1883 1591 1901 re.-

886 1916 1053 1952 putaveris.
1100 1915 1168 1944 Hoc
1183 1919 1282 1944 autem
1298 1917 1328 1944 in
1345 1917 1405 1944 loco
1420 1916 1593 1945 monendum

891 1964 947 1992 est,
957 1967 1070 1986 summa
1083 1959 1203 1986 cautela
1215 1968 1372 1997 opusiesse,
1383 1968 1419 1987 ne
1429 1968 1484 1996 per
1500 1962 1593 1986 totum

891 1998 1016 2037 hujusce
1039 2001 1168 2028 methodi
1183 2001 1339 2029 decursum
1360 2001 1502 2039 clysteres
1519 1999 1592 2040 inji-

892 2042 1023 2077 ciantur,
1051 2046 1105 2070 aut
1138 2043 1340 2079 pectoralibus
1371 2044 1595 2072 medicamentis

893 2085 1052 2122 quicquam
1067 2085 1269 2113 admisceatur
1284 2085 1362 2123 quod
1376 2086 1474 2114 alvum
1496 2086 1595 2114 ciendi

893 2127 950 2154 vim
968 2127 1098 2158 habea&
1122 2131 1233 2164 quanto
1248 2128 1325 2156 enim
1341 2129 1496 2156 astrictior
1512 2128 1596 2156 alvus

894 2172 949 2202 est,
965 2172 1048 2197 tanto
1063 2170 1158 2197 tutius
1170 2170 1399 2206 phlebotomiam
1412 2173 1595 2208 repetemus:

895 2214 984 2249 atque
1003 2221 1038 2239 e.r
1057 2212 1190 2246 adverso,
1211 2213 1237 2240 si
1260 2212 1307 2240 vel
1329 2213 1485 2241 dimidiam
1514 2213 1597 2241 illius

895 2263 983 2291 quam
995 2254 1125 2282 dia-imus
1139 2255 1298 2292 sanguinis
1309 2256 1507 2292 quantitatem
1523 2256 1595 2284 ade-

895 2297 995 2331 meris,
1020 2296 1072 2324 ubi
1095 2297 1237 2334 clystere-s
1260 2301 1314 2325 aut
1337 2297 1476 2326 alviduca
1500 2299 1594 2335 phar-

896 2348 980 2367 maca
991 2339 1171 2373 erhibueris,
1184 2349 1307 2378 aegrum
1320 2340 1351 2367 in
1363 2349 1505 2369 summum
1518 2341 1596 2369 vitae

892 2381 1059 2418 periculum
1083 2382 1225 2417 adduces,
1242 2392 1277 2411 ne
1301 2382 1398 2410 dicam
1422 2384 1452 2411 in
1476 2386 1598 2412 mortem

893 2424 1132 2461 praecipitabis:
1155 2425 1216 2453 sive
1238 2425 1317 2462 quod
1338 2424 1462 2454 Natura
1481 2429 1597 2454 utram-

897 2476 952 2503 que
983 2468 1204 2495 evacuationem
1241 2471 1302 2495 tam
1341 2467 1422 2496 brevi
1459 2469 1598 2505 temporis

896 2510 995 2546 spatio
1007 2507 1095 2545 ferre
1118 2513 1254 2547 nequeat,
1271 2511 1331 2538 sive
1357 2511 1391 2538 ob
1416 2510 1507 2539 aliam
1535 2511 1594 2539 ali-

897 2561 985 2589 quam
1001 2553 1154 2585 rationem,
1171 2561 1226 2590 ego
1241 2561 1312 2581 sane
1336 2562 1391 2581 non
1413 2554 1509 2581 ausim
1525 2553 1597 2590 defi-

896 2595 960 2622 nito
980 2595 1206 2632 pronunciare;
1234 2599 1333 2623 crrtus
1359 2596 1488 2630 interim,
1509 2593 1599 2633 facto

897 2636 1058 2674 aliquando
1079 2637 1223 2674 periculo,
1240 2638 1331 2666 etiam
1354 2647 1401 2666 eos
1425 2639 1543 2667 tandem
1567 2639 1599 2667 in

898 2680 951 2707 hoc
972 2680 1070 2707 morbo
1096 2689 1114 2707 a
1141 2680 1300 2718 clysterum
1326 2690 1379 2708 usu
1403 2681 1462 2709 sibi
1487 2684 1597 2718 tempe-

898 2726 1026 2756 ratur-os,
1051 2722 1103 2760 qui
1130 2732 1206 2751 nunc
1232 2723 1304 2751 haec
1328 2723 1438 2751 monita
1453 2720 1600 2761 fortassis

897 2764 1138 2801 aspernabantur
1152 2776 1163 2798 ,·
1187 2774 1280 2803 neque
1303 2766 1332 2793 in
1357 2766 1410 2794 hoc
1432 2766 1530 2795 morbo
1552 2776 1599 2795 sa-

899 2807 969 2841 lum,
984 2816 1083 2835 verum
1106 2810 1136 2835 et
1159 2807 1189 2835 iu
1212 2808 1283 2836 aliis
1297 2804 1434 2845 forsitan
1456 2809 1599 2844 omnibus,

899 2849 929 2877 in
945 2850 1052 2887 quibus
1067 2850 1232 2878 curationis
1245 2851 1394 2889 negotium
1412 2851 1442 2879 in
1458 2851 1516 2879 isto
1531 2861 1598 2880 car-

899 2892 968 2920 dine
986 2890 1270 2928 (venae-sectionem
1294 2892 1386 2931 dica)
1410 2895 1596 2931 potissimum

899 2935 1036 2963 vertitur.

1636 266 1748 297 Pnac-

1644 317 1748 338 rums.

1611 1656 1618 1674 ¹
1635 1654 1761 1694 appar]

1609 1699 1795 1736 spectabitur

1611 1741 1659 1770 ed.
1676 1741 1737 1771 '602

1609 1795 1621 1812 ²
1635 1797 1733 1833 specie

1610 1836 1698 1877 salt.]
1718 1838 1774 1866 ad—

1610 1882 1726 1910 modum
1743 1879 1789 1909 ed.

1612 1924 1674 1953 ‘66.

1611 1975 1623 1992 ³
1635 1975 1760 2016 potiss.]

1611 2022 1715 2049 sallem
1731 2019 1780 2048 ed.

1614 2063 1674 2093 ’66.
