1985 3308
409 178 436 216 8
651 177 788 217 ΤΗΟ.
823 176 1164 217 SYDENHAM
1197 175 1446 216 OBSERV.
1479 173 1625 214 MED.

207 293 386 323 Emsrou
405 285 504 337 ipse,
527 284 641 324 testis
653 285 780 336 plane
805 284 1152 336 locupletissimus,
1173 283 1424 335 eoeperientia
1446 281 1660 333 aliquoties
1685 291 1864 330 compro-

212 336 383 367 Dzmcxr.

207 379 270 410 En.
286 378 390 410 Pam.

408 352 544 392 batam
565 352 831 404 conspe-iifl&
859 351 954 391 dum
975 351 1032 391 ad
1049 351 1155 391 illud
1172 351 1349 403 obsequii
1370 348 1589 389 identidem
1607 345 1866 387 descenderes

410 420 528 472 (quae
545 419 631 458 Tua
647 422 686 459 et
702 418 859 471 quidem
875 418 1037 471 eyreyia
1050 422 1110 458 est
1123 418 1383 470 humanitas,)
1400 420 1445 456 ut
1462 416 1596 456 Temet
1611 415 1654 454 in
1668 413 1867 453 adeundis

405 487 542 540 aeyris
562 487 661 526 meis
682 486 865 526 comitem
886 486 986 525 milii
1011 485 1252 537 adjunqeres
1264 502 1277 531 ;
1308 486 1352 524 in
1373 498 1452 536 qua
1472 497 1570 523 sane
1589 496 1635 523 re
1655 481 1867 533 beniynum

405 554 532 594 animi
553 553 742 606 affectum
763 553 820 592 ad
838 554 1005 593 honesta
1026 557 1224 607 utcunque
1244 565 1329 592 sese
1350 551 1636 601 demittentem,
1657 551 1722 590 vel
1739 550 1866 590 invito

405 621 569 674 hujusce
588 621 740 661 saeculi
756 621 889 673 yenio,
913 620 1136 660 ostendisti.

462 689 584 728 Hanc
603 689 740 741 itaque
765 688 1139 728 Tractatiunculam
1159 691 1204 726 ut
1231 687 1396 738 beniyne
1417 687 1598 738 accipias
1618 689 1657 725 et
1677 685 1868 725 Nominis

409 757 484 796 Tui
504 757 714 808 splendore
735 757 944 796 illustrare
965 756 1158 808 diqneris,
1176 754 1322 794 obnioee
1342 767 1439 806 roqo
1462 766 1511 793 ac
1531 753 1708 792 obtestor
1719 770 1733 799 ;
1765 766 1868 805 quae

405 825 565 864 etiamsi
599 837 723 877 neque
758 823 860 862 mole
896 823 1046 874 ampla,
1079 835 1204 874 neque
1238 822 1381 873 spoliis
1414 822 1646 861 Authorum
1682 820 1868 874 (quorum

405 893 559 932 cineres
569 904 650 942 per
670 903 732 929 me
752 890 928 929 molliter
948 889 1118 942 cubent,)
1144 890 1199 928 sit
1219 888 1404 941 sufferta,
1428 892 1562 928 tamen
1581 901 1661 927 non
1688 888 1768 927 erit
1791 887 1868 940 (uti

404 959 551 1011 sper0,)
571 971 615 997 eo
636 959 794 997 nomine
814 957 904 996 Tibi
925 958 1056 996 minus
1071 960 1210 1009 ιφναιά,
1229 957 1374 1010 quippe
1395 957 1463 1009 qui
1484 957 1591 996 inter
1605 969 1753 1009 maqna
1769 956 1871 1008 quid

405 1026 568 1066 intersit
589 1029 628 1065 et
649 1025 805 1064 tumida
826 1038 905 1064 non
925 1025 1104 1076 iqnoras.

463 1094 623 1132 Proeter
642 1092 803 1131 Febrim
823 1093 890 1131 liic
911 1092 1215 1144 dispiciendam,
1237 1096 1276 1132 et
1301 1092 1375 1131 alii
1394 1095 1489 1131 sunt
1508 1091 1638 1131 morbi
1658 1091 1866 1143 quamplu-

405 1162 514 1211 rimi,
537 1161 586 1200 de
607 1160 761 1213 quibus,
785 1173 874 1200 cum
893 1161 1073 1212 ipsorum
1094 1161 1249 1200 medela
1261 1161 1393 1212 praoei
1413 1161 1546 1200 minus
1566 1161 1725 1210 idonea,
1748 1164 1868 1212 atque

406 1229 589 1269 methodo
611 1230 764 1269 rationi
784 1229 910 1281 (meae
924 1230 1096 1282 saltem,)
1117 1230 1365 1280 adversanti,
1383 1231 1461 1270 niti
1481 1230 1681 1279 videatur,
1698 1242 1772 1278 me,
1791 1241 1868 1281 quo

397 1296 506 1349 fides
530 1297 620 1336 Tibi
640 1297 739 1336 data
761 1296 965 1346 liberetur,
990 1297 1226 1337 disseruisse
1247 1297 1470 1349 oportebat.
1524 1297 1608 1337 Sed
1625 1299 1753 1336 visum
1763 1296 1867 1348 fuit,

405 1365 449 1404 in
465 1368 610 1414 aetate,
625 1378 745 1418 quam
760 1364 926 1404 subtiles
938 1365 1081 1416 potius
1096 1365 1391 1418 speculationes
1407 1378 1527 1417 quam
1542 1365 1702 1404 sincera
1714 1365 1868 1416 praxis

408 1435 594 1472 eoeercent
615 1432 904 1484 delectantque,
920 1433 1039 1484 liujus
1055 1433 1237 1484 opusculi
1246 1432 1388 1485 fatum
1399 1433 1523 1485 prius
1538 1432 1870 1486 eoeperiii,⁷quam

400 1500 529 1551 plura
550 1503 696 1539 temere
707 1500 958 1551 periclitari.

471 1567 588 1613 Quod
614 1571 806 1619 superest,
845 1568 918 1607 Vir
944 1568 1309 1618 Excellentissime,
1340 1568 1595 1618 temeritatis,
1626 1568 1662 1607 si
1693 1580 1797 1622 quae
1825 1568 1870 1607 in

410 1635 484 1673 lzoc
514 1648 631 1686 opere
661 1635 928 1686 nuncupando
957 1636 1137 1675 admissa
1163 1636 1379 1686 videbitur,
1400 1637 1519 1676 venia
1543 1636 1776 1687 impetrata,
1797 1647 1871 1674 nec

410 1715 489 1741 non
523 1703 683 1741 eoeimiis
722 1703 818 1742 Tuis
853 1717 951 1755 erqa
990 1717 1052 1743 me
1086 1704 1244 1744 meritis
1279 1704 1516 1756 qratissime
1551 1703 1715 1755 aqnitis,
1751 1703 1871 1754 hujus

410 1769 606 1820 Epistolii
645 1770 833 1810 instituto
863 1770 1028 1822 factum
1071 1774 1132 1811 est
1173 1772 1278 1811 satis
1289 1789 1303 1818 ;
1365 1784 1609 1825 quanquam,
1653 1770 1872 1822 multiplici

410 1837 700 1878 benevolentiae
721 1839 879 1878 nomine
904 1839 994 1879 Tibi
1015 1838 1234 1887 devinctus,
1256 1851 1462 1892 nunquam
1482 1851 1567 1878 esse
1587 1838 1770 1878 desinam

1281 1928 1565 1968 Eoecellentiae
1589 1928 1698 1968 Tuae

1191 2009 1342 2049 Servus
1362 2007 1754 2061 obsequentissimus,

470 2087 608 2132 [1666]
1308 2085 1435 2126 ΤΗΟ.
1460 2086 1494 2126 S
1499 2085 1803 2126 YDENHAM
1801 2117 1810 2125 .
