1985 3308
402 163 428 201 6
647 159 785 200 THO.
820 156 1162 199 SYDENHAM
1194 154 1443 196 OBSERV.
1477 155 1623 196 MED.

201 280 382 311 prswom
402 268 640 316 eruditione,
670 279 772 318 quae
805 265 895 305 Tibi
926 278 952 303 a
982 276 1042 303 nze
1072 262 1236 314 imponi,
1258 262 1296 301 si
1325 261 1370 300 id
1397 262 1503 300 serio
1535 274 1708 313 aqerem,
1730 262 1861 302 nulla-

199 323 384 395 Εξᾋᾋξζ
404 339 519 376 tenus
530 337 799 387 paterentur;
831 333 955 372 multo
975 332 1108 370 minus
1131 330 1190 369 Tu
1217 329 1311 369 Tibi
1334 329 1573 380 imposueris
1592 329 1685 368 istis
1705 330 1863 381 eaperz'-

354 408 381 411 “’
403 404 561 452 mentis,
585 402 728 455 quibus
754 402 798 441 in
823 401 920 440 Tuis
950 400 1073 439 etiam
1094 398 1230 449 aeqris
1260 397 1554 446 nonnullorum,
1577 410 1679 448 quae
1708 397 1774 436 vel
1801 398 1866 438 hic

405 471 614 523 descripsi,
636 470 700 509 vel
723 469 812 508 Tibi
833 469 939 507 alias
960 467 1173 520 affirmavi,
1194 466 1407 505 veritatem
1428 464 1710 516 comprobasti.
1743 465 1868 505 Nosti

399 542 628 591 praeterea,
652 550 771 589 quam
792 537 885 575 liuic
915 548 1026 574 meae
1054 533 1239 573 methodo
1269 532 1563 584 suffraqantem
1594 532 1776 582 babeam,
1799 533 1868 585 qui

406 621 495 647 eam
529 606 712 645 intimius
743 618 823 656 per
864 604 998 644 omnia
1030 605 1313 654 perspeoeerat,
1353 601 1515 652 utrique
1553 603 1736 640 nostrum
1775 613 1867 640 con-

395 674 713 727 junctissimum,
747 673 854 711 D'²¹‘’''
887 672 1113 711 Joliannem
1146 669 1284 714 Loclc;
1337 681 1413 720 quo
1449 668 1609 719 quidem
1648 668 1750 718 viro,
1786 668 1871 708 sive

406 743 567 794 inqenio
595 741 832 793 judicioque
867 739 956 778 acri
996 741 1034 777 et
1071 736 1250 785 subacto,
1286 737 1370 775 sive
1405 736 1528 774 etiam
1563 736 1743 787 antiquis
1781 736 1871 788 (hoc

409 813 480 859 est,
507 808 706 861 optimis,)
736 806 926 854 moribus,
955 807 1024 844 viee
1049 804 1297 855 superiorem
1324 815 1548 854 quenquam
1575 803 1684 842 inter
1708 816 1775 843 eos
1803 805 1873 856 qui

407 890 512 916 nunc
550 879 644 915 sunt
684 875 863 913 homines
901 875 1107 924 repertum
1147 872 1204 911 iri
1244 871 1412 922 confido,
1445 871 1719 922 paucissimos
1765 875 1873 913 certe

403 957 540 995 pares.
610 943 755 982 Verum
777 954 856 980 non
877 953 975 992 opus
996 943 1056 979 est
1075 943 1120 979 ut
1140 939 1312 979 ulterius
1337 940 1464 979 Tuam
1485 938 1614 990 fidem
1644 939 1871 990 sollicitem,

409 1012 457 1050 de
493 1024 571 1063 qua
600 1009 766 1062 jamdiu
793 1007 1133 1060 persuasissinius
1167 1020 1266 1046 sum.
1333 1007 1524 1047 Caeteros
1564 1007 1674 1061 quod
1711 1007 1873 1058 attinet,

397 1078 595 1131 jacienda
621 1078 711 1116 alea
736 1080 808 1126 est,
831 1089 932 1128 quae
953 1079 1152 1127 utcunque
1173 1075 1378 1125 ceciderit,
1400 1079 1550 1115 sortem
1571 1074 1685 1114 liaud
1698 1078 1874 1127 qravate

400 1146 551 1199 feram.
612 1146 711 1185 Cum
732 1145 836 1184 enini
845 1145 940 1196 jam
959 1156 1082 1183 senea'
1101 1143 1191 1193 sim,
1214 1146 1254 1182 et
1278 1143 1449 1195 (Summi
1469 1143 1684 1183 NUMINIS
1694 1141 1873 1196 favore‚)

413 1218 569 1253 tantum
602 1213 701 1252 milii
728 1213 783 1251 sit
814 1211 955 1251 viatici
984 1214 1178 1266 quantum
1210 1214 1343 1250 restat
1371 1212 1473 1260 viae,
1509 1211 1557 1250 de
1587 1211 1741 1262 reliquo
1772 1210 1877 1250 dabo

413 1294 589 1333 operam,
620 1284 678 1330 ut,
710 1293 782 1319 nec
811 1280 892 1331 ipsi
927 1279 1028 1318 milii
1062 1291 1186 1331 neque
1217 1279 1312 1318 aliis
1341 1279 1543 1328 molestus,
1565 1291 1654 1318 eum
1684 1291 1879 1332 assequar

403 1350 624 1401 felicitatis
648 1348 809 1388 modum
831 1361 946 1400 quem
967 1349 1027 1386 ita
1048 1348 1254 1399 eleqanter
1282 1347 1468 1399 depinoeit
1497 1347 1570 1386 Vir
1589 1344 1881 1399 Maqnusfs—

557 1451 576 1465 “
589 1450 677 1479 Felis
694 1451 744 1478 ille
760 1450 863 1482 animi,
881 1449 1026 1487 Ditisque
1041 1449 1211 1477 simillimus
1226 1450 1310 1486 ipsis,

592 1503 683 1534 Quem
701 1513 755 1531 non
773 1503 908 1531 mendaci
924 1502 1115 1539 resplendens
1127 1503 1228 1540 gloria
1236 1499 1313 1539 suco

591 1557 754 1591 Sollicitat,
772 1566 826 1585 non
835 1553 949 1593 fastos}
964 1556 1043 1584 mala
1058 1557 1175 1593 gaudia
1191 1556 1288 1584 lua-us.

594 1611 654 1639 Sed
670 1611 777 1639 tacitos
792 1611 866 1638 sinit
881 1611 924 1638 ire
939 1611 1012 1644 dies,
1029 1614 1057 1638 et
1071 1620 1207 1648 paupere
1223 1610 1305 1639 cultu

593 1664 702 1701 Exigit
721 1665 862 1692 innocuae
880 1664 1046 1701 tranquilla
1061 1665 1183 1693 silentia
1201 1662 1533 1702 2·itae.”-—[Politiani
1548 1664 1637 1694 Rust.
1660 1663 1695 1695 17
1715 1663 1781 1704 sq.]

485 1750 603 1795 Quod
639 1752 782 1798 restat,
824 1749 1055 1788 exorandus
1094 1750 1195 1788 milii
1235 1763 1277 1789 es
1316 1754 1361 1789 ut
1401 1751 1476 1789 lzoc
1506 1751 1705 1802 propensi
1743 1751 1788 1790 in
1831 1751 1886 1790 Te

424 1817 562 1866 animi,
589 1821 639 1866 et,
663 1830 738 1869 quo
766 1820 805 1856 te
822 1830 1061 1868 prosequor,
1085 1818 1250 1856 lionoris
1270 1818 1431 1869 piqnus,
1455 1819 1572 1870 aequi
1599 1818 1767 1870 bonique
1793 1831 1885 1859 con-

423 1885 560 1931 sulas;
584 1885 833 1936 praesertim
864 1898 952 1924 cunt
982 1886 1091 1924 nullo
1109 1885 1207 1937 jure
1242 1885 1332 1925 Tibi
1361 1887 1557 1937 imputari
1578 1887 1742 1938 possint
1773 1890 1886 1939 quot-

425 1956 519 2004 quot
550 1952 593 1991 in
623 1953 697 1992 lzoc
728 1965 846 2003 opere
878 1953 993 1992 naevi
1025 1966 1074 1993 ac
1103 1952 1343 2007 σφάλματα
1375 1955 1687 2006 comparuerint,
1720 1967 1888 2009 quorum

425 2021 600 2059 omniunt
620 2021 664 2060 in
689 2034 749 2060 nie
773 2021 901 2060 solum
923 2021 1105 2061 cudenda
1138 2026 1197 2061 est
1216 2022 1348 2073 fabag
1362 2039 1374 2069 ;
1406 2036 1478 2062 nec
1512 2023 1572 2062 Tu
1593 2023 1833 2074 plectendus
1852 2023 1890 2062 si

427 2088 527 2139 quid
540 2088 732 2140 essoforte
750 2089 975 2128 delirarero
984 2087 1014 2128 ¹¹.
1068 2089 1295 2135 Quamlibet
1311 2103 1435 2142 neque
1451 2091 1536 2143 ejus
1552 2099 1671 2143 quent
1682 2090 1891 2131 eoeantlavi

427 2155 579 2195 laboris
612 2157 740 2195 omnis
775 2157 875 2195 milei
895 2156 1066 2208 fructus
1088 2158 1278 2209 perierit,
1312 2171 1401 2197 cum
1434 2159 1499 2198 vel
1528 2172 1579 2199 ea’
1613 2158 1820 2199 erroribus
1851 2161 1891 2198 et

427 2224 810 2265 hallucinationibus
838 2226 937 2264 meis
965 2238 1107 2265 ansam
1134 2229 1278 2266 nactus
1292 2225 1417 2277 suero
1445 2240 1524 2279 qua
1552 2226 1730 2266 omnibus
1745 2227 1892 2279 palam

417 2290 580 2342 faciani
601 2296 755 2344 quanta
783 2293 835 2333 Te
856 2294 985 2333 colam
1006 2294 1202 2343 amicitia,
1226 2297 1265 2333 et
1285 2294 1393 2346 quod
1410 2307 1461 2334 ea‘
1481 2295 1616 2334 animo
1636 2295 1713 2334 sim

1077 2361 1165 2400 Tibi
1184 2374 1341 2413 semper
1362 2361 1662 2402 addictissimus

491 2432 628 2478 [1675]
1206 2426 1453 2470 THOMAS
1482 2430 1831 2471 SYDENHAM.

479 2559 487 2578 f
514 2563 568 2591 Vir
584 2562 735 2602 sssagnns]
750 2564 964 2593 Fracastorius
973 2564 1020 2593 ed.
1037 2564 1130 2595 1676.
1192 2568 1293 2604 terpp.
1309 2577 1315 2599 ;
1342 2564 1473 2594 Erasmi
1488 2565 1593 2604 Adag.
1611 2565 1632 2595 i.
1651 2565 1678 2595 l.
1697 2566 1748 2596 84.

477 2608 490 2627 ἕ
515 2606 580 2634 eud.
604 2611 647 2633 es!
663 2604 762 2644 saba]
789 2608 807 2621 “
822 2606 924 2635 Istaec
947 2607 978 2636 in
999 2617 1051 2636 me
1075 2617 1130 2637 cu·
1235 2605 1248 2624 '¹
1288 2607 1472 2647 delirae-ero]
1516 2609 1535 2624 “
1551 2608 1717 2648 Quicquid
1758 2607 1894 2638 delirant

435 2646 527 2675 detur
544 2646 647 2683 faba‚’'
667 2647 684 2677 i.
697 2658 722 2677 e.
741 2649 777 2677 In
802 2660 844 2678 me
861 2651 913 2679 Ιιοε
929 2651 1036 2679 malum
1054 2652 1131 2679 reci·
1191 2659 1292 2689 regeS,
1324 2649 1509 2690 plectuntur
1540 2651 1691 2682 Ael1ivi.”
1762 2650 1892 2690 (Horat.

435 2690 494 2717 dcl.
527 2688 655 2719 Terent.
669 2691 747 2720 Eun.
766 2691 798 2720 ii.
821 2693 849 2721 3.
867 2692 918 2728 89,
940 2692 994 2722 ubi
1019 2702 1046 2723 v.
1074 2693 1130 2722 In-
1193 2693 1254 2732 Ep.
1272 2692 1291 2723 i.
1313 2694 1340 2723 2.
1360 2693 1426 2732 14.)
