1985 3308
386 156 473 195 214
801 154 1058 196 THOMAE
1092 151 1434 194 SYDENHAM

218 269 349 323 remus
387 276 464 316 por
483 276 634 316 pueros
654 262 849 312 maxime,
873 267 999 315 atque
1023 274 1093 302 eos
1118 260 1190 313 qui
1215 273 1263 300 ex
1286 257 1458 311 ephebis
1478 256 1546 297 vix
1567 260 1844 306 excesserant,

187 312 370 384 ἑξξέζζζ,
390 329 570 370 81111111(16
601 329 839 379 invadebat,
868 329 940 370 sed
972 342 1050 369 nee
1083 328 1143 368 ita
1174 326 1424 380 profundus,
1445 338 1524 365 1160
1552 323 1726 377 perinde
1758 323 1846 376 epi-

215 397 350 429 ’73-’75-
391 397 590 447 demicus,
606 402 733 450 atque
754 402 843 437 erat
865 397 899 436 is
921 396 993 449 qui
1013 396 1122 435 hane
1143 394 1324 434 Febrem
1345 392 1641 433 comitabatur.
1691 391 1846 443 Neque

389 470 535 505 tamen
564 465 698 514 illum,
729 465 827 505 lieet
858 464 958 504 huie
987 462 1242 510 inferiorem,
1273 460 1409 500 multo
1439 459 1582 499 minus
1611 458 1740 508 hune,
1771 457 1848 498 ubi

389 533 575 586 primum
606 531 902 584 ingrederetur
927 529 1112 578 morbus,
1140 528 1336 569 edomare
1365 526 1486 579 potui
1497 543 1509 577 ς
1551 526 1649 566 licet
1679 525 1848 565 nullum

390 614 479 640 non
516 599 699 653 lapidem
739 611 964 647 moverem,
995 595 1185 649 repetitis
1220 593 1643 643 venae-sectionibus,
1674 606 1764 633 non
1801 592 1849 632 in

390 666 573 707 brachiis
611 671 795 716 tantum,
828 665 900 705 sed
940 663 1097 704 cervice
1138 662 1267 703 etiam
1307 667 1349 702 et
1388 660 1580 713 pedibus,
1612 660 1849 713 emplastris

390 734 657 784 vesicatoriis‚
680 732 968 782 cucurbitulis,
997 730 1216 779 enematis,
1239 728 1533 782 diaphoretieis
1559 728 1696 769 omnis
1723 741 1848 780 gene-

192 809 266 840 Quo
282 812 374 848 pacto
391 801 461 851 ris,
487 806 580 850 ete„
603 801 648 840 111
675 806 816 854 partes
846 799 1027 840 adscitis.
1090 797 1282 838 Tandem
1309 796 1451 847 statui,
1473 801 1566 849 post
1598 795 1851 849 sanguinem

190 857 370 923 {Effi'ffim
393 883 415 909 e
449 868 620 908 brachio
657 868 871 917 eductum,
904 866 1201 920 epispastieum
1237 864 1386 906 cervici
1422 864 1691 917 applicatum,
1723 867 1851 917 atque

192 936 330 966 cebassffi
393 941 587 976 enemata
609 935 692 976 duo
713 935 778 975 vel
798 935 880 975 tria
907 948 929 974 6
950 934 1057 974 lacte
1079 938 1121 974 et
1149 932 1345 973 sacebaro
1365 932 1523 986 injecta
1542 931 1688 984 primis
1713 930 1852 972 morbi

393 1002 554 1053 diebus,
576 1002 685 1042 nihil
707 1002 931 1056 quiequam
953 1001 1133 1055 amplius
1157 1000 1309 1050 moliri,
1331 999 1414 1039 nisi
1435 998 1548 1052 quod
1568 1012 1743 1051 aegrum
1763 1002 1807 1039 et
1827 1012 1853 1038 a

394 1071 591 1112 carnibus
628 1077 670 1111 et
702 1085 726 1111 a
759 1070 993 1124 liquoribus
1030 1069 1264 1123 spirituosis
1293 1068 1616 1122 quibuscunque
1647 1080 1832 1108 arcerem
1837 1084 1851 1117 5

395 1139 448 1179 ad
477 1139 669 1180 Naturae
698 1138 949 1179 methodum
988 1137 1161 1178 interim
1188 1135 1473 1186 attendebam,
1507 1136 1626 1189 cujus
1657 1148 1736 1188 ego
1761 1149 1852 1176 ves·

394 1206 509 1259 tigiis
544 1206 784 1257 inhaerens,
807 1211 1047 1260 symptoma
1079 1205 1160 1246 1100
1192 1217 1387 1258 superare
1421 1202 1597 1244 tandem
1633 1202 1851 1243 discerem.

395 1274 575 1315 Morbus
610 1275 783 1315 interim
813 1274 881 1314 0111
916 1273 1202 1326 invigilabam,
1231 1277 1326 1312 tuto
1356 1271 1454 1312 licet
1489 1271 1608 1311 tarde
1638 1270 1851 1321 recedens,

394 1341 569 1382 tandem
591 1343 775 1382 evanuit.
824 1341 938 1382 Huic
954 1342 1096 1394 itaque
1116 1339 1318 1380 methodo
1333 1339 1617 1379 insistendum
1637 1338 1743 1378 mihi
1763 1352 1853 1379 esse

397 1409 497 1449 duxi
513 1409 558 1448 in
573 1409 760 1450 febribus
779 1423 880 1462 quas
898 1409 1093 1462 deinceps
1105 1407 1282 1448 tractavi
1298 1406 1502 1447 universis
1508 1424 1520 1457 3
1543 1406 1654 1460 quod
1668 1405 1852 1459 quidem,

398 1477 433 1517 si
466 1483 508 1517 et
541 1477 835 1530 symptomatis
868 1476 1223 1529 magnitudinem,
1250 1479 1292 1516 et
1325 1479 1523 1515 eventum
1558 1473 1716 1527 ubique
1746 1473 1854 1514 votis

397 1544 738 1597 respondentem,
757 1549 1008 1597 spectamus,
1023 1543 1138 1583 haud
1158 1542 1275 1596 parvi
1295 1543 1504 1583 momenti
1519 1542 1625 1582 mihi
1644 1541 1824 1583 videtur.

197 1632 379 1663 Inmorbo-
464 1612 571 1666 [19]
608 1613 665 1652 Et
697 1626 797 1652 83116
829 1611 934 1651 1111111
964 1625 1276 1664 nonnunquam
1308 1611 1437 1651 subiit
1468 1610 1666 1665 cogitare,
1701 1624 1779 1651 nos
1808 1609 1855 1650 in

195 1685 382 1747 {ngsse‘l'fl'fcae‘t
400 1680 558 1721 morbis
575 1680 834 1734 depellendis
854 1679 969 1719 haud
992 1679 1092 1719 satis
1118 1679 1270 1719 “lente
1291 1677 1549 1728 festinarej,'’
1573 1678 1736 1719 tardius
1757 1691 1856 1719 vero

195 1760 386 1798 quandoque
401 1748 522 1789 nobis
549 1762 637 1788 esse
663 1747 990 1801 procedendum,
1014 1750 1055 1786 et
1076 1745 1170 1798 plus
1191 1745 1385 1785 Naturae
1413 1758 1715 1797 saepenumero
1741 1758 1855 1786 com-

195 1802 363 1833 ¹ie⁵‘i¹¹³¹i⁰·
399 1816 672 1865 mittendum,
715 1829 842 1868 quam
877 1828 968 1854 mos
994 1813 1134 1853 hodie
1175 1811 1376 1852 obtinuit.
1438 1810 1565 1851 Errat
1607 1810 1721 1851 enim
1766 1810 1856 1863 (sed

400 1896 537 1936 neque
560 1896 699 1922 errore
721 1881 917 1932 erudito,)
945 1879 1016 1933 qui
1037 1879 1253 1919 Naturam
1278 1878 1380 1918 artis
1411 1878 1669 1918 adminiculo
1697 1877 1856 1930 ubique

398 1951 591 2003 indigere
625 1949 851 1990 existimat.
912 1948 1111 2001 Namque
1147 1946 1191 1986 id
1227 1946 1262 1986 81
1296 1946 1429 1995 fieret,
1460 1945 1627 1999 parcius
1666 1944 1857 1985 humano

401 2018 546 2072 generi
586 2032 635 2058 ea
669 2016 963 2070 prospexisset,
997 2029 1124 2068 quam
1158 2013 1346 2068 postulat
1382 2013 1535 2067 speciei
1569 2012 1855 2062 conservatio,

400 2099 498 2126 cum
528 2098 582 2124 ne
612 2084 791 2124 minima
822 2083 876 2123 sit
903 2082 1116 2135 proportio
1147 2081 1260 2121 inter
1286 2080 1532 2121 morborum
1561 2079 1857 2133 ingruentium

399 2153 696 2205 frequentiam,
720 2156 762 2191 et
783 2150 1007 2190 facultates
1030 2148 1183 2203 quibus
1209 2148 1371 2201 pollent
1392 2148 1586 2189 homines
1613 2147 1667 2188 ad
1687 2147 1858 2188 eosdem

400 2220 622 2273 fugandos,
643 2219 707 2259 ve]
735 2219 786 2258 iis
815 2217 991 2258 saeculis
1015 2217 1167 2271 quibus
1189 2215 1395 2256 Medendi
1418 2217 1501 2256 Ars
1522 2215 1704 2256 maxime
1730 2219 1857 2268 eaput

401 2289 564 2338 extulit,
588 2293 630 2328 et
651 2302 675 2328 a
697 2286 1018 2341 quampluribus
1040 2285 1208 2326 exculta
1229 2290 1306 2325 est.
1366 2284 1475 2324 Aliis
1502 2284 1549 2324 in
1572 2283 1730 2325 morbis
1756 2283 1858 2337 quid

400 2357 479 2396 hoe
500 2355 721 2410 profecerit
737 2355 902 2395 neseio:
934 2353 1041 2394 illud
1058 2353 1158 2393 satis
1182 2353 1267 2393 scio
1288 2365 1339 2392 ex
1355 2351 1550 2405 diligenti
1566 2351 1858 2392 observatione

401 2425 505 2464 mihi
527 2423 797 2475 astipulante,
821 2421 933 2476 quod
959 2421 1004 2461 in
1026 2420 1160 2462 Febre
1189 2420 1241 2460 de
1268 2433 1351 2473 qua
1374 2420 1463 2473 jam
1492 2419 1671 2473 agimus,
1695 2419 1858 2460 dictum

403 2497 644 2545 symptoma
670 2496 765 2544 post
786 2493 1014 2543 usurpatas
1040 2487 1335 2529 evacuationes
1357 2487 1573 2539 generales
1605 2488 1861 2540 (venae-sec—

402 2560 563 2600 tionem
582 2559 689 2608 dico,
713 2563 755 2599 et
777 2558 1002 2609 enemata‚)
1029 2556 1116 2596 solo
1136 2560 1327 2608 tempore
1347 2554 1526 2595 feliciter
1547 2554 1708 2595 solebat
1732 2554 1858 2595 vinci.

467 2627 574 2680 [20]
611 2627 754 2666 Antea
782 2626 853 2680 [ξξ
871 2626 911 2675 3,
928 2624 989 2678 4.]
1018 2623 1200 2664 diximus
1221 2622 1580 2663 convalescentiae
1601 2621 1861 2676 praenuncia

404 2694 524 2746 signa
543 2700 592 2734 ut
613 2693 845 2747 plurimum
867 2692 920 2733 ad
947 2692 1059 2732 diem
1086 2704 1221 2744 usque
1245 2690 1507 2730 tricesimum
1529 2689 1689 2730 differri
1712 2689 1859 2740 solere,

408 2761 467 2811 (in
496 2767 665 2814 stupore
694 2761 852 2801 scilieet
879 2760 1005 2814 paulo
1032 2757 1370 2811 confirmatiori,)
1397 2771 1524 2811 aegro
1548 2771 1859 2810 nonnunquam

203 2839 310 2868 Etiam
326 2839 371 2868 in·
406 2828 532 2869 ctiam
559 2829 740 2882 aphonia
765 2833 956 2881 correpto
969 2845 981 2877 ;
1019 2827 1171 2880 quibus
1196 2826 1359 2880 elapsis,
1381 2825 1665 2879 incongruum
1690 2825 1860 2880 aliquod

202 2891 340 2920 COIlgl'ua

593 2911 600 2935 3
623 2913 739 2942 Σπεῦδε
757 2910 903 2950 βραδέως,
922 2914 1044 2942 chlina
1062 2913 1147 2942 lente.
1196 2910 1244 2941 Cf.
1263 2910 1391 2940 Erasmi
1407 2911 1509 2950 Adag.
1528 2909 1558 2939 ii.
1580 2910 1604 2939 l.
1627 2911 1651 2939 l.

1972 262 1985 629 Quum—10⁴&
