1985 3308
253 275 307 306 De
325 275 416 307 Por>-

282 327 387 351 mm.

235 617 417 658 Equitatio-

232 661 282 690 nis
298 662 420 691 emolu-

233 709 340 733 menta
357 704 390 734 in

231 747 351 777 morbis

232 789 400 820 Chronicis

230 831 404 872 plerisque,

230 874 351 914 phthisi

229 918 412 957 praecipue,

231 961 387 999 stupenda

229 1007 314 1033 sunt.

227 1428 260 1459 H
263 1430 355 1460 erbac
363 1440 413 1461 ex-

226 1473 412 1503 calefacien-

225 1519 272 1545 tes
289 1526 369 1555 quae

225 1558 372 1589 adferunt

225 1602 400 1632 commoda.

225 1675 318 1706 Licet
334 1677 367 1707 in

224 1717 370 1759 Podagra

223 1760 362 1799 laedant,
376 1763 409 1792 in

223 1803 294 1834 aliis
302 1810 408 1836 tamen

224 1847 391 1879 Chronicis

222 1890 384 1930 plerisque

221 1942 406 1965 venae-sec-

222 1976 265 2005 tio
281 1981 311 2006 et
327 1987 379 2007 ca-

220 2018 337 2049 tharsis

221 2063 366 2092 corrobo-

221 2105 364 2135 rantibus

220 2151 251 2176 et
267 2147 369 2187 diges-

222 2190 296 2219 tivis
313 2201 404 2231 prae-

220 2233 379 2264 mittenda

220 2280 312 2306 sunt:
331 2277 385 2307 scd

220 2328 321 2358 quum

220 2362 323 2392 morbi
336 2373 392 2392 cu-

216 2404 400 2445 juscunque

219 2448 340 2478 curatio
356 2459 404 2479 re-

220 2490 334 2521 mediis
342 2502 405 2521 cor—

219 2533 392 2564 roboranti-

223 2575 281 2605 bus
297 2576 405 2607 inniti-

216 2621 410 2655 tunevacua-

220 2661 321 2691 tiones
332 2673 405 2702 qua·

219 2702 394 2744 lescunque

221 2746 364 2778 officiunt

219 2798 355 2829 prorsus,

445 159 530 199 430
870 160 1127 202 THOMAE
1161 160 1501 202 SYDENHAM

442 269 590 307 tamen
610 266 762 321 hyeme
787 281 857 309 eos
884 268 1053 310 morbos
1081 268 1288 321 effugiant
1317 267 1370 308 ad
1398 281 1502 320 quos
1530 266 1665 320 magis
1691 271 1793 307 sunt
1813 280 1908 320 pro·
1960 314 1961 327 ἵ

441 334 580 385 clives,
609 334 853 389 podagram,
887 336 1019 388 (verbi
1047 336 1211 389 gratia,)
1246 335 1425 386 asthma,
1447 340 1598 385 tusses,
1620 339 1700 376 etc.
1760 335 1908 389 Atque
1949 330 1967 364 ⁷⁴

438 401 540 443 hinc
561 403 690 444 etiam
711 404 820 444 ratio
837 404 1086 444 deducenda
1107 408 1183 453 est,
1202 417 1334 458 quare
1350 403 1635 456 peregrinatio
1650 403 1697 443 in
1711 402 1907 456 regiones

438 471 572 524 magis
602 472 807 512 australes
834 472 895 512 ita
923 471 1148 512 efficaciter
1175 485 1245 512 eos
1273 470 1442 512 morbos
1469 475 1697 525 expugnet,
1722 484 1906 526 quorum

437 539 601 579 curatio
622 539 668 579 in
688 539 978 592 frigidioribus
998 539 1215 579 incassum
1235 538 1499 580 tentabatur.
1532 539 1706 589 Eorum,
1725 552 1834 594 quae
1850 537 1904 579 de

438 607 625 659 generali
645 607 889 647 morborum
908 607 1215 648 Chronicorum
1235 621 1361 648 causa
1376 607 1467 661 jam
1484 607 1584 657 dixi,
1598 607 1751 648 veritas
1768 606 1903 660 magis

437 675 576 715 adhuc
609 674 773 728 patebit
815 674 866 715 ab
902 675 1071 727 ingenti
1104 679 1146 715 et
1183 675 1302 729 quasi
1338 674 1548 729 stupendo
1584 689 1632 715 ac
1663 674 1903 715 incredibili

437 743 724 783 emolumento
742 742 854 796 quod
873 742 904 782 ii
926 742 998 796 qui
1019 742 1176 784 morbis
1194 743 1416 784 Chronicis
1437 743 1660 797 plerisque,
1677 742 1902 797 praecipue

435 824 533 850 vcro
553 810 727 863 phthisi,
749 810 958 861 laborant,
977 811 1029 851 ab
1052 811 1313 865 equitatione
1334 811 1598 865 percipiunt;
1631 810 1743 865 quod
1765 825 1900 865 genus

435 878 623 918 exercitii
644 878 902 931 digestiones
923 879 1112 932 singulas
1136 880 1347 933 invigorat
1372 880 1610 933 firmatque,
1633 879 1734 920 dum
1757 894 1782 920 a
1801 893 1900 920 con-

429 945 557 986 tinua
587 947 771 1000 corporis
808 948 1078 988 succussione
1107 948 1220 989 calor
1251 948 1457 989 naturalis
1491 948 1818 998 re-accenditur,
1855 953 1899 989 et

432 1028 593 1067 organa
623 1015 847 1056 secretioni
878 1015 1091 1057 destinata
1120 1016 1166 1056 in
1196 1030 1373 1057 munere
1408 1016 1643 1069 depurandi
1679 1016 1899 1069 sanguinis

429 1083 511 1123 rite
545 1083 765 1136 fungendo
800 1089 1130 1137 promoventur:
1161 1084 1277 1125 unde
1312 1098 1484 1125 necesse
1520 1090 1583 1125 est
1614 1089 1663 1125 ut
1695 1089 1897 1138 sequatur

432 1150 719 1204 digestionum
737 1152 1052 1205 deperditarum
1071 1153 1190 1206 quasi
1209 1153 1427 1194 renovatio
1448 1152 1671 1208 quaedam,
1689 1157 1731 1193 et
1752 1166 1776 1193 e
1796 1165 1896 1193 con-

431 1221 628 1275 sequenti
649 1221 780 1261 totius
801 1221 985 1276 corporis
1007 1222 1134 1262 erasis
1156 1222 1353 1275 optiman.

498 1288 606 1342 [39.]
647 1289 856 1331 Quocirca
886 1304 908 1330 e
938 1290 1175 1331 rationibus
1202 1290 1291 1344 jam
1323 1289 1516 1342 allegatis
1553 1289 1653 1329 satis
1681 1289 1893 1339 elucescit,

433 1357 546 1409 quod
562 1371 650 1397 non
667 1358 714 1398 in
730 1359 925 1412 Podagra
945 1364 1130 1409 tantum,
1150 1359 1223 1400 sed
1245 1364 1287 1399 et
1308 1359 1354 1398 in
1376 1359 1466 1399 aliis
1489 1372 1655 1411 quoque
1673 1357 1894 1399 Chronicis

431 1425 602 1475 morbis,
639 1425 714 1466 ubi
754 1427 922 1467 nullum
959 1432 1197 1481 symptoma
1237 1426 1513 1467 manifestum
1549 1425 1892 1477 contra-indicat,

432 1492 583 1534 herbas
606 1494 813 1547 ejusmodi
835 1496 1178 1536 excalefacientes
1199 1509 1404 1548 magnum
1425 1494 1599 1535 omnino
1621 1493 1893 1535 commodum

432 1561 606 1612 adferre,
630 1576 726 1603 cum
749 1563 948 1616 sanguini
969 1563 1140 1603 aestatis
1162 1563 1343 1603 calorem
1364 1562 1430 1603 vel
1453 1562 1594 1602 media
1618 1562 1771 1616 hyeme
1792 1576 1891 1603 con·
1918 1616 1923 1619 Π

428 1629 571 1670 cilient
586 1647 596 1680 ;
630 1631 831 1684 quamxiS,
855 1631 889 1671 si
911 1631 1066 1672 aestivo
1088 1637 1277 1685 tempore
1299 1645 1444 1671 earum
1470 1630 1566 1670 usui
1588 1644 1892 1682 assuescamus,
1912 1658 1917 1664 .»

427 1697 578 1738 melius
607 1699 919 1752 praecavebunt
941 1700 1053 1740 mala
1079 1700 1161 1740 ista
1193 1713 1298 1752 quae
1327 1699 1499 1740 adversa
1526 1703 1756 1752 tempestas
1785 1699 1892 1741 solet
1926 1726 1932 1734 ·

428 1771 673 1819 apportare:
719 1772 761 1808 et
788 1767 989 1821 profecto,
1023 1768 1057 1808 si
1086 1767 1139 1808 ad
1165 1767 1330 1822 hyemis
1361 1780 1496 1821 usque
1524 1767 1748 1821 appulsum
1777 1767 1890 1809 defe—
1913 1738 1932 1813 ξ

425 1839 588 1885 rantur,
612 1848 694 1888 quo
722 1840 913 1890 tempore
940 1836 1092 1889 ingens
1117 1836 1348 1876 humorum
1377 1835 1552 1876 saburra
1579 1836 1885 1887 accumulatur,
1915 1838 1918 1847 ’

425 1903 660 1957 periculum
689 1911 751 1944 est
780 1918 834 1945 ne
863 1919 954 1946 sero
982 1905 1109 1945 nimis
1135 1905 1189 1945 ad
1212 1905 1293 1946 hoc
1321 1905 1487 1959 asylum
1512 1904 1821 1958 confugiamus,
1844 1910 1888 1946 et
1903 1828 1929 2023 i

429 1971 557 2025 (quod
579 1972 661 2013 dici
691 1973 826 2025 solct,)
853 1972 961 2025 μετὰ
991 1971 1179 2025 πόλεμον
1209 1972 1469 2029 συμμαχίαῡ.
1538 1973 1646 2027 [40]
1686 1972 1909 2015 Quamvis'

425 2044 569 2080 autem
590 2041 654 2093 (ut
670 2055 797 2094 supra
819 2041 862 2096 [ξ
878 2041 966 2095 23]
990 2041 1123 2082 fusius
1137 2041 1344 2094 disserui,)
1365 2041 1559 2095 Podagra
1572 2041 1618 2082 id
1638 2041 1718 2082 sibi
1732 2027 1922 2096 habeat&

423 2108 647 2161 peculiare,
673 2113 723 2150 ut
748 2124 837 2150 non
856 2114 1029 2151 tantum
1049 2124 1137 2151 non
1163 2111 1348 2165 juvetur,
1372 2110 1445 2151 sed
1474 2116 1515 2151 et
1540 2110 1746 2161 laedatur,
1769 2125 1795 2152 a
1821 2124 1888 2152 ca-
1907 2102 1914 2132 3

423 2175 616 2218 tharticis
629 2194 640 2227 3
671 2181 819 2218 tamen
848 2178 894 2218 in
927 2178 1016 2219 aliis
1038 2178 1258 2220 Chronicis
1285 2178 1509 2233 plerisque,
1532 2182 1575 2219 et
1604 2179 1888 2221 venae-sectio
1913 2232 1915 2235 ι

425 2245 589 2298 quoties
610 2260 715 2300 opus
735 2246 865 2288 fuerit
884 2247 1077 2301 repetita,
1101 2252 1143 2288 et
1164 2248 1374 2301 purgatio,
1397 2252 1497 2288 ante
1518 2252 1619 2288 sunt
1639 2247 1888 2302 imperanda
1906 2247 1917 2298 g!

425 2328 553 2367 quam
583 2314 782 2356 remediis
814 2316 1185 2357 corroborantibus
1216 2321 1259 2357 et
1291 2315 1505 2370 digestivis
1539 2316 1610 2358 hic
1640 2330 1666 2357 a
1696 2330 1765 2358 me
1794 2317 1886 2358 lau·
1911 2355 1912 2358 ,

425 2382 534 2423 datis
570 2397 697 2437 opera
728 2383 869 2425 danda
899 2390 986 2426 est:
1023 2384 1098 2425 ubi
1129 2398 1225 2425 vero
1257 2398 1300 2425 se
1332 2399 1456 2438 aeger
1487 2384 1553 2425 his
1586 2384 1810 2436 addixerit,
1839 2386 1885 2427 in

424 2450 472 2491 iis
524 2453 880 2505 perseverandum
924 2458 1001 2503 est,
1043 2453 1170 2494 nullis
1216 2453 1475 2494 intercalatis
1515 2453 1858 2496 evacuationibus
1870 2472 1884 2506 ;

425 2520 584 2560 etenim
623 2520 705 2561 hoc
744 2525 808 2562 est
842 2521 1020 2562 firmiter
1059 2521 1345 2572 rctinendum,
1378 2521 1503 2575 quod,
1540 2521 1703 2575 quoties
1743 2523 1884 2577 cujus-

426 2602 594 2641 cunque
634 2589 772 2630 morbi
812 2589 973 2631 curatio
1018 2590 1215 2631 remediis
1255 2589 1626 2631 corroborantibus
1670 2590 1884 2644 innititur,
1905 2636 1909 2651 ³

425 2656 731 2708 evacuationes,
775 2658 1089 2712 qualescunque
1134 2672 1207 2700 eae
1252 2658 1426 2708 fuerint,
1468 2657 1660 2699 officiunt
1698 2651 1908 2714 prorsus}

424 2723 621 2778 Denique
660 2739 749 2766 non
789 2726 824 2766 is
865 2740 959 2767 sum
996 2726 1068 2781 qui
1108 2741 1292 2768 asseram
1331 2726 1644 2768 medicamenta
1678 2725 1905 2826 digestiva}

467 2855 480 2868 '¹
506 2858 554 2889 Cf.
578 2859 637 2888 inf.
659 2861 673 2897 ξ
701 2860 762 2894 56;
791 2862 912 2891 observ.
932 2862 1014 2892 Med.
1036 2862 1077 2892 iv.
1097 2862 1124 2894 7.
1187 2862 1311 2901 quoties
1342 2862 1443 2892 serius
1467 2861 1670 2891 adhiberetur
1693 2848 1899 2898 remedium-ſs¹

425 2900 462 2927 l0
480 2910 544 2939 Sq.;
564 2903 694 2932 Dissert.
712 2904 810 2941 Epist.
830 2906 844 2942 ξ
865 2904 934 2935 116.
1187 2905 1236 2935 Cf.
1256 2905 1384 2935 Erasmi
1407 2906 1508 2944 Adag.
1525 2904 1570 2934 iii.
1587 2904 1615 2934 6.
1637 2904 1683 2936 17.
1892 2912 1894 2914 ’

464 2945 477 2957 ⁰
503 2945 520 2958 “
536 2944 606 2972 Post
629 2947 734 2974 bellum
755 2949 938 2985 suppetiae*
958 2947 1123 2978 dicebatur
