1985 3308
641 138 988 180 TRACTATUS
1022 138 1058 179 Ι.
1495 142 1521 177 -1,
1535 139 1575 177 1-1

117 244 279 284 malum
321 243 373 284 ab
421 245 620 286 exercitio
664 246 912 299 quotidiano
946 249 1231 299 praecavetur,
1252 243 1294 283 'a
1329 256 1413 298 quo
1449 243 1582 283 oritur
1611 254 1665 284 Dr.
1683 254 1770 284 Pon-

117 311 262 352 debita
280 311 510 353 humorum
539 313 776 367 Podagram
806 313 1117 367 generantium,
1140 312 1212 366 qui
1239 325 1370 351 unam
1399 311 1582 363 aliquam
1600 306 1784 347 -Ᾰ-(ζῐῗῧῃ

115 385 281 433 partem
311 381 493 422 libenter
523 388 746 436 occupant,
770 382 945 423 difflatio
976 396 1051 435 per
1073 395 1199 422 omne
1227 394 1392 433 corpus.
1455 378 1582 419 Unde
1602 361 1783 437 {sssifssiffiffo

115 448 165 488 fit
190 449 269 500 (uti
295 449 474 503 ipsemet
496 456 692 504 expertus
721 452 843 503 sum)
870 450 980 504 quod
1003 449 1246 491 exercitatio
1267 449 1396 501 longa
1416 452 1459 487 et
1481 461 1581 499 quo·
1600 440 1777 478 W'nffitiO·

1601 483 1632 511 ni
1650 483 1747 512 officit

115 516 280 558 tidiana
306 532 395 559 non
421 524 592 560 tantum
622 520 770 561 officit³
803 519 1065 573 generationi
1095 519 1336 573 tophorum,
1360 517 1432 557 sed
1454 516 1582 556 etiam
1601 525 1655 555 sed
1668 505 1757 573 vetes

115 585 268 638 tophos
288 591 451 627 veteres
472 592 514 627 et
535 587 756 629 induratos
779 588 912 638 solvit,
933 587 1060 628 modo
1081 601 1169 628 non
1190 599 1374 639 eousque
1395 584 1582 624 invalue-
1600 573 1760 639 3523&

115 652 202 693 rint
223 657 272 693 ut
294 654 427 693 cutim
449 654 651 695 extimam
671 655 717 694 in
739 669 859 695 suam
880 654 1162 695 substantiam
1184 652 1454 694 mutaverint.
1600 653 1790 725 ggffiltmque

181 721 290 775 [56.]
329 722 532 762 Exercitii
560 736 694 775 genus
723 723 835 776 quod
865 727 1040 775 spectat,
1072 722 1290 775 equitatio,
1320 720 1484 774 quoties
1504 732 1584 759 nec
1603 749 1770 788 Equitatio

117 790 318 844 grandior
348 795 463 831 aetas
490 804 569 831 nec
601 791 787 831 calculus
816 790 1098 841 intercedant,
1120 790 1292 844 reliquis
1317 789 1444 841 longe
1464 801 1582 841 prae·
1602 792 1672 841 ali&
1688 802 1776 822 exer-

116 857 292 898 ferenda
315 862 391 898 est.
453 858 509 898 Et
532 872 632 899 sanc
655 859 729 899 diu
750 859 1020 911 multumque
1041 872 1209 899 mecum
1230 856 1433 911 reputavi,
1457 854 1583 909 quod,
1603 841 1787 908 {gtrggggae-

117 925 152 966 si
173 926 242 966 cui
261 925 547 967 innotesceret
567 927 940 976 medicamentum,
959 927 1070 980 quod
1088 931 1130 967 et
1147 926 1281 967 celare
1297 926 1435 974 vellet,
1454 937 1585 976 aeque
1603 926 1659 951 est.

117 993 262 1034 efficax
289 994 335 1034 in
365 994 444 1035 hoc
474 994 636 1045 morbo,
658 1000 707 1035 ut
732 995 778 1035 in
809 995 1017 1035 chronicis
1048 995 1273 1048 plerisque,
1297 1008 1343 1034 ac
1375 997 1438 1033 cst
1469 991 1585 1045 equi-

115 1062 224 1103 tatio
254 1068 452 1103 constans
484 1067 527 1103 et
558 1063 738 1113 assidua,
762 1077 861 1117 opes
889 1063 959 1103 ille
988 1063 1139 1104 exinde
1165 1062 1444 1116 amplissimas
1464 1059 1587 1100 facile

117 1131 384 1171 accumulare
415 1132 590 1184 possett.
653 1129 748 1171 Hac
782 1132 817 1171 si
849 1131 914 1171 uti
940 1146 1028 1172 non
1055 1132 1191 1182 liceat,
1220 1131 1355 1171 vectio
1388 1130 1586 1183 frequens
1606 1134 1768 1173 Frequen-

116 1197 163 1238 in
194 1211 323 1238 curru
352 1198 440 1238 fere
472 1198 621 1239 eodem
656 1199 831 1240 recidit:
865 1204 992 1252 atque
1023 1199 1068 1239 in
1098 1199 1179 1240 hoc
1210 1199 1360 1239 saltem
1393 1181 1763 1251 Podagrazzrhimggm

116 1265 411 1307 laborantibus
447 1267 659 1321 plerisque
694 1268 804 1308 bene
841 1272 917 1317 est,
951 1268 1065 1320 quod
1100 1282 1211 1321 opes,
1242 1281 1348 1321 quae
1380 1267 1584 1317 luxuriae,
1603 1262 1757 1335 ῗξοῐῃωξξῐθ

115 1334 235 1375 unde
251 1335 485 1388 pullulavit
516 1335 704 1386 morbus,
726 1336 992 1377 irritamenta
1022 1341 1156 1385 erant,
1185 1336 1408 1376 facultates
1439 1349 1587 1375 currus
1718 1328 1725 1336 ’

116 1401 305 1443 habendi
335 1402 677 1454 subministrent,
700 1417 784 1457 quo
814 1404 894 1444 hac
926 1404 1077 1444 saltem
1107 1402 1420 1443 exercitationis
1451 1402 1587 1456 specie

63 1508 67 1510 .
116 1470 328 1521 fruantur,
351 1485 449 1511 cum
470 1472 604 1511 altera
623 1472 708 1512 frui
728 1476 958 1525 nequeant.

175 1538 501 1580 Observandum
532 1544 596 1580 est
624 1544 782 1590 autem,
806 1539 919 1593 quod
949 1539 1194 1580 exercitatio
1224 1538 1271 1578 in
1302 1543 1400 1580 a'e're
1429 1538 1587 1579 salubri
1607 1547 1710 1596 quue
1726 1548 1790 1596 ruri

116 1606 244 1661 longe
274 1621 324 1648 ea
353 1607 637 1661 praestantior
667 1613 730 1648 est
763 1621 870 1661 quae
900 1608 946 1648 in
981 1607 1124 1647 minus
1156 1606 1315 1647 salubri
1341 1606 1584 1660 peragitur:
1604 1597 1793 1674 ξζιῑᾷὶᾜζῗζ

117 1675 207 1716 ruri
227 1675 385 1716 scilicet
401 1676 542 1729 potius
559 1690 687 1729 quam
702 1676 748 1716 in
764 1676 882 1727 urbe,
899 1675 976 1716 ubi
997 1680 1071 1717 aer
1086 1675 1308 1729 vaporibus
1331 1689 1356 1715 a
1374 1676 1586 1715 variorum
1605 1677 1723 1707 salubri

118 1743 329 1784 artificum
361 1743 538 1784 officinis
570 1744 868 1785 exhalantibus
900 1749 963 1785 cst
994 1744 1192 1797 repletus,
1225 1748 1268 1784 et
1299 1743 1586 1784 aedificiorum
1605 1730 1702 1792 ἓξὲξ
1719 1730 1753 1749 ¹¹¹

119 1810 330 1852 densitate
351 1812 614 1865 constipatus
629 1829 641 1862 3
675 1812 809 1866 qualis
830 1819 894 1853 est
914 1812 961 1852 in
981 1812 1179 1853 Londino
1199 1811 1280 1852 hoe
1301 1817 1459 1862 nostro,
1480 1811 1587 1851 urbe

123 1878 348 1931 (quantum
375 1884 490 1919 certo
517 1880 700 1932 scimus,)
726 1880 919 1920 omnium
946 1894 1052 1933 quae
1076 1880 1123 1919 in
1143 1884 1234 1920 toto
1254 1884 1464 1919 terrarum
1487 1878 1587 1919 orbe

120 1950 234 1996 sunt,
253 1946 567 2000 spatiosissima.
601 1948 826 1989 Quantum
846 1961 943 1988 vero
964 1948 1133 1988 intersit
1155 1962 1210 1988 an
1232 1947 1325 2000 quis
1345 1946 1447 1996 ruri,
1470 1961 1525 1987 an
1541 1947 1587 1986 in

119 2013 238 2064 urbe,
261 2028 304 2055 se
321 2020 525 2065 exerceat,
549 2015 882 2069 Podagricorum
905 2016 1040 2069 quivis
1061 2016 1207 2056 statim
1227 2015 1519 2068 persentiscet.

185 2082 294 2136 [57.]
334 2083 461 2124 Quod
491 2083 704 2123 Venerem
741 2083 909 2134 attinet,
940 2083 976 2123 is
1011 2083 1082 2136 qui
1114 2087 1203 2123 tam
1234 2081 1431 2135 Podagra
1460 2095 1587 2135 quam
1608 2090 1716 2138 Quagn
1733 2088 1794 2118 im-

120 2154 294 2191 senecta
323 2150 501 2201 laborat,
534 2151 895 2204 (quandoquidem
920 2151 1098 2205 jamjam
1127 2164 1177 2191 ea
1212 2150 1439 2203 spirituum
1470 2150 1589 2203 copia
1606 2132 1795 2206 ξζζζζζᾶξῗζ

120 2218 352 2259 destitutus
384 2223 447 2258 est
477 2233 559 2272 qua
587 2219 881 2260 concoctiones
909 2219 1145 2273 promoveri
1174 2219 1422 2269 debuerant,
1445 2224 1488 2259 et
1514 2233 1590 2272 per
1608 2219 1674 2249 neri
1691 2219 1743 2278 int

120 2300 383 2340 consequens
410 2286 569 2341 absque
594 2287 674 2328 hac
701 2287 818 2328 clade
846 2288 1080 2329 adventitia
1106 2288 1305 2329 articulos
1332 2292 1375 2328 et
1406 2287 1589 2341 reliquas
1608 2262 1753 2301 dulgens.

119 2359 260 2409 partes
282 2355 524 2409 adjacentes
540 2356 635 2409 plus
657 2355 758 2396 satis
773 2356 935 2397 laxatas
955 2355 1085 2396 habet
1102 2361 1144 2396 et
1166 2355 1438 2407 debilitatas,)
1459 2368 1591 2408 aeque

119 2422 379 2476 improvidus
400 2437 496 2464 meo
519 2423 681 2478 judicio
708 2423 817 2464 foret
838 2423 874 2464 si
894 2423 984 2477 ejus
1005 2422 1227 2464 lenociniis
1247 2422 1505 2475 indulgeret,
1529 2427 1590 2462 at·

121 2504 203 2544 que
228 2490 313 2541 ille,
337 2492 422 2545 qui,
445 2505 541 2532 cum
574 2492 753 2545 longum
783 2492 864 2533 iter
885 2491 1176 2533 emetiendum
1198 2490 1443 2544 susceperit,
1471 2490 1590 2530 viati-

122 2572 224 2599 cum
246 2572 373 2599 omne
393 2559 509 2612 prius
531 2559 780 2613 abliguriret
797 2575 924 2614 quam
946 2574 990 2600 se
1011 2560 1101 2601 viae
1118 2559 1418 2600 committeret.
1453 2558 1590 2600 Quiu-

121 2626 211 2667 imo
240 2631 409 2680 praeter
440 2626 601 2666 malum
630 2626 742 2680 quod
770 2627 850 2667 sibi
882 2627 1070 2678 accersit,
1092 2626 1362 2680 languidiora
1386 2626 1475 2666 aevi
1501 2626 1591 2679 jam

121 2693 358 2734 fatiscentis
399 2693 608 2734 desideria
650 2708 740 2735 non
782 2694 997 2745 cohibens,
1038 2695 1223 2736 maximo
1263 2694 1336 2734 illo
1374 2694 1591 2747 privilegio

120 2762 292 2805 fruendi
313 2762 503 2817 jubilaei,
527 2762 640 2816 quod
666 2763 835 2817 speciali
861 2769 988 2817 atque
1014 2763 1167 2804 eximio
1200 2763 1394 2804 Naturae
1414 2776 1591 2803 munere

168 2889 179 2904 ⁸
205 2885 311 2927 officit]
332 2886 384 2917 Sic
401 2886 475 2926 Syd.
493 2885 526 2916 in
543 2887 675 2917 Elencho
695 2887 777 2923 Rern,
793 2885 828 2916 in
931 2888 939 2904 ²
963 2885 1015 2916 Cf.
1039 2896 1108 2926 sup.
1131 2887 1145 2925 ᾗ
1169 2887 1230 2921 38;
1259 2887 1380 2916 Observ-
1399 2887 1482 2916 Med.
1501 2886 1542 2916 iv.
1560 2886 1593 2918 7.

125 2930 219 2958 textu
235 2929 319 2960 male
335 2941 390 2960 mm
407 2931 506 2967 qffi'cil.
891 2929 930 2958 lo
947 2939 992 2969 sq.
1009 2942 1015 2964 ς
1043 2930 1176 2959 Dissert.
1193 2930 1292 2968 Epist.
1312 2929 1326 2966 ξ
1346 2929 1415 2959 116.

822 2983 896 3022 31,
