1985 3308
198 271 250 299 ΒΕ
270 270 379 299 Vnu-

193 321 270 341 oms
289 312 381 342 CON-

209 363 358 385 FLUENT.

198 886 368 917 Quomodo

197 929 320 958 accidat
337 932 371 957 ut

196 981 289 1009 aeger
304 971 336 1000 111

192 1014 293 1042 morbi
304 1013 383 1052 prin.

197 1055 280 1094 cipio
297 1055 383 1085 tolla-

196 1104 256 1127 tur.

198 1546 371 1585 Sanguinis

198 1589 383 1618 missionem

197 1642 260 1661 non
277 1632 358 1661 tanti

198 1685 266 1704 esse
282 1684 318 1703 ac

197 1717 342 1755 ejusdem

200 1765 383 1799 contempe-

199 1808 355 1831 rationem

200 1845 350 1883 probatur

200 1887 361 1917 instantia.

205 2437 372 2468 Quantum

201 2480 284 2509 valet
295 2482 386 2511 reite-

201 2529 266 2551 rata
283 2533 334 2552 ca-

200 2565 325 2599 tharsis,

202 2609 358 2645 sanguine

202 2650 345 2680 nondum

202 2692 376 2732 inquinato.

203 2769 365 2808 objectio-

203 2822 258 2841 nes
275 2818 383 2843 eontra

201 2855 345 2893 regimen

398 153 483 193 338
818 152 1075 194 THOMAE
1109 152 1449 195 SYDENHAM

401 258 482 299 His
503 258 723 312 (inquam,)
743 259 789 299 in
810 259 990 310 casibus,
1008 259 1283 313 praecipitem
1304 259 1433 299 nimis
1449 257 1721 312 pustularum
1739 271 1862 312 erup—

398 326 560 367 tionem
595 326 711 367 haud
742 327 940 380 equidem
976 327 1159 368 arbitror
1194 327 1295 367 satis
1327 325 1512 367 coerceri
1541 339 1676 379 posse,
1707 330 1803 365 tum
1838 339 1864 366 a

398 394 555 435 lectulo
584 394 851 445 abstinendo,
874 400 968 435 tum
996 396 1125 435 etiam
1154 409 1178 435 a
1202 394 1404 435 cardiacis
1418 410 1429 443 ;
1462 398 1505 434 at
1532 393 1705 447 sanguis
1732 393 1863 434 etiam

400 461 491 502 sine
531 460 686 502 horum
727 461 927 512 subsidio,
971 462 1201 515 spirituum
1240 461 1600 515 praefervidorum
1636 466 1679 502 et
1714 461 1864 502 morbo

400 542 688 581 congenerum
709 529 826 582 largo
848 543 962 582 penu
983 535 1145 579 auctus,
1168 543 1325 583 magno
1353 544 1451 570 cum
1471 530 1636 583 impetu
1655 534 1705 570 ut
1727 530 1863 582 emplo-

401 597 525 637 datur
557 597 689 650 quasi,
718 611 888 637 necesse
918 596 1072 646 habet3
1110 602 1237 649 atque
1272 597 1447 649 insuper
1476 601 1599 637 tanta
1633 596 1864 637 humorum

401 665 618 718 congeries
639 664 685 704 in
707 664 1009 704 exanthemata
1029 664 1221 713 facesset,
1245 670 1306 714 ut,
1328 678 1429 717 prae
1449 664 1584 704 nimia
1606 663 1723 717 puris
1745 663 1865 717 copia

400 733 445 772 in
467 732 721 785 sanguinem
742 731 1049 785 regurgitantis
1071 731 1149 771 sub
1164 732 1248 772 fine
1269 731 1419 782 morbi,
1443 745 1580 784 aeger,
1597 731 1717 785 quasi
1737 730 1864 772 obru-

400 805 483 850 tus,
506 800 593 839 fato
615 799 789 839 omnino
812 798 1075 839 succumbat.

467 867 580 920 [15.]
615 867 818 908 Quamxis
839 866 955 908 haud
980 880 1075 907 raro
1098 866 1358 907 fermentum
1382 864 1608 906 immodice
1630 864 1864 905 exaltatum

401 940 568 975 tantam
590 934 783 974 colluviei
799 935 1044 975 Va1=iolosae
1065 934 1150 974 vim
1172 933 1380 983 conficiat,
1402 938 1451 973 ut
1473 947 1611 986 aeger,
1633 931 1864 985 incipiente

403 1002 541 1042 adhuc
572 1001 732 1051 morbo,
762 1015 784 1042 e
815 1002 955 1042 medio
986 1002 1185 1051 tollatur3
1228 1016 1325 1042 cum
1357 1000 1515 1041 scilicet
1545 999 1724 1041 materia
1753 1013 1864 1039 mor-

401 1068 505 1109 bum
533 1069 817 1119 committens,
840 1075 934 1109 tum
959 1083 1059 1123 prae
1087 1069 1220 1109 nimia
1248 1070 1313 1110 sui
1341 1068 1472 1122 copia,
1493 1074 1588 1110 tum
1615 1083 1716 1122 prae
1743 1073 1866 1109 motu

400 1135 643 1176 inordinato
671 1149 718 1175 ac
746 1135 922 1176 confuso
952 1136 999 1176 in
1025 1137 1244 1190 sanguinis
1265 1152 1405 1178 massa
1431 1138 1627 1188 excitato,
1650 1151 1693 1177 se
1714 1136 1865 1190 nequit

402 1205 607 1245 extricare
641 1210 683 1245 et
710 1204 821 1245 foras
855 1204 1048 1255 educere,
1077 1206 1199 1259 cujus
1230 1205 1322 1247 loco
1350 1206 1505 1247 mictus
1534 1204 1794 1259 sanguineus
1822 1209 1865 1245 et

400 1286 638 1326 purpureae
659 1273 850 1313 maculae
871 1272 1114 1325 tragoediae
1131 1274 1400 1327 catastrophe
1416 1274 1539 1314 fiunt.
1593 1271 1720 1314 Quod
1736 1271 1865 1313 etiam

402 1347 443 1380 et
475 1341 520 1380 in
551 1340 769 1390 morbfllis,
799 1345 841 1380 et
871 1340 918 1380 in
947 1340 1063 1380 febre
1094 1342 1321 1381 scarlatina
1352 1341 1476 1391 dicta,
1507 1340 1769 1394 saepiuscule
1797 1354 1864 1380 oc-

402 1409 547 1458 currit,
577 1408 651 1448 11111
683 1408 843 1449 scilicet
873 1408 1172 1461 intempestiva
1202 1422 1329 1461 opera
1363 1408 1409 1448 in
1440 1407 1589 1448 iisdem
1621 1407 1675 1447 ad
1706 1407 1864 1461 erupti-

403 1490 529 1516 onem
550 1475 842 1516 vehementius
865 1476 1140 1516 sollicitandis
1161 1475 1387 1516 infeliciter
1408 1475 1651 1516 collocatur.

469 1543 577 1597 [16]
615 1546 769 1598 Neque
806 1545 1025 1597 sanguinis
1066 1543 1221 1593 missio,
1261 1544 1486 1596 (quantum
1525 1542 1632 1582 mihi
1665 1542 1862 1595 videtur)

403 1611 500 1651 licet
528 1618 694 1653 mature
721 1612 943 1662 celebrata,
971 1612 1032 1652 ita
1060 1611 1283 1652 efficaciter
1310 1624 1636 1664 praeproperam
1662 1610 1866 1650 materiae

404 1679 649 1720 Variolosae
680 1680 1026 1721 assimilationem
1055 1679 1251 1720 cohibere
1281 1679 1405 1729 valet,
1438 1692 1485 1718 ac
1517 1678 1736 1732 sanguinis
1767 1692 1866 1719 con-

404 1748 655 1801 temperatio
687 1748 738 1788 ab
771 1753 868 1789 a'ere
896 1748 1154 1797 intromisso,
1177 1747 1359 1787 maxime
1391 1746 1426 1786 si
1454 1746 1600 1786 statim
1630 1746 1682 1787 ab
1714 1746 1868 1787 emisso

406 1816 613 1868 sanguine
640 1830 766 1869 aeger
790 1816 948 1857 lectulo
975 1815 1281 1865 committatur,
1305 1820 1346 1855 et
1368 1814 1570 1855 cardiacis
1597 1814 1866 1855 calidioribus

405 1889 614 1924 mactetur
627 1901 638 1934 3
670 1884 735 1924 his
764 1884 923 1924 etenim
944 1884 1080 1924 modis
1106 1883 1278 1937 sanguis
1305 1883 1552 1937 propensior
1577 1882 1771 1923 redditur
1797 1897 1866 1924 ex-

405 1952 609 2004 cipiendis
636 1952 858 1992 adventitii
879 1952 1029 1992 caloris
1055 1951 1418 2005 impressionibus,
1442 1966 1569 2005 quam
1597 1956 1696 1992 ante
1716 1965 1866 1992 venae-

406 2020 636 2060 sectionem
660 2020 812 2060 fuerat.
873 2020 931 2060 Et
958 2025 1103 2060 sancte
1129 2033 1281 2070 assero,
1303 2019 1641 2073 insignissimum
1664 2019 1752 2060 fere
1778 2034 1866 2061 om-

404 2089 526 2129 nium
568 2103 671 2142 quos
706 2088 813 2129 mihi
853 2103 1044 2142 unquam
1078 2088 1220 2129 videre
1260 2088 1440 2142 contigit
1482 2103 1504 2129 e
1546 2088 1868 2130 Confluentium

405 2170 559 2209 genere
604 2156 815 2207 morbum,
857 2162 900 2197 et
942 2156 1014 2210 qui
1054 2171 1225 2210 aegram
1265 2156 1491 2198 undecimo
1532 2157 1600 2198 die
1639 2157 1866 2212 jugulavit,

399 2224 651 2277 juvenculae
683 2224 972 2278 supervenisse
1001 2224 1076 2265 ubi
1106 2224 1292 2278 primum
1320 2239 1344 2265 a
1373 2225 1679 2266 rheumatismo
1709 2225 1868 2266 usitata

404 2291 476 2332 illa
502 2292 704 2333 methodo
731 2293 923 2346 copiosae
951 2297 993 2333 et
1018 2293 1195 2333 iteratae
1219 2293 1570 2333 venae-sectionis
1596 2293 1735 2334 fuerat
1762 2293 1867 2334 libe-

404 2366 508 2400 rata.
571 2361 716 2413 Atque
742 2361 841 2401 hinc
869 2361 975 2400 mihi
996 2361 1179 2414 primum
1205 2361 1393 2401 innotuit
1420 2360 1754 2414 phlebotomiam
1779 2376 1868 2404 non

405 2427 579 2480 perinde
611 2434 738 2481 atque
767 2442 844 2482 ego
874 2428 991 2482 prius
1023 2428 1270 2478 arbitrabar,
1299 2428 1483 2469 Variolis
1512 2429 1628 2470 intra
1652 2430 1790 2484 justos
1816 2430 1866 2470 li-

406 2495 531 2536 mites
562 2496 807 2537 coercendis
839 2496 1099 2537 conducere:
1137 2497 1308 2537 tametsi
1339 2510 1644 2550 saepenumero
1675 2497 1866 2538 observa-

407 2563 538 2602 verim
557 2563 803 2604 reiteratam
824 2564 1051 2614 catharsin,
1069 2564 1276 2617 sanguine
1297 2564 1490 2605 nondum
1510 2565 1746 2618 inquinato,
1769 2565 1866 2606 sub-

407 2636 631 2684 sequentes
652 2632 846 2673 Variolas
872 2631 1104 2673 laudabiles
1126 2637 1167 2672 et
1189 2632 1425 2673 Distinctas
1445 2638 1495 2673 ut
1515 2633 1746 2686 plurimum
1772 2633 1866 2675 red-

408 2697 576 2739 didisse.

472 2766 578 2820 [17.]
617 2767 770 2821 Neque
805 2783 903 2809 vero
934 2783 1002 2809 me
1038 2768 1159 2819 fallit,
1193 2769 1405 2823 permulta
1440 2783 1529 2810 esse
1571 2784 1678 2823 quae
1719 2776 1868 2812 contra

407 2834 664 2873 sententiam
690 2834 800 2876 hanc
830 2842 1033 2886 nostram,
1062 2852 1146 2890 qua
1166 2852 1342 2891 aegrum
1368 2837 1556 2878 interdiu
1583 2838 1692 2879 lecto
1721 2839 1866 2879 eximi-

200 2898 514 2949 moderatummus,
542 2902 705 2953 possint
734 2904 872 2957 objici,
905 2919 1037 2958 eaque
1064 2905 1180 2947 haud
1206 2906 1347 2959 exigui
1374 2911 1469 2946 tum
1497 2906 1610 2959 apud
1642 2906 1866 2948 hominum
