1985 3308
418 150 504 191 496
835 147 1093 191 THOMAE
1128 148 1471 191 SYDENHAM

215 263 399 295 DssNovn:
417 258 480 300 bit
493 276 505 309 3
542 272 641 300 cum
671 257 787 300 enim
816 257 1018 312 poculum
1047 262 1164 297 recta
1192 256 1307 296 linea
1337 256 1399 297 ori
1429 255 1651 297 admovere
1681 259 1880 310 nequeat,

244 308 375 338 Ennius

215 350 394 380 Ixonzssu

215 951 298 990 Ejus
314 962 369 982 cu-

212 995 302 1025 ratio.

419 327 602 368 deducta
632 341 657 368 a
687 339 854 381 spasmo
883 340 1030 375 manu,
1051 325 1136 365 huc
1162 324 1262 364 illuc
1292 323 1540 376 aliquandiu
1569 328 1720 375 versat,
1747 324 1883 365 donec

417 396 594 438 tandem
628 395 737 436 forte
769 394 943 435 fortuna
976 393 1084 433 illud
1115 391 1243 432 labris
1278 391 1452 445 propius
1488 406 1716 446 apponens,
1747 392 1882 446 liquo-

416 479 509 506 rem
549 465 778 518 derepente
811 463 856 502 in
892 476 937 503 os
972 460 1124 514 injicit,
1162 464 1290 513 atque
1328 459 1447 500 avide
1482 459 1638 510 haurit,
1675 464 1884 513 tanquam
1944 482 1955 487 -=

417 532 606 572 misellus
650 531 696 571 id
734 534 909 571 tantum
953 532 1097 581 ageret
1144 532 1193 567 ut
1236 527 1380 568 dedita
1423 542 1551 581 opera
1591 527 1884 582 spectantibus
1946 535 1956 582 j

416 599 550 639 risum
590 601 790 638 moveret.
853 596 964 636 Cum
1005 595 1181 635 affectus
1222 596 1302 636 iste
1344 595 1396 637 ab
1436 596 1615 638 humore
1657 597 1797 650 aliquo
1835 597 1884 637 in

417 681 566 707 nervos
587 666 777 706 irruente
799 677 981 717 quorum
1007 663 1246 704 imitatione
1273 663 1515 704 istiusmodi
1534 668 1677 705 motus
1697 668 1882 717 praeter-

417 733 633 774 naturales
656 731 966 786 producuntur,
988 730 1174 784 pendere
1200 731 1306 771 mihi
1332 731 1547 772 videretur
1559 749 1570 782 3
1602 731 1882 773 indicationes

417 802 626 843 curativas
647 800 835 854 primum
860 799 914 839 ad
934 799 1135 840 humores
1159 799 1252 840 illos
1273 803 1363 839 tam
1388 800 1728 841 venae-sectione
1755 799 1884 853 quam
1932 851 1942 854 -

415 869 669 924 purgatione
699 867 968 918 minuendos,
1001 867 1100 908 dein
1136 868 1190 908 ad
1222 869 1582 910 corroborandum
1617 882 1752 922 genus
1787 882 1883 909 ner-

416 953 577 989 vosum,
600 938 776 979 omnino
809 937 1051 991 dirigendas
1087 938 1324 979 censebam.
1388 937 1530 980 Quem
1561 938 1608 978 in
1639 938 1770 978 finem
1804 938 1885 979 hac

416 1012 515 1048 utor
542 1006 768 1047 methodo:
809 1006 1074 1059 Sanguinem
1105 1020 1156 1047 ex
1181 1007 1296 1060 aegri
1328 1006 1501 1048 brachio
1533 1006 1586 1047 ad
1612 1006 1761 1047 uncias
1792 1020 1884 1060 sep-

416 1082 518 1127 tem,
552 1076 649 1130 plus
683 1075 749 1116 vel
783 1075 926 1115 minus
958 1089 1034 1128 pro
1065 1075 1232 1116 ratione
1269 1076 1434 1126 aetatis,
1469 1075 1593 1116 educi
1623 1075 1778 1130 jube03
1816 1075 1884 1116 die

417 1150 621 1199 sequente
656 1145 722 1186 vel
756 1143 976 1184 dimidiam
1016 1148 1183 1197 partem
1222 1144 1289 1184 vel
1330 1143 1533 1198 quiddam
1573 1144 1755 1197 amplius
1793 1144 1885 1198 (pro

415 1214 581 1255 ratione
613 1214 679 1254 vel
711 1212 876 1263 aetatis,
898 1212 964 1252 vel
995 1212 1125 1252 etiam
1155 1212 1327 1267 majoris
1358 1212 1586 1253 minorisve
1617 1212 1802 1266 corporis
1830 1211 1885 1253 ad

417 1282 685 1323 subeundam
718 1280 933 1322 catharsin
975 1280 1246 1334 aptitudine,)
1284 1281 1469 1334 potionis
1509 1281 1733 1334 purgantis
1774 1294 1884 1322 com-

415 1351 559 1391 munis
591 1356 740 1404 suprax
773 1349 1007 1403 descriptae
1043 1350 1109 1402 (ex
1138 1349 1402 1400 tamarindis,
1434 1349 1545 1390 foliis
1577 1363 1747 1400 sennae,
1769 1350 1880 1402 etc.,)

417 1420 620 1470 exhibeo,
654 1419 817 1473 vesperi
837 1418 1089 1459 haustulum
1110 1423 1359 1472 sequentem
1381 1419 1559 1472 propino
1575 1435 1644 1459 :—

419 1515 550 1556 [Form.
572 1517 664 1560 108]
672 1526 690 1550 y
722 1513 763 1557 R
790 1515 913 1558 Aquae
932 1514 1139 1548 Cerasorum
1158 1514 1349 1558 Nigrorum
1367 1515 1507 1547 unciam
1526 1525 1647 1554 unam,

743 1560 747 1565 ¹
790 1573 912 1617 Aquae
930 1572 1150 1616 Epilepticae
1168 1571 1297 1616 Langii
1316 1570 1498 1605 drachmas
1516 1576 1594 1612 tres,

792 1630 982 1663 Theriaeae
1003 1628 1237 1662 Andromachi
1256 1630 1380 1662 veteris
1397 1629 1598 1674 scrupulum
1616 1640 1738 1670 unum,

793 1687 956 1721 Laudani
975 1686 1117 1731 Liquidi
1135 1692 1253 1732 guttas
1271 1692 1368 1726 oct03

606 1746 687 1780 Fiat
702 1745 858 1780 haustus.

482 1828 590 1882 [20]
629 1828 856 1869 Potionem
887 1827 1013 1868 istam
1047 1827 1325 1868 catharticam
1358 1827 1411 1867 ad
1445 1830 1531 1867 tres
1566 1827 1676 1868 vices
1710 1827 1884 1868 alternis

418 1895 567 1936 diebus
598 1896 876 1949 repetendam
906 1895 1158 1949 praescrib0‚
1185 1900 1228 1936 et
1260 1895 1462 1936 haustum
1488 1897 1782 1950 paregoricum
1813 1897 1883 1938 iis-

417 1964 515 2005 dem
542 1965 753 2004 noctibus.
816 1964 970 2004 Postea
991 1964 1243 2017 sanguinem
1264 1978 1410 2004 rursus
1437 1965 1600 2005 extrahi
1627 1979 1729 2006 curo
1741 1983 1754 2016 3
1785 1965 1885 2007 dein

415 2038 465 2073 ut
487 2033 541 2073 ad
562 2033 790 2083 cathal-sin,
813 2033 878 2072 uti
897 2033 1028 2086 prim,
1052 2046 1176 2086 aeger
1202 2037 1452 2073 revertatur.
1513 2033 1657 2087 Atque
1677 2033 1739 2074 ita
1759 2034 1883 2075 alter-

415 2101 554 2141 natim
575 2101 829 2155 sanguinem
849 2101 988 2152 mitto,
1013 2106 1055 2142 et
1084 2101 1274 2141 subduco
1303 2102 1456 2152 almm,
1475 2101 1609 2142 donec
1630 2116 1756 2156 aegro
1776 2117 1885 2144 vena

415 2174 482 2210 ter
516 2174 714 2223 quaterve
750 2169 879 2210 fuerit
914 2170 1060 2220 incisa,
1095 2174 1137 2210 et
1169 2174 1264 2223 post
1298 2169 1486 2222 singulas
1521 2171 1883 2212 venae-sectiones

415 2238 542 2278 toties
575 2237 703 2278 fuerit
736 2242 945 2291 purgatus
982 2238 1144 2291 quoties
1179 2238 1287 2278 vires
1320 2238 1430 2279 ferre
1463 2252 1584 2291 posse
1613 2239 1882 2290 viderentur3

417 2320 466 2346 eo
501 2311 648 2347 tamen
682 2306 887 2360 temporis
922 2306 1057 2359 spatio
1092 2306 1206 2346 inter
1241 2306 1423 2346 alternas
1461 2307 1753 2348 evacuationes
1789 2306 1882 2348 dili-

418 2378 569 2427 genter
609 2373 842 2425 observato,
883 2379 934 2415 ut
973 2374 1082 2414 nihil
1121 2374 1221 2414 inde
1261 2374 1439 2427 pericuh‘
1480 2389 1607 2428 aegro
1645 2375 1881 2417 immineat.

417 2442 581 2483 Diebus
601 2456 626 2483 a
644 2443 900 2496 purgatione
921 2442 1063 2483 vacuis
1085 2442 1306 2496 sequentia
1326 2443 1565 2496 praescribo
1584 2460 1654 2484 :—

419 2544 552 2584 [Form.
574 2544 691 2584 109.]5
723 2544 762 2595 R
792 2546 987 2581 conservae
1003 2547 1181 2580 Absinthii
1198 2546 1362 2588 Romani,

795 2605 1024 2646 [Conservae]
1040 2604 1239 2638 Flavedinis
1249 2605 1512 2647 Auranfiorum,
1527 2617 1594 2640 ana
1611 2607 1751 2641 unciam
1764 2618 1883 2649 unam,

793 2662 988 2696 conservae
1005 2662 1141 2696 Anthos
1159 2663 1397 2703 semiunciam,
1865 2653 1869 2658 ’

793 2719 984 2754 Theriacae
1001 2720 1238 2754 Andromaehi
1255 2720 1391 2759 veteris,

793 2777 829 2810 N
832 2778 906 2811 ucis
923 2777 1130 2812 Moschatae
1148 2777 1331 2819 conditae,
1349 2790 1418 2812 ana
1435 2778 1618 2812 drachmas
1634 2784 1712 2819 tres,

794 2835 995 2870 Zinziberis
1013 2835 1155 2870 Conditi
1173 2835 1376 2870 drachmam
1393 2847 1512 2877 unam,

506 2940 522 2955 x
549 2935 597 2965 Cf.
616 2935 740 2966 sommi.
760 2939 788 2973 S,
807 2939 857 2974 24,
876 2938 933 2968 δῖε.
1381 2944 1397 2967 5
1422 2939 1470 2969 Cf.
1488 2939 1610 2969 forrum.
1632 2939 1703 2974 181,
1722 2939 1792 2969 182.
