1985 3308
367 154 454 192 444
783 153 1040 195 THOMAE
1074 153 1413 195 SYDENHAM

176 269 231 299 Di:
250 269 339 299 Por>-
371 257 610 312 quantitate
646 259 710 300 vel
746 260 950 313 qualitate
986 260 1071 300 sive
1110 265 1236 313 potus
1273 259 1358 300 sive
1395 259 1587 300 ciborum
1621 264 1836 313 peccetur.

212 321 317 342 ΝΜ·
370 327 524 380 Neque
544 327 592 367 in
611 326 691 367 hoc
709 327 808 377 solo,
818 327 898 369 sed
918 328 964 367 in
981 327 1061 367 alio
1078 327 1195 367 omni
1216 325 1424 380 regimine
1441 326 1509 379 (de
1532 340 1614 379 quo
1635 327 1771 367 fusius
1792 327 1836 382 [ξ

372 396 427 436 52
449 395 530 449 sq.]
559 395 654 448 egi,)
680 395 725 435 in
755 395 986 435 intervallis
1017 394 1291 444 observando,
1315 394 1480 435 cautela
1509 394 1627 435 haud
1653 395 1839 448 vulgaris

372 462 614 503 adhibenda
635 467 711 503 est.
745 463 801 503 Et
822 462 920 503 licet
941 469 1031 502 tam
1053 462 1171 502 dolor
1191 475 1320 515 quam
1333 476 1492 515 magna
1513 462 1567 502 ad
1587 467 1754 503 motum
1774 462 1840 503 in-

371 531 571 572 habilitas
592 532 789 572 exercitio
815 531 944 586 (quod
975 544 1054 583 ego
1075 543 1175 583 prae
1207 531 1384 571 caeteris
1416 531 1615 572 omnibus
1639 531 1837 584 laudavi,)

373 599 730 640 contra-indicare
751 599 990 648 videantur,
1009 603 1156 638 tamen
1173 603 1215 639 et
1232 598 1300 638 hic
1313 598 1434 639 labor
1450 599 1736 640 exantlandus
1752 613 1840 640 om-

170 681 200 711 A
216 685 307 710 motu
373 668 477 708 nino
500 672 586 708 est:
620 666 853 720 quamlibet
881 666 996 706 enim
1017 666 1063 706 in
1084 666 1326 720 paroxysmi
1351 667 1476 708 initio
1502 681 1628 721 aegro
1648 667 1841 721 impossi-

172 733 284 754 ⁰¹¹m¹s
294 722 355 752 mi·
374 736 459 776 bile
480 736 672 775 videatur
687 740 735 775 ut
756 734 961 774 lationem
977 733 1024 774 in
1040 748 1226 784 currum,
1242 735 1379 775 multo
1394 735 1538 775 minus
1555 736 1646 789 ejus
1661 741 1842 787 motum,

219 777 231 795 s
247 765 333 795 dole-

170 777 219 839 gii
235 818 331 847 quam
374 804 483 844 ferre
505 808 633 858 queat
650 820 661 853 3
694 807 885 843 attamen
902 802 935 842 si
956 802 1002 843 id
1022 802 1264 853 tentaverit,
1282 817 1371 843 non
1392 803 1453 844 ita
1475 803 1549 843 diu
1568 808 1664 857 post
1686 804 1843 845 sentiet

171 851 349 932 ἒζῃρῗξιῗίἰζ,
376 885 419 912 se
440 872 582 912 minus
604 885 628 911 a
648 871 724 911 tali
751 876 873 926 motu
904 870 1046 911 dolere
1078 885 1206 924 quam
1239 885 1338 911 cum
1366 885 1410 912 se
1430 871 1476 911 in
1498 871 1701 912 cathedra
1729 871 1845 912 domi

172 947 269 967 ⁰⁶¹¹⁵²
321 986 328 992 ,
376 939 627 980 contineret.
689 938 742 979 Id
768 939 942 992 insuper
970 938 1132 980 accedit
1160 939 1451 990 emolumenti,
1480 940 1515 980 si
1543 939 1596 980 ad
1623 939 1748 980 horas
1769 939 1843 980 ali-

173 992 346 1060 }„fflsssstf
377 1012 479 1061 quot
499 1012 602 1057 tam,
624 1021 750 1047 mane
773 1021 901 1060 quam
928 1012 1023 1060 post
1050 1007 1273 1048 meridiem
1292 1007 1339 1048 in
1365 1021 1493 1048 curru
1526 1012 1672 1048 vectus
1698 1008 1842 1058 fuerit,

171 1072 332 1145 ζᾟῧῐῑωῑ
378 1074 502 1129 quod,
520 1089 619 1115 cum
644 1075 759 1115 domi
779 1079 871 1115 toto
893 1074 960 1115 die
983 1074 1160 1125 sederet,
1182 1081 1354 1116 noctem
1374 1075 1462 1116 fere
1484 1075 1725 1116 insomnem
1746 1089 1844 1129 age-

270 1138 276 1150 ’
375 1150 454 1195 ret,
472 1145 561 1198 jam
594 1145 780 1185 dolorem
811 1158 960 1185 somno
992 1144 1046 1184 ad
1076 1144 1258 1184 multam
1288 1150 1460 1185 noctem
1488 1144 1637 1197 fugare
1658 1144 1815 1198 poterit
1832 1161 1843 1194 ς

377 1228 474 1255 cum
497 1213 741 1254 exercitatio
754 1213 996 1266 permodica
1012 1212 1207 1266 Podagra
1222 1212 1489 1253 laborantem
1511 1226 1696 1266 eousque
1710 1212 1844 1253 delas-

175 1292 318 1338 calculus
378 1288 442 1323 set
466 1288 515 1322 ut
540 1282 586 1322 in
611 1296 809 1323 somnum
832 1281 1058 1322 dilabatur.
1119 1281 1244 1321 Adde
1276 1281 1389 1334 quod
1419 1281 1567 1322 eadem
1599 1280 1845 1322 exercitatio

172 1341 348 1419 3333ssth
379 1351 603 1399 calculum,
622 1363 748 1403 quem
768 1349 855 1389 vita
875 1349 994 1390 deses
1016 1363 1064 1389 ac
1084 1348 1197 1389 iners
1213 1354 1262 1389 ut
1278 1349 1514 1402 plurimum
1535 1349 1724 1399 accersit,
1744 1363 1844 1402 qua-

175 1428 323 1456 cavetur;
380 1419 592 1459 dantenus
622 1417 901 1471 praecavebit.
976 1417 1104 1458 Quod
1140 1430 1238 1457 vero
1276 1417 1450 1457 maximi
1480 1417 1689 1458 momenti
1719 1421 1795 1466 est,
1821 1430 1847 1456 a

175 1473 347 1545 ἓξὲιζξῐζῗί·
375 1486 469 1540 jugi
491 1500 537 1527 ac
559 1485 765 1539 pertinaci
782 1485 980 1526 exercitio
1002 1490 1248 1526 occurretur
1268 1485 1390 1525 totali
1411 1489 1583 1525 artuum
1605 1485 1658 1525 ad
1678 1490 1846 1526 motum

175 1564 305 1588 artuum
322 1558 361 1588 ad
379 1554 668 1607 impotentiae,
684 1568 793 1608 quae
809 1553 925 1594 haud
940 1553 1085 1607 paucis
1107 1553 1258 1593 accidit
1276 1559 1369 1606 post
1386 1567 1688 1606 paroxysmum
1708 1567 1846 1593 unum

174 1607 335 1683 ξζῗὲἓζὲῃ
381 1623 613 1663 alterumve
636 1622 959 1671 diutiu‘niorem‚
983 1621 1211 1661 contractis
1240 1621 1325 1661 sive
1352 1621 1575 1674 poplitum,
1599 1621 1684 1661 sive
1711 1621 1844 1661 calca-

175 1686 363 1758 triiffiroecur‘
381 1705 571 1740 neorum,
589 1689 856 1731 tendinibus:
882 1690 984 1729 dum
1001 1689 1115 1729 enim
1136 1689 1182 1729 in
1204 1689 1396 1729 cruciatu
1416 1689 1606 1742 longiore
1629 1688 1761 1742 quieti
1781 1688 1846 1728 in-

257 1751 264 1759 ’
381 1759 602 1808 dulserint,
639 1758 835 1810 (maxime
870 1771 993 1797 crura
1032 1758 1228 1798 nolentes
1265 1757 1493 1797 extendere
1525 1756 1688 1810 quoties
1729 1756 1848 1797 dolor

381 1841 496 1880 genu
517 1826 811 1879 occupaverit)
835 1825 1011 1865 tandem
1043 1839 1216 1865 crurum
1248 1839 1294 1865 ac
1315 1825 1473 1878 pedum
1504 1830 1626 1865 motu
1651 1839 1727 1878 per
1750 1824 1847 1865 reli-

381 1909 516 1949 quum
537 1895 647 1934 vitae
669 1899 838 1946 tempus
861 1893 998 1934 orbati
1023 1898 1138 1943 sunt,
1161 1898 1251 1933 tam
1278 1893 1325 1933 in
1346 1907 1694 1947 paroxysmorum
1715 1892 1847 1933 'mter-

354 1998 365 2003 „
383 1962 507 2002 stitiis
526 1977 653 2015 quam
674 1962 720 2001 in
741 1961 841 2015 ipsis
863 1962 1139 2015 paroxysmis,
1157 1975 1263 2016 quos
1279 1975 1369 2002 non
1384 1961 1446 2002 ita
1460 1967 1606 2002 tamen
1620 1961 1846 2014 effugiunt.

180 2044 285 2075 Morbi
302 2044 349 2075 di·
385 2032 588 2074 Quinimo
609 2033 654 2072 in
674 2032 724 2072 iis
748 2032 920 2073 senibus
949 2047 1130 2086 quorum
1159 2033 1453 2073 concoctiones
1476 2032 1707 2073 admodum
1727 2031 1848 2072 vitia-

177 2088 353 2160 Ξῖᾗξίζῗζξ]
382 2106 452 2141 tae
474 2106 587 2151 sunt,
606 2106 648 2141 et
680 2100 752 2153 qui
778 2115 802 2140 a
825 2100 974 2141 morbo
1006 2114 1081 2154 per
1112 2100 1270 2141 multos
1303 2115 1437 2141 annos
1469 2100 1683 2153 affligente
1712 2099 1849 2153 ipsam

180 2173 302 2221 (51³in
321 2184 363 2203 se
385 2169 568 2222 corporis
602 2168 885 2209 substantiam
909 2168 1028 2222 quasi
1055 2168 1101 2208 in
1129 2168 1370 2222 Podagram
1394 2168 1555 2208 habent
1589 2181 1849 2218 conversam,

178 2216 368 2298 ζ’ἓζῗιΐζυς
385 2236 494 2276 nihil
523 2236 666 2276 minus
704 2235 961 2289 sperandum
992 2241 1055 2277 est
1087 2250 1215 2289 quam
1247 2241 1295 2276 ut
1327 2235 1497 2276 morbus
1530 2235 1620 2276 sine
1652 2234 1850 2275 exercitio

181 2308 293 2341 speret.
386 2304 439 2344 ad
480 2304 763 2357 digestionem
803 2304 1061 2358 perducatur
1100 2318 1317 2356 unquam:
1370 2317 1468 2344 cum
1515 2303 1630 2343 enim
1675 2302 1850 2343 morbus

385 2372 599 2412 Naturam
619 2372 779 2413 viribus
801 2378 984 2425 superet,
1007 2386 1130 2425 saepe
1161 2372 1403 2412 moriuntur
1434 2386 1458 2411 a
1484 2371 1690 2424 languore
1723 2376 1851 2424 atque

386 2440 653 2493 aegritudine
691 2454 797 2494 quae
836 2440 997 2481 fomitis
1037 2439 1223 2480 morbosi
1264 2439 1384 2492 copia
1428 2439 1747 2479 concoctionem
1785 2452 1850 2479 re-

387 2508 576 2561 spuentis
598 2513 791 2561 apportat
808 2525 820 2558 3
853 2513 894 2548 et
920 2508 972 2548 ab
994 2508 1073 2548 hac
1094 2508 1272 2548 materia
1298 2507 1580 2557 inconcoctili,
1604 2520 1710 2560 quae
1731 2506 1851 2547 nullo

385 2576 512 2616 modo
532 2581 670 2629 potest
693 2576 927 2626 assimilari,
949 2581 1156 2629 tanquam
1178 2590 1203 2616 a
1221 2589 1385 2616 veneno
1406 2580 1652 2615 enecantur.

186 2655 224 2684 In
239 2665 300 2694 quo
318 2666 369 2685 ca-
453 2645 517 2697 [6]
532 2644 560 2697 .]
598 2644 807 2684 Attamen
831 2659 919 2684 non
941 2644 1211 2685 obstantibus
1232 2644 1283 2684 iis
1311 2657 1418 2697 quae
1445 2644 1496 2684 de
1522 2642 1711 2683 exercitii
1735 2642 1850 2683 utili-

186 2698 344 2769 {ssdlffgssf
386 2716 475 2751 tate
497 2712 541 2751 in
563 2711 782 2764 Podagrae
811 2711 1070 2765 paroxysmis
1099 2711 1211 2752 dicta
1239 2717 1354 2762 sunt,
1378 2711 1412 2751 si
1439 2717 1584 2752 tamen
1606 2725 1731 2764 aeger
1750 2724 1851 2764 prae

184 2783 360 2812 necessaria
388 2779 521 2819 nimia
552 2780 792 2833 paroxysmi
825 2780 1047 2820 atrocitate
1082 2779 1219 2832 primo
1253 2779 1397 2820 statim
1430 2779 1594 2819 insultu
1615 2778 1734 2831 quasi
1754 2793 1852 2832 pro-

184 2830 278 2859 su¹¹t²
390 2851 547 2886 stratus
582 2847 724 2897 fuerit,
758 2848 886 2901 (quod
921 2847 1013 2888 istis
1048 2847 1135 2888 fere
1171 2862 1252 2887 usu
1272 2847 1388 2888 venit
1415 2847 1461 2887 in
1483 2846 1634 2900 quibus
1656 2846 1854 2899 Podagra

384 2914 473 2966 jam
494 2913 630 2964 ἀκμήν
650 2929 769 2955 suam
797 2915 953 2967 attigit,
975 2929 1054 2956 nec
1082 2915 1220 2955 adhuc
1243 2929 1266 2955 a
1286 2915 1519 2955 multorum
1547 2927 1757 2954 annorum
1779 2914 1851 2955 de-
