1985 3308
251 109 329 146 648
366 110 371 114 “

844 107 1020 145 -INDEX
1049 104 1253 144 RERUM.

246 204 423 242 >ascribitur
445 210 640 242 diuturnitas
654 209 840 241 morborum
855 218 1023 250 perversae
1049 208 1052 237 ί
1080 207 1162 243 449;
1185 207 1219 237 in
1234 206 1356 238 morbis
1379 206 1494 245 acutis,
1516 210 1548 238 et
1571 206 1729 238 chronicis
1745 207 1851 248 requi-

249 263 346 284 curae
363 254 478 292 debita,
490 256 550 290 543
575 263 733 294 quaenam
749 253 865 283 habeat
881 256 1023 292 sympto-

251 301 349 334 mata,
366 297 446 333 607;
477 297 671 337 quibusnam
693 301 834 332 curetur,
849 295 924 331 607,
939 296 1021 329 608ς

1078 255 1204 286 runtur,
1218 250 1276 286 18,
1301 250 1342 281 ad
1355 251 1530 291 podagram
1545 251 1664 291 ignota,
1674 251 1756 287 449;
1780 260 1851 291 spe-

1080 292 1209 323 cificum
1237 293 1272 323 in
1302 293 1445 323 febribus
1475 293 1639 324 intermitt.
1670 298 1719 324 est
1744 298 1854 324 cortex

251 338 425 380 aliquando
448 340 544 370 febris
563 344 736 380 quartanae
759 343 942 378 symptoma
965 342 1022 373 est,
1081 335 1210 372 Peruv„
1236 337 1318 372 453;
1355 336 1388 366 in
1412 336 1466 366 lue
1486 346 1621 366 venerea
1648 336 1854 376 esset‚·quod

251 382 303 414 74.
349 384 512 414 Scorbutus
540 384 592 413 ubi
621 384 741 417 desiuit,
765 382 810 411 ibi
835 383 943 419 incipit
965 382 1021 419 hy-

250 427 350 464 drops,
361 425 504 466 vulgaris
517 425 639 465 regula,
652 423 812 465 quomodo
828 423 1022 463 accipienda,

295 511 501 541 Scrobiculus
523 510 627 541 cordis
648 509 684 539 in
705 507 835 539 variolis
859 507 944 538 dolet
959 507 1024 538 fere

249 563 389 594 semper,
407 556 477 584 120.

295 597 399 627 Scroti
424 595 634 626 inflammatio
657 598 689 624 et
712 598 820 624 tumor
845 592 879 623 in
905 603 1021 633 gonor-

250 639 347 670 rhoea
368 639 463 669 virul.
483 638 569 668 unde
593 638 722 674 oriatur,
738 638 812 675 311,
829 636 910 672 316;
941 646 1021 676 quo-

251 683 347 712 modo
363 687 503 717 curetur,
521 682 592 712 318.

296 725 434 755 Secretio
450 734 507 765 per
521 724 634 759 faeces,
652 726 684 753 et
698 732 755 763 per
769 721 875 759 ssoreS,
891 722 942 758 62,
960 722 1010 753 69.

294 769 482 798 Secundaria
493 767 578 797 dicta
593 766 699 802 febris,
712 765 762 795 vel
779 771 810 795 et
821 767 959 804 putrida,
972 764 1023 794 vel

249 813 472 846 matur-ationis,
495 809 625 839 variolis
662 808 754 838 confi.
786 808 1023 848 superveniens,

254 854 325 890 141,
352 855 425 888 333,
450 854 532 887 3543
572 851 732 892 quomodo
758 851 924 886 excitetur,
949 852 1022 886 335,

251 897 324 932 354,
339 897 400 926 513
415 906 479 936 sq.;
504 895 538 925 in
553 895 673 925 mitiori
689 894 794 934 specie
810 894 861 923 die
887 894 975 930 11m0,
991 893 1024 923 in

250 939 402 969 mediocri
427 949 543 979 genere
572 938 653 975 14t0,
668 937 702 967 in
726 937 827 977 pejori
855 937 932 968 17ιῃο
956 936 1024 966 fieri

250 982 341 1018 solet,
359 984 432 1016 333,
447 983 520 1016 514,
538 981 619 1016 565;
644 990 706 1021 quo
722 980 850 1020 parcius
874 979 1023 1018 sanguini

249 1035 311 1065 pus
327 1025 550 1061 admisceatur,
565 1034 602 1054 eo
614 1023 724 1059 levior,
737 1023 798 1053 336
811 1035 818 1058 3
834 1022 1022 1059 remedium,

295 1111 394 1141 Senes
415 1115 446 1141 et
469 1113 670 1141 senescentes
693 1108 815 1139 febrem
832 1112 1023 1148 quartanam

250 1153 379 1184 difficile
401 1154 518 1189 ferunt,
538 1153 598 1188 74;
627 1153 705 1182 item
727 1151 1024 1181 venae—sectionem

249 1196 283 1226 in
307 1197 458 1233 febribus,
476 1197 528 1232 41,
545 1197 605 1231 42,
635 1204 727 1224 senes
749 1194 783 1224 in
805 1194 947 1224 febribus
970 1193 1022 1223 in-

249 1241 392 1276 termitt„
409 1239 593 1270 catharticis
609 1237 777 1273 debilitati,
793 1247 886 1276 saepe
899 1236 932 1266 in
948 1246 1022 1276 par-

250 1283 376 1322 oxysmi
411 1282 515 1323 primo
550 1282 658 1321 vigore
694 1280 778 1310 diem
809 1280 937 1315 obeunt,
962 1281 1022 1315 843

249 1326 370 1356 morbis
386 1325 544 1356 chronicis
559 1334 657 1364 quare
677 1322 783 1363 magis
798 1332 896 1363 quam
912 1322 1021 1362 junio-

249 1378 300 1398 res
317 1369 456 1404 obnoxii,
467 1369 546 1403 429;
570 1367 603 1397 in
619 1367 769 1407 podagra,
783 1366 850 1396 sine
862 1365 1024 1402 exercitio,

249 1421 418 1451 nunquam
434 1411 580 1442 levamen
596 1410 750 1444 obtinent,
768 1410 841 1439 444.

295 1455 409 1484 Serum
439 1454 533 1484 lactis
558 1454 592 1483 in
621 1451 814 1493 dysenteria,
844 1450 914 1488 175,
940 1450 1021 1487 576;

249 1496 283 1527 in
298 1498 385 1527 febre
399 1497 565 1532 variolosa,
583 1495 747 1526 diarrhoea
769 1499 914 1529 vexante,
941 1494 1001 1525 157
1015 1506 1021 1529 3

250 1540 284 1569 in
297 1540 538 1574 rheumatismo,
549 1541 627 1573 300;
645 1539 677 1568 in
693 1537 814 1567 morbis
828 1536 1022 1576 quibusdam

250 1582 519 1613 venae-sectionis
534 1582 604 1611 loco
620 1580 769 1611 substitui
786 1583 902 1619 posset,
920 1580 992 1610 300.

293 1627 442 1662 Slmnlcer,
458 1624 664 1655 ulcusculum
685 1623 718 1652 in
741 1622 899 1662 pudendis
914 1632 953 1652 ex
968 1621 1021 1651 lue

249 1678 396 1705 venerea,
410 1668 443 1698 in
457 1668 650 1708 quibusnam
666 1666 842 1706 contingat,
855 1669 887 1695 et
901 1664 933 1694 in
951 1665 1022 1705 qui-

248 1711 386 1742 busnam
402 1721 477 1746 non,
496 1711 567 1746 309,
585 1711 657 1740 310.

294 1755 429 1784 Siccitas
455 1758 486 1783 et
510 1753 645 1789 sudatio,
668 1751 702 1781 in
724 1750 878 1786 febribus,
901 1749 1022 1790 species

249 1798 419 1837 praecipue
447 1796 660 1835 distinguunt,
681 1795 761 1829 236;
799 1793 926 1823 siccitas
949 1802 1020 1832 par-

249 1840 332 1870 tium
349 1844 555 1870 externarum
570 1837 603 1867 in
622 1837 706 1867 febre
730 1836 849 1867 contin.
867 1835 943 1865 anni
959 1836 1020 1872 ’61,

250 1884 312 1918 39;
348 1883 474 1912 siccitas
494 1880 693 1911 validissima
714 1889 798 1909 anno
821 1879 870 1908 ’81
898 1888 969 1908 vere
992 1883 1025 1908 et

248 1930 368 1956 aestate
383 1924 528 1960 invaluit,
542 1924 622 1958 332;
641 1928 671 1953 et
685 1922 823 1952 variolas
834 1921 930 1951 istius
946 1930 1021 1951 con-

249 1969 312 2000 stit.
331 1968 487 1998 acutiores
501 1967 649 2002 reddidit,
667 1967 740 2001 332,
757 1966 832 1994 333.

292 2013 445 2042 Sideratio
467 2009 597 2040 rusticis
621 2008 738 2039 dicitur
760 2007 858 2038 febris
880 2005 1022 2047 erysipe-

247 2053 361 2089 latosa,
377 2054 450 2084 262.

293 2095 615 2137 Simplicissimorum
625 2094 932 2125 medicamentorum
940 2091 1022 2129 laus,

293 2181 457 2222 Singultui
481 2180 641 2222 quomodo
665 2178 872 2215 medendum,
896 2178 948 2215 60,
969 2178 1023 2216 61,

247 2227 321 2262 491,
343 2227 415 2256 492.

293 2269 369 2299 Sitis
392 2269 517 2298 intensa
543 2266 576 2296 in
601 2263 797 2306 hydropiciS,
818 2263 914 2302 unde,
938 2264 1020 2300 456;

249 2311 410 2353 quomodo
426 2310 576 2346 fallenda,
593 2310 666 2340 472.

292 2353 511 2385 Somnolentia
526 2352 664 2382 variolas
678 2350 817 2390 regular.
835 2349 931 2380 discr.
945 2359 1019 2391 pro-

249 2399 371 2429 dituras
387 2396 574 2437 praecedere
590 2395 682 2430 solet,
699 2394 772 2424 120.

293 2441 433 2471 Somnus
441 2440 475 2469 in
486 2437 667 2479 podagricis
680 2436 870 2467 conciliatur
878 2435 1022 2466 vectione

246 2484 280 2514 in
296 2494 402 2519 curru,
419 2484 491 2512 444.

292 2526 517 2567 Sophistarum
546 2521 749 2564 reprehensio
781 2521 1020 2562 Hippocratica‚

248 2570 321 2600 462.

293 2610 420 2652 Spasmi
457 2608 629 2650 epilepsiae
665 2607 845 2648 persimiles
882 2616 921 2636 ex
957 2605 1018 2646 hy-

248 2656 364 2685 sterica
379 2654 492 2690 affeci„
508 2653 590 2688 365;
615 2661 655 2682 ex
668 2651 849 2681 lochiorum
869 2659 1019 2690 suppres-

248 2699 345 2734 sione,
362 2697 435 2728 397.

294 2740 422 2780 Species
447 2737 631 2769 morborum
655 2735 752 2772 unde,
779 2736 837 2772 163
871 2735 949 2775 quid
968 2745 1021 2765 eas

248 2783 423 2813 constituat
438 2782 636 2820 ignoramus,
653 2780 704 2810 99.

293 2825 447 2865 Spccifica
470 2823 622 2864 pleraque
649 2821 721 2852 dolo
744 2821 831 2851 malo
857 2820 1020 2858 celebrari,

248 2869 330 2902 449;
359 2877 463 2906 neque
488 2866 522 2895 in
549 2865 653 2896 acutis
678 2874 783 2904 neque
806 2864 838 2894 in
862 2863 1020 2894 chronicis

248 2911 414 2946 habemus,
445 2909 503 2940 471
520 2921 527 2942 ς
566 2918 668 2948 neque
699 2908 732 2938 in
769 2906 1021 2943 contusionibus,

1080 377 1149 408 sine
1161 379 1368 409 evacuatione
1383 389 1454 410 eam
1470 384 1605 416 curaret,
1622 380 1695 409 312.
1714 377 1771 419 [cf.
1782 379 1852 410 Me-

1079 420 1277 461 dicamenta]

1125 463 1405 504 Speculationibus
1418 463 1516 494 nimis
1528 463 1728 494 addictorum
1744 462 1852 494 Medi-

1079 515 1191 536 corum
1224 517 1359 537 censura
1385 517 1448 537 non
1479 507 1588 536 minus
1621 507 1726 547 rigida
1754 517 1851 548 quam

1075 549 1245 589 judiciosa,
1263 550 1336 587 362,
1355 549 1429 586 363,
1447 550 1521 586 465,
1538 550 1611 580 466.

1123 592 1320 632 Spermaceti
1355 593 1390 622 in
1424 592 1666 623 contusionibus
1702 601 1769 623 non
1803 596 1855 624 est

1079 635 1276 674 specificum,
1293 636 1367 666 449.

1123 678 1241 718 Spinae
1251 678 1397 708 cervinae
1413 687 1551 718 syrupus
1565 677 1598 708 in
1613 677 1767 718 hydrope,
1778 678 1852 709 459.

1125 720 1263 761 Spiritus
1278 720 1345 750 vini
1360 726 1397 751 ut
1411 721 1443 751 in
1459 721 1621 760 chirurgia
1633 726 1761 751 tantum
1778 721 1853 752 usui

1078 763 1212 800 veniret,
1238 764 1415 803 optandum
1437 768 1530 800 esset,
1548 765 1630 799 255;
1662 763 1696 793 in
1720 763 1850 794 ambus-

1079 805 1130 842 tis,
1149 808 1223 843 255,
1240 807 1322 843 601;
1347 816 1515 846 nunquam
1536 806 1569 836 in
1591 807 1726 836 assuetis
1746 807 1853 837 subito
1882 845 1888 850 .

1079 858 1116 878 ac
1133 849 1302 890 derepente
1321 854 1368 879 est
1388 849 1635 885 interdicendis,
1652 851 1735 885 255;
1758 854 1853 880 ustu-

1078 891 1164 922 latus
1180 892 1214 922 in
1229 892 1310 922 tussi
1326 892 1403 922 anni
1423 894 1475 925 ’75
1492 896 1595 929 nocet,
1614 893 1695 928 228;
1720 892 1854 932 spiritus

1078 934 1223 965 volatiles
1239 945 1350 965 omnes
1365 935 1436 965 ideo
1452 935 1582 971 foetent,
1599 935 1674 975 quia
1689 939 1853 966 creaturae

1078 977 1174 1017 ignis,
1196 979 1277 1013 3923
1311 983 1342 1008 et
1366 978 1496 1008 easdem
1520 978 1684 1018 possident
1707 977 1851 1015 virtutes,

1079 1030 1118 1050 ex
1135 1030 1327 1060 quacunque
1350 1021 1448 1051 etiam
1469 1021 1658 1051 animalium
1674 1026 1762 1061 parte
1777 1031 1849 1061 pro-

1079 1063 1248 1100 cudantnr,
1266 1065 1348 1100 392;
1372 1064 1516 1094 excitans
1533 1063 1565 1093 in
1582 1063 1759 1104 apoplexia,
1777 1064 1849 1096 570.

1124 1106 1304 1146 Spirituum
1334 1107 1426 1146 copia
1449 1106 1634 1136 destituitur
1663 1107 1795 1147 sanguis
1817 1107 1851 1138 in

1080 1149 1221 1185 senibus,
1248 1159 1284 1179 ac
1307 1149 1341 1179 in
1361 1150 1536 1190 juvenibus
1566 1149 1718 1180 diuturno
1741 1150 1852 1180 morbo

1079 1192 1244 1228 confectis
1280 1193 1334 1229 41,
1369 1194 1430 1227 42;
1475 1192 1622 1222 debilitas
1656 1192 1848 1232 hystericam

1079 1235 1178 1266 affect.
1210 1245 1354 1271 causans,
1384 1235 1557 1276 aliquando
1588 1235 1762 1266 adventitia
1793 1239 1850 1272 est,

1078 1279 1160 1313 400;
1184 1277 1256 1308 fons
1272 1283 1303 1308 et
1318 1278 1406 1318 origo
1420 1278 1562 1319 sanguiS,
1575 1278 1637 1310 378
1650 1290 1657 1315 ;
1682 1278 1850 1309 subsiden-

1078 1320 1122 1350 tia
1137 1321 1171 1350 in
1187 1320 1367 1361 hystericis‚
1385 1321 1458 1351 368.

1122 1363 1287 1404 Sporadici
1301 1364 1414 1394 morbi.
1433 1362 1479 1404 [v.
1496 1363 1763 1404 Intercurrentes]

1121 1406 1262 1447 Sputum
1287 1407 1321 1436 in
1348 1406 1520 1447 pleuritide
1546 1407 1718 1443 essentiali,
1745 1407 1850 1447 quale,

1077 1450 1150 1486 245,
1170 1451 1249 1485 554;
1289 1450 1503 1489 sanguineum
1526 1449 1559 1480 in
1585 1449 1716 1480 variolis
1743 1450 1850 1488 confi„

1079 1493 1150 1528 128,
1169 1493 1240 1529 129,
1260 1493 1330 1528 147,
1356 1494 1438 1528 5093
1462 1492 1591 1522 variolis
1612 1493 1849 1532 superveniens,

1077 1536 1139 1565 519
1157 1545 1226 1575 sq.;
1252 1535 1411 1575 quomodo
1434 1535 1622 1571 curandum,
1640 1536 1722 1572 519;
1746 1536 1851 1566 diaeta

1078 1587 1113 1607 eo
1129 1577 1348 1607 laborantibus
1365 1578 1543 1618 aptissima,
1562 1579 1633 1608 524.

1122 1620 1282 1660 Squainae
1319 1621 1353 1650 in
1382 1621 1468 1650 febre
1503 1620 1674 1650 scarlatina
1707 1620 1848 1651 furfura-

1078 1673 1161 1698 ceae,
1179 1664 1260 1698 24-3ς
1285 1663 1319 1693 in
1335 1663 1473 1699 various,
1492 1664 1563 1699 122,
1584 1665 1652 1694 124.

1122 1706 1366 1736 &summum
1383 1706 1469 1745 (DE)
1488 1706 1606 1736 Ferme
1625 1715 1668 1736 ΑΒ
1685 1715 1782 1737 ANNO
1796 1707 1849 1738 ’85

1078 1757 1124 1778 AD
1141 1750 1203 1784 ’90,
1221 1750 1402 1779 550-552,
1420 1750 1460 1779 cf.
1477 1749 1657 1779 486—513.

1122 1791 1332 1821 Stationariae
1354 1792 1456 1822 febres
1481 1802 1572 1831 quae,
1597 1793 1648 1828 30,
1672 1791 1746 1828 476,
1765 1791 1849 1828 478;

1076 1834 1162 1863 unde
1186 1834 1356 1873 pendeant,
1376 1834 1448 1871 179,
1467 1835 1538 1870 180,
1557 1836 1629 1871 239,
1655 1836 1736 1870 2403
1769 1845 1848 1874 quo-

1076 1876 1172 1906 modo
1188 1877 1227 1906 ab
1243 1877 1530 1907 intercurrentibus
1543 1877 1678 1917 epidem.
1693 1877 1848 1914 differant,

1077 1920 1158 1955 240;
1205 1924 1312 1949 tamen
1342 1930 1416 1950 cum
1441 1919 1727 1950 intercurrentibus
1756 1930 1850 1961 saepe

1077 1962 1183 2001 quoad
1213 1972 1326 1993 causas
1357 1967 1507 1993 externas
1529 1964 1734 2000 conveniunt,
1765 1964 1850 2000 240;

1076 2010 1293 2045 symptomata
1317 2005 1437 2036 habent
1459 2006 1633 2036 intensiora
1657 2006 1707 2036 vel
1735 2006 1849 2036 remis-

1077 2048 1169 2084 siora,
1186 2058 1244 2088 pro
1264 2048 1359 2078 modo
1381 2058 1444 2088 quo
1461 2059 1495 2078 se
1509 2049 1597 2079 varia
1612 2049 1847 2080 constitutionis

1077 2095 1231 2131 tempora,
1249 2092 1288 2121 ad
1305 2101 1402 2131 quam
1418 2091 1588 2132 pertinent,
1601 2091 1748 2128 habeant,
1767 2093 1824 2123 181
1841 2105 1849 2128 ;

1076 2134 1162 2164 unde
1174 2145 1265 2165 novae
1280 2134 1365 2174 apud
1377 2135 1513 2174 vulgum
1528 2135 1765 2172 existimentur,
1775 2135 1851 2166 licet

1077 2177 1205 2207 eaedem
1223 2177 1296 2214 sint,
1314 2179 1393 2213 180;
1418 2177 1547 2207 station.
1563 2177 1666 2208 febres
1679 2183 1754 2208 sunt
1766 2188 1850 2208 mor-

1076 2219 1108 2249 bi
1130 2219 1274 2260 plerique
1295 2230 1415 2256 omneS‚
1433 2221 1489 2259 qui
1511 2231 1530 2250 a
1550 2230 1621 2261 pag.
1647 2220 1687 2253 37
1712 2221 1752 2251 ad
1775 2221 1849 2258 234,

1076 2262 1206 2293 fuerunt
1222 2263 1379 2303 descripti,
1398 2264 1479 2299 2393
1497 2264 1622 2294 station.
1640 2263 1736 2294 febris
1749 2274 1848 2304 quae-

1076 2305 1165 2342 libet,
1183 2306 1209 2335 si
1222 2306 1241 2335 J
1245 2306 1311 2335 ulio
1326 2306 1532 2346 potissimum
1549 2306 1676 2342 saeviat,
1693 2312 1849 2337 autumno

1077 2348 1274 2385 adveniente,
1301 2358 1419 2388 magno
1445 2349 1580 2389 epidem.
1609 2349 1718 2380 cedere
1745 2349 1848 2387 debet,

1080 2392 1158 2427 18ος
1183 2392 1280 2421 febris
1296 2402 1379 2422 anno
1396 2391 1447 2423 ’75
1464 2392 1606 2422 tussibus
1622 2393 1850 2433 superveniens

1077 2439 1233 2464 autumno
1259 2435 1371 2465 eadem
1396 2438 1464 2465 erat
1485 2445 1566 2475 quae
1587 2434 1677 2466 Julio
1699 2435 1776 2466 anni
1795 2435 1848 2468 ’73

1076 2477 1220 2516 ingressa
1234 2477 1347 2513 fuerat,
1365 2478 1438 2508 206.

1121 2520 1277 2550 Sterilitas
1291 2520 1467 2550 mulierum
1488 2520 1527 2551 ab
1545 2519 1690 2561 hydrope
1705 2521 1847 2559 testium,

1077 2573 1116 2593 ex
1129 2563 1291 2603 hysterica
1306 2563 1406 2593 affect.
1423 2563 1585 2600 diuturna,
1602 2563 1674 2596 377.

1121 2606 1317 2636 sternutatio
1331 2606 1497 2636 morbillos
1512 2606 1715 2646 praecedens,
1735 2608 1807 2638 184.

1122 2649 1331 2679 stillicidium
1347 2649 1380 2678 in
1396 2649 1592 2689 gonorrhoea
1606 2649 1713 2687 virul.,
1730 2651 1804 2680 310.

1122 2691 1273 2731 Stragula
1295 2692 1329 2721 in
1352 2691 1482 2722 variolis
1498 2702 1538 2722 ne
1553 2692 1690 2723 obruant
1704 2703 1847 2733 aegrum,

1079 2734 1161 2770 1393
1199 2734 1325 2765 modica
1351 2745 1420 2765 csse
1448 2734 1572 2772 debent,
1593 2740 1631 2765 ut
1653 2735 1687 2765 in
1714 2736 1849 2767 sanitate

1077 2777 1169 2813 solet,
1194 2778 1274 2812 357;
1309 2777 1335 2807 si
1360 2777 1549 2808 calefaciant
1572 2778 1681 2814 nimiS,
1705 2783 1737 2809 et
1757 2779 1847 2809 aufe-

1076 2825 1198 2856 rantur,
1215 2820 1288 2850 inde
1304 2821 1428 2861 eruptio
1443 2830 1537 2861 saepe
1552 2821 1756 2859 acceleratur,
1770 2821 1847 2857 137;

1077 2863 1228 2902 stragulis
1254 2863 1287 2893 in
1313 2863 1471 2893 morbillis
1496 2863 1571 2894 anni
1588 2864 1642 2896 ’74-
1665 2874 1728 2894 ηοη
1750 2865 1844 2894 obru-

1076 2906 1149 2936 endi
1165 2911 1255 2937 crant
1270 2906 1420 2944 infantes,
1435 2907 1507 2936 218.
