1985 3308
727 145 899 183 INDEX
928 142 1130 181 RERUM.

130 248 210 283 184;
235 252 450 288 symptomata
464 252 532 278 tum
547 256 608 277 non
625 246 893 282 deliniuntur,ex-

128 295 220 329 cepto
243 291 375 326 vomitu,
395 291 464 326 184,
482 291 564 325 5613
588 290 638 320 die
659 288 709 319 6ω
731 289 808 329 quid
831 288 894 325 fiat,

128 333 213 368 561;
237 333 288 363 die
311 335 362 364 9¹¹⁰
381 333 450 371 jam
473 333 506 362 in
528 332 607 362 facie
630 336 662 362 et
684 332 895 371 undequaque

127 375 319 414 disparuere,
339 377 421 409 1843
445 385 519 405 cum
542 378 589 404 8v⁰
605 375 656 405 die
677 374 741 405 fere
757 384 893 404 evanue-

128 417 200 454 rint,
217 423 308 458 putat
329 418 446 457 vulgus
469 428 522 447 eos
542 417 713 457 intropelli,
740 419 816 451 18st
846 427 893 446 re-

127 459 236 499 gimen
253 460 392 490 calidum
406 470 562 499 quaenam
576 460 660 490 mala
673 459 756 489 ultro
769 459 895 495 inferat,

130 503 189 532 185
203 515 210 537 3
226 502 365 532 morbilli
377 502 534 542 quomodo
545 507 704 538 curentur,
718 503 896 537 185-188,

129 545 211 579 561;
234 555 316 575 anno
333 545 385 576 ’70
409 545 612 584 quandonam
633 545 767 583 ingressi
783 545 846 574 siut
866 549 897 573 et

128 587 323 623 recesserint,
351 588 421 623 161,
452 589 531 622 183;
566 587 597 616 hi
629 587 763 617 variolas
791 596 895 616 auom.

128 630 362 660 constitutionis
391 630 608 669 ‹lysentericae
642 629 895 664 introduxerunt,

133 672 203 707 161,
218 673 276 702 188
289 685 294 707 ;
313 676 385 712 post
401 672 619 702 morbillorum
631 672 797 702 decessum
811 681 897 711 sym-

129 719 273 754 ptomata
298 725 337 744 ex
366 715 625 745 calefacientibus
649 719 732 751 nata,
758 720 790 744 et
815 724 895 754 quo-

130 757 225 786 modo
241 757 415 793 tractanda,
436 758 494 787 186
511 767 568 796 sq„
585 758 657 787 562.

175 799 361 830 Mortuum
380 799 549 835 ANN1’74‚
567 800 639 836 2l7,
659 799 728 829 218.

174 841 319 872 Morbilli
342 842 491 878 anomali,
511 843 593 875 217;
617 841 692 871 anni
715 841 769 873 ¹74
795 841 898 881 specie

130 884 255 914 diversa
277 885 316 915 ab
336 885 374 914 iis
393 885 468 914 anni
485 884 546 920 ’70,
565 885 644 919 217;
675 894 785 914 omues
804 883 896 914 fami-

131 926 200 962 lias,
217 937 291 966 prae
307 927 437 957 caeteris
452 927 598 962 infantes,
616 926 799 962 afficientes,
817 927 897 961 205;

132 969 336 1008 quandonam
356 969 552 1005 evanuerint,
570 970 642 1005 205,
659 970 720 1001 217
735 981 742 1004 3
765 973 900 1008 utraque

131 1012 252 1052 species
268 1012 404 1042 variolas
419 1012 526 1050 nigras
541 1011 725 1048 introduxit,
742 1013 802 1041 205
820 1024 826 1046 ;
851 1011 900 1041 die

133 1055 179 1084 4²⁰
202 1055 420 1094 erumpebant,
446 1055 524 1088 217;
558 1054 653 1084 febris
676 1059 707 1084 et
730 1054 899 1094 dyspnoea,

132 1097 353 1127 recedentibus
380 1097 536 1127 morbillis
562 1097 750 1133 accidentes,
779 1097 902 1136 pejores

132 1144 231 1175 erant,
258 1140 338 1174 217;
378 1139 617 1179 periculosiores
641 1144 739 1174 erant,
765 1139 790 1168 si
818 1139 902 1169 male

132 1182 359 1217 tractabantur,
377 1183 437 1214 217
451 1195 457 1217 ς
477 1182 589 1212 horum
606 1182 726 1212 curatio
742 1181 852 1211 eadem
866 1192 902 1212 ac

134 1225 357 1255 morbillorum
373 1225 447 1255 anni
464 1225 526 1261 ’70,
545 1225 616 1261 217,
634 1226 706 1254 218.

179 1267 323 1298 Morbilli
347 1267 422 1297 anui
452 1268 503 1298 ’76
530 1277 593 1297 non
621 1267 697 1297 adeo
725 1266 902 1306 epidemici,

133 1309 262 1349 longius
291 1315 397 1340 tamen
433 1309 524 1339 solito
555 1310 790 1350 procurrebant,
822 1309 902 1344 277;

137 1353 330 1382 curabantur
345 1358 380 1382 ut
395 1352 458 1387 alii,
477 1353 550 1384 277.

179 1394 322 1426 hlorbus.
349 1394 397 1434 [v.
418 1396 521 1431 Acuti,
546 1394 699 1430 C'lzronici,
728 1396 903 1433 Epidemici,

137 1436 404 1476 Inter-currentes]

179 1479 314 1510 Morbus
343 1480 420 1520 quid
449 1478 500 1515 sit,
533 1480 592 1514 263
632 1479 718 1518 quod
751 1479 905 1509 essentiae

136 1522 320 1552 morborum
350 1532 408 1552 nos
442 1521 571 1558 lateant,
602 1522 683 1556 4713
722 1521 906 1551 morborum

136 1568 303 1594 acutorum
330 1569 361 1595 et
388 1564 612 1594 chronicorum
641 1564 827 1600 differentia,
854 1564 906 1600 27,

136 1608 189 1643 28,
214 1606 287 1643 427,
309 1608 391 1642 428;
423 1607 555 1647 plurimi
585 1617 624 1636 ex
647 1606 787 1636 vestium
814 1616 904 1646 prae-

138 1654 265 1680 matura
285 1650 470 1690 abjectione,
487 1655 518 1679 et
534 1650 640 1680 subito
655 1648 819 1689 refrigerio
835 1653 907 1689 post

138 1692 336 1729 exercitium,
352 1692 465 1723 exoriri
485 1692 640 1729 videntur,
657 1693 716 1721 241
734 1704 740 1727 ;
765 1692 804 1721 ab
821 1691 906 1721 omni

139 1744 216 1765 aevo
247 1745 304 1765 cur
332 1735 500 1771 adfuerint,
532 1736 571 1770 9;
611 1734 741 1775 quidam
774 1739 909 1773 regnant

137 1777 226 1807 hisee
252 1778 458 1818 temporibus,
480 1777 652 1817 aliquando
678 1777 768 1807 novis
791 1777 910 1806 cessuri

139 1820 313 1860 speciebus,
331 1821 411 1854 225;
448 1820 488 1850 ad
510 1825 611 1850 certas
634 1820 763 1859 species,
780 1819 834 1849 ubi
856 1829 907 1849 eo-

139 1873 213 1892 rum
228 1863 380 1892 tradenda
394 1862 533 1898 historia,
550 1872 646 1902 quare
662 1861 839 1897 revocandi,
860 1863 908 1897 10,

143 1906 202 1940 11;
226 1905 407 1945 complures
428 1905 486 1935 sub
510 1905 621 1935 eodem
644 1904 736 1934 titulo
759 1903 909 1933 dissimil-

140 1947 220 1978 lima
246 1953 320 1978 sunt
343 1947 458 1983 indole,
479 1948 535 1982 113
569 1947 650 1977 facie
670 1957 761 1986 saepe
777 1946 909 1982 variant,

140 2000 197 2030 pro
213 1990 299 2020 vario
311 1990 491 2020 medicandi
507 1999 665 2029 processu,
685 1990 740 2024 12;
766 1989 912 2019 nonnulli

141 2038 217 2063 sunt
245 2033 391 2062 omnium
421 2032 581 2068 horarum,
608 2037 810 2071 tempestates
837 2031 911 2061 anni

142 2075 198 2105 alii
219 2082 404 2115 sequuntur,
430 2076 487 2111 12;
514 2076 623 2113 fientes
647 2074 778 2114 quinam
802 2074 910 2103 dican·

142 2122 194 2148 tur
220 2118 363 2154 Auctori,
391 2119 469 2153 259;
506 2117 608 2147 morbi
633 2117 818 2153 infantium,
839 2118 911 2153 503,

143 2161 221 2194 504:
239 2161 422 2193 morborum
434 2166 547 2190 natura
560 2160 643 2190 unde
657 2159 816 2195 discenda,
831 2160 891 2189 465
905 2171 911 2193 ;

144 2203 329 2233 morborum
365 2213 477 2233 causas
506 2202 670 2242 generales
703 2202 794 2232 binas
823 2207 913 2241 putat

144 2245 277 2281 Auctor,
290 2246 330 2275 26
343 2258 348 2281 ;
375 2246 554 2276 curationes
569 2245 608 2275 ad
621 2244 706 2284 quod
719 2244 912 2284 dirigendae,

145 2287 206 2320 471
224 2300 231 2322 ς
270 2287 418 2318 historiae
451 2288 490 2318 ab
522 2288 704 2318 auctoribus
737 2297 776 2317 ex
811 2287 912 2327 hypo-

144 2331 277 2361 thesewv
289 2330 415 2361 officina
430 2331 640 2365 deducuntur,
653 2330 730 2365 307;
748 2335 913 2360 acutorum

144 2373 274 2403 historia
287 2383 384 2412 quare
400 2373 439 2403 ab
452 2383 516 2403 uno
528 2372 666 2408 homine,
680 2372 779 2403 immo
794 2373 914 2408 decem,

145 2426 210 2446 non
233 2416 325 2446 facile
346 2416 498 2452 tradatur,
516 2416 596 2450 3063
621 2415 850 2455 phaenomena,
876 2425 915 2444 an

147 2469 166 2488 a
190 2458 323 2488 curandi
345 2458 503 2494 methodo,
520 2468 560 2488 an
584 2468 602 2488 a
623 2458 733 2488 morbo
755 2457 823 2497 ipso
845 2467 914 2497 per-

146 2501 353 2531 scrutandum
390 2506 447 2537 est,
482 2500 562 2536 2973
602 2500 722 2540 species
759 2500 918 2539 quaelibet

147 2543 329 2574 affectiones
344 2543 402 2573 sibi
418 2543 561 2583 proprias
576 2543 713 2579 sortitur,
728 2543 787 2573 100
800 2555 806 2577 ;
832 2553 915 2572 mor-

146 2586 208 2616 bus
231 2586 392 2626 quodnam
417 2585 558 2616 Naturae
585 2595 740 2616 conamen
764 2585 803 2616 ab
828 2585 916 2615 Auc-

148 2633 215 2660 tore
245 2635 392 2668 ponatur,
421 2630 470 2664 26,
499 2628 550 2664 27,
583 2629 635 2663 40,
661 2628 722 2662 41;
759 2627 918 2667 quomodo

148 2671 357 2711 detegendus,
380 2676 416 2701 ut
439 2671 478 2701 ad
502 2680 593 2701 suam
617 2670 772 2700 familiam
796 2670 917 2709 relege-

148 2718 210 2750 tur,
236 2715 316 2749 260;
345 2713 451 2744 indole
474 2724 566 2754 saepe
590 2713 719 2743 omnino
742 2713 920 2749 invertitur,

149 2756 233 2787 ultra
249 2762 438 2787 consuetum
456 2766 588 2792 morem,
605 2755 690 2786 mala
704 2756 851 2786 medendi
868 2765 918 2785 ra-

150 2799 236 2830 tione
250 2799 408 2834 instituta,
424 2800 475 2829 96.

194 2841 285 2872 Mors
307 2842 341 2872 in
364 2841 492 2872 variolis
513 2840 606 2872 confl.
628 2840 818 2881 plerumque
846 2842 922 2871 ll‘¹¹⁰

150 2884 201 2914 die
224 2885 391 2924 contingit,
419 2885 495 2919 127;
525 2885 559 2914 in
585 2883 716 2914 variolis
740 2884 833 2914 discr.
851 2883 919 2923 ple-

151 2937 288 2968 rumque
304 2927 354 2958 die
371 2929 431 2963 8⁷⁰,
451 2928 520 2957 126.

1646 142 1720 178 639

997 245 1124 274 Monsu
1143 240 1230 282 (Du)
1250 242 1361 272 Carus
1380 242 1522 279 RAmm,
1539 242 1612 273 603.

995 287 1106 317 Motus
1129 286 1298 316 violentior
1321 285 1354 315 in
1377 285 1574 324 gonorrhoea
1592 283 1718 314 inflam-

951 329 1101 360 mationis
1117 329 1212 358 scroti
1229 337 1322 367 saepe
1336 337 1444 364 causa,
1459 328 1531 357 311.

997 372 1113 402 Moxae
1137 370 1313 401 combustio
1337 370 1368 399 iu
1396 370 1544 409 podagra,
1567 370 1648 403 ‘1485
1688 368 1721 398 in

953 415 1091 454 podagra
1114 414 1288 443 inveterata
1310 412 1431 442 nullius
1454 417 1501 442 est
1524 421 1612 447 usuS‚
1636 412 1720 446 4193

954 457 1038 496 quod
1070 457 1283 497 Hippocrates
1312 455 1490 484 inustiones
1521 454 1586 483 liuo
1615 454 1721 489 crudo,

955 500 1022 529 loco
1040 509 1163 534 moxae,
1178 497 1390 538 usurpaverit,
1404 498 1478 533 418,
1495 498 1567 527 41-9.

999 541 1211 572 Mulierculae
1231 540 1347 570 sciolae
1361 544 1461 570 artem
1478 548 1574 579 quam
1596 547 1657 567 non
1673 538 1721 567 di-

955 584 1069 620 dicerc,
1085 585 1118 614 in
1134 584 1303 613 hominum
1322 582 1506 622 perniciem,
1523 590 1616 620 saepe
1632 590 1722 612 exer-

955 631 1037 662 cent,
1059 629 1127 656 111-0.
1145 627 1183 657 cf.
1203 627 1274 662 143,
1290 626 1363 660 399,
1379 626 1451 654 400.

1000 669 1170 699 Narcotica
1186 669 1311 708 vigente
1327 668 1413 697 febre
1433 667 1552 702 obesse,
1570 670 1601 696 at
1618 665 1649 695 in
1667 665 1721 695 dc-

956 711 1125 742 clinatione
1151 711 1252 741 morbi
1275 710 1452 750 praeclaros
1477 709 1608 739 effectus
1624 708 1724 744 edere,

959 755 1008 791 56,
1026 755 1076 786 57.
1095 753 1141 794 [ν.
1157 756 1276 792 Opium,
1294 751 1508 792 Paregorica]

1000 798 1124 827 Natura
1141 795 1358 836 Sydenhamio
1371 795 1447 835 quid
1463 795 1628 829 habeatur,
1647 792 1705 824 117
1719 805 1725 827 ;

957 839 1177 879 generationes
1200 849 1307 868 rerum
1331 837 1517 868 certissimis
1541 836 1658 876 ubique
1680 835 1727 865 le-

958 882 1063 921 gibuS,
1077 887 1108 912 et
1126 881 1258 911 artificio
1282 881 1341 910 sibi
1366 880 1423 909 soli
1448 879 1621 915 intellecto,
1637 888 1727 907 exse-

959 924 1078 964 quitur,
1107 926 1146 955 99
1162 937 1168 959 ;
1209 934 1270 964 quo
1298 922 1487 962 profundius
1517 921 1730 956 examinatur,

960 977 996 997 eo
1012 966 1115 1006 magis
1138 967 1207 1006 ejus
1230 967 1344 1005 ingens
1367 965 1513 1000 varietas,
1529 969 1560 994 et
1583 963 1729 993 divinum

961 1009 1181 1049 operationum
1198 1008 1369 1038 artificium
1385 1007 1637 1046 conspiciuntur,
1651 1006 1728 1040 169;

961 1052 994 1081 in
1020 1051 1256 1092 operationibus
1282 1051 1348 1080 suis
1375 1050 1521 1080 subtilior
1545 1058 1642 1088 quam
1669 1057 1731 1084 arS,

963 1095 1043 1130 296;
1068 1095 1136 1133 ejus
1159 1094 1274 1124 modus
1298 1092 1447 1133 operandi
1472 1101 1595 1131 semper
1611 1090 1731 1126 latebit,

962 1138 1042 1172 3633
1068 1142 1177 1167 noctes
1199 1141 1293 1176 atque
1317 1136 1384 1165 dies
1407 1135 1524 1164 nostris
1539 1134 1633 1163 rebus
1647 1132 1730 1162 invi-

962 1179 1042 1219 gilat
1065 1179 1278 1219 consulitque,
1299 1179 1379 1212 473;
1405 1177 1525 1217 optima
1547 1176 1732 1206 morborum

963 1223 1162 1258 medicati-ix,
1189 1223 1245 1256 14;
1284 1221 1318 1250 in
1348 1220 1466 1250 morbis
1491 1218 1641 1249 sanandis
1672 1217 1731 1247 ali-

964 1265 1091 1304 quando
1105 1264 1307 1305 paucissimis
1330 1263 1381 1293 vel
1396 1262 1495 1292 nullis
1518 1261 1667 1291 remediis
1682 1260 1733 1290 in-

964 1307 1062 1347 diget,
1076 1309 1131 1342 14;
1157 1307 1189 1336 in
1204 1306 1306 1336 morbi
1321 1316 1416 1336 causa
1428 1304 1627 1344 expellenda,
1642 1313 1734 1343 saepe

964 1349 1065 1380 invita
1078 1350 1110 1380 in
1125 1349 1338 1380 aberrationes
1353 1348 1515 1383 dilabitur,
1534 1348 1570 1376 18
1583 1358 1589 1381 3
1614 1346 1646 1375 in
1660 1356 1734 1375 aeu-

965 1393 1005 1422 tis
1021 1393 1140 1422 morbis
1155 1391 1367 1432 producendis
1383 1400 1480 1430 quam
1498 1389 1538 1419 sit
1552 1388 1735 1428 multiplex,

965 1435 1096 1471 incerta,
1111 1439 1142 1464 et
1155 1434 1302 1470 delicata,
1319 1434 1396 1468 306;
1421 1433 1454 1462 in
1470 1431 1627 1462 chronicis
1649 1441 1733 1460 mor-

966 1477 1013 1506 bis
1029 1487 1093 1507 non
1115 1477 1210 1507 habet
1232 1476 1418 1506 methodum
1433 1475 1595 1505 efficacem
1611 1474 1651 1503 ad
1667 1483 1734 1503 ma-

966 1520 1078 1549 teriam
1092 1519 1281 1559 ejiciendam
1291 1518 1501 1553 morbificam,
1515 1518 1568 1551 18;
1587 1516 1737 1546 methodo

967 1563 1106 1602 quadam
1120 1567 1206 1592 certa
1217 1566 1311 1600 atque
1326 1561 1434 1590 ordine
1450 1558 1662 1599 progreditur,
1677 1559 1736 1593 70;

967 1605 1191 1644 symptomatis
1200 1603 1404 1644 quibusdam,
1413 1608 1567 1641 tanquam
1578 1600 1738 1636 remediis,

967 1647 1043 1677 licet
1052 1647 1197 1687 ingratis,
1207 1647 1318 1683 utitur,
1328 1651 1365 1676 ut
1373 1645 1540 1675 materiam
1552 1648 1739 1684 peccantem

967 1694 1026 1720 etc.
1050 1689 1211 1725 excludat,
1226 1690 1287 1724 26;
1325 1699 1388 1728 quo
1411 1697 1544 1718 munere
1566 1696 1653 1716 nunc
1673 1691 1739 1716 tar·-

968 1733 1051 1769 dius,
1065 1742 1151 1763 nunc
1166 1732 1303 1762 celerius
1319 1731 1477 1771 fungitur,
1492 1740 1548 1770 pro
1564 1729 1662 1765 varia,
1676 1739 1740 1768 qua

967 1776 1079 1812 utitur,
1101 1775 1263 1811 methodo,
1290 1774 1352 1809 27;
1391 1772 1634 1813 particularum,
1660 1781 1739 1811 quas

968 1818 1066 1847 semel
1082 1827 1250 1848 excernere
1269 1817 1302 1846 in
1324 1816 1465 1846 febribus
1479 1814 1582 1854 eoepit
1598 1814 1740 1853 sanguis,

968 1861 1163 1890 consortilun
1187 1870 1244 1890 cur
1267 1859 1406 1899 amplius
1420 1858 1501 1888 ferre
1515 1861 1664 1896 nequeat,
1679 1858 1720 1886 42
1733 1869 1740 1891 ;

969 1908 1087 1941 quanto
1109 1903 1143 1932 in
1167 1902 1268 1942 spatio
1291 1905 1442 1941 repurgat
1459 1899 1534 1938 (sibi
1557 1899 1737 1938 permissa‚)

969 1945 1001 1974 in
1016 1945 1156 1974 febribus
1171 1944 1288 1974 contin.
1305 1954 1404 1983 aeque
1419 1953 1455 1972 ac
1471 1941 1635 1972 intermitt.
1651 1951 1738 1971 mas-

969 1997 1036 2017 sam
1048 1987 1269 2027 sanguineam,
1279 1987 1337 2020 78:
1363 1986 1395 2015 in
1407 1985 1590 2015 morborum
1605 1983 1739 2023 epidem.

970 2030 1172 2069 generatione
1189 2029 1348 2069 quomodo
1370 2028 1470 2064 ludat,
1490 2028 1566 2061 119;
1592 2032 1623 2056 et
1637 2026 1670 2056 in
1687 2036 1740 2056 eo-

970 2083 1043 2102 rum
1069 2072 1275 2112 productione
1303 2071 1441 2110 quodam
1470 2069 1603 2099 artificio
1624 2069 1739 2099 trium-

971 2115 1059 2155 phat,
1077 2116 1154 2150 1793
1179 2115 1213 2144 in
1228 2114 1369 2144 febribus
1383 2112 1550 2143 intermitt.
1565 2115 1710 2141 autumn.
1723 2121 1743 2141 a
1776 2113 1779 2118 '

972 2157 1100 2188 Medico
1122 2157 1328 2192 sublevanda,
1343 2157 1401 2192 843
1426 2156 1459 2185 iu
1481 2155 1621 2185 febribus
1641 2154 1740 2184 iuter-

971 2200 1054 2230 mitt.
1081 2200 1154 2240 plus
1183 2200 1333 2230 festinare
1359 2204 1390 2228 et
1418 2203 1563 2238 tempora
1589 2197 1741 2226 materiae

973 2243 1074 2273 morbi
1089 2243 1283 2282 subigendae
1299 2241 1392 2271 citius
1411 2251 1508 2281 quam
1530 2240 1562 2269 in
1582 2238 1653 2269 aliis
1669 2249 1739 2279 per-

974 2295 1098 2316 currere
1120 2285 1257 2321 videtur,
1273 2286 1354 2319 29S;
1379 2294 1435 2324 per
1452 2282 1603 2313 corticem
1625 2282 1740 2311 Peruv.

974 2338 1036 2368 quo
1060 2328 1167 2358 minus
1188 2327 1355 2358 materiam
1378 2326 1535 2361 febrilem,
1560 2324 1742 2364 paroxysmi

974 2371 1097 2411 impetu
1121 2370 1276 2407 eliminet,
1306 2369 1510 2409 quandonam
1539 2367 1742 2407 impediatur,

976 2415 1056 2449 283;
1081 2413 1113 2443 in
1130 2413 1258 2443 variolis
1278 2423 1334 2452 per
1350 2422 1382 2442 se
1403 2411 1542 2442 maxime
1556 2410 1641 2439 valet
1656 2419 1741 2439 mor-

974 2457 1052 2486 bum
1072 2467 1129 2486 sua
1151 2456 1201 2485 via
1222 2455 1392 2495 expellere,
1416 2455 1487 2490 131,
1509 2454 1587 2488 1323
1613 2452 1745 2482 morbus

977 2499 1119 2529 Naturae
1136 2509 1290 2528 conamen
1307 2498 1340 2527 in
1356 2497 1443 2537 aegri
1459 2496 1608 2531 salutem,
1621 2496 1672 2530 26,
1684 2495 1742 2529 27;

976 2542 1045 2580 ejus
1067 2541 1201 2571 ductum
1223 2541 1256 2570 in
1272 2540 1390 2570 morbis
1410 2538 1570 2573 curandis,
1585 2542 1617 2567 at
1639 2537 1743 2567 neuti-

977 2595 1073 2624 quam
1096 2583 1128 2613 in
1149 2589 1248 2624 peste,
1262 2583 1351 2622 sequi
1374 2582 1466 2612 debet
1486 2580 1645 2616 Medicus,
1664 2581 1743 2615 1053

977 2627 1046 2666 ejus
1059 2626 1205 2661 intentio,
1217 2636 1281 2666 qua
1293 2625 1419 2655 morbos
1433 2623 1554 2654 solvere
1569 2622 1669 2662 cupit,
1681 2631 1745 2652 non

978 2669 1040 2699 alia
1060 2669 1208 2699 medendi
1230 2668 1350 2698 ratione
1372 2666 1567 2701 invertenda,
1593 2666 1651 2700 96;
1676 2665 1746 2704 ejus

974 2711 1104 2752 judicia,
1117 2722 1224 2742 rerum
1237 2710 1362 2741 veritati
1377 2712 1603 2750 superstructa,
1618 2717 1681 2737 non
1695 2707 1746 2737 ni-

978 2755 1003 2785 si
1020 2765 1094 2784 cum
1118 2754 1186 2794 ipsa
1210 2754 1334 2784 Natura
1348 2752 1549 2788 intercident,
1565 2751 1626 2780 465
1641 2763 1648 2786 ς
1678 2759 1746 2780 me-

979 2797 1104 2833 thodus,
1126 2807 1223 2837 quam
1244 2796 1284 2826 ad
1306 2796 1490 2826 morborum
1510 2793 1747 2833 generationem

979 2839 1118 2875 adhibet,
1127 2840 1282 2870 hactenus
1295 2849 1313 2869 a
1327 2838 1455 2868 nemine
1466 2837 1541 2867 satis
1553 2836 1748 2866 observando

979 2887 1025 2913 est
1040 2887 1194 2917 assecuta,
1212 2883 1270 2917 35;
1297 2881 1441 2911 Naturae
1456 2880 1488 2910 in
1506 2878 1647 2910 curando
1663 2878 1748 2908 mul-

980 2931 1049 2955 tum
1072 2924 1329 2964 relinquendum,
1350 2925 1420 2960 131,
1438 2924 1518 2958 21-1·;
1544 2922 1614 2960 ejus
1629 2921 1662 2951 in
1679 2931 1746 2951 me-
