1985 3308
384 150 470 190 436
799 151 1058 193 THOMAE
1092 151 1432 194 SYDENHAM

198 269 252 299 Dr,
270 268 360 299 Pon-
389 255 541 297 tudine
576 260 867 299 transvorsum
903 265 1102 313 aguntm,
1139 259 1242 300 dum
1277 257 1499 299 adventitii
1536 255 1688 298 talium
1716 256 1852 311 liquo-

230 321 374 362 AGR'L
390 338 488 365 rum
521 325 705 378 spiritus,
729 340 827 367 cum
858 327 1075 380 spiritibus
1107 326 1371 367 animalibus.
1391 325 1638 380 cogitationi
1667 325 1853 366 forman-

187 380 357 443 ss‘t'ffffiffic'
391 393 469 434 dae
500 393 827 435 inservientibus
863 395 1115 448 complicati,
1147 400 1337 435 mentem
1375 395 1557 435 nimium
1596 395 1853 435 volatilisan-

187 456 254 486 vim
267 456 371 487 infert.
393 461 446 502 do
475 462 740 515 perturbant,
771 477 880 503 vana
913 477 960 503 ac
990 462 1131 502 futilia
1164 462 1257 503 loco
1290 476 1434 503 rerum
1467 461 1696 502 solidarum
1726 466 1854 515 atque

391 530 568 584 alicujus
593 531 799 572 momenti
831 531 1166 584 subingerentes,
1190 534 1316 584 atque
1340 531 1401 570 ita
1432 530 1604 570 demum
1634 530 1854 583 ingeniose

389 598 550 652 lepidos
573 613 620 639 ac
645 599 805 639 dicaces
832 612 908 651 pro
936 597 1199 651 sapientibus
1219 611 1297 638 nos
1317 596 1728 648 reddentes,—inter
1750 610 1855 650 quos

390 665 537 706 eadem
553 665 685 705 ferme
707 664 946 704 differentia
966 664 1190 705 intercedit
1212 669 1339 718 atque
1361 670 1423 705 est
1444 664 1557 706 inter
1573 665 1857 706 substantiam

390 740 432 776 et
453 749 621 789 prorsus
641 734 761 774 nihil.
825 733 909 774 Sed
929 733 981 774 de
1001 733 1067 774 his
1089 734 1203 774 satis.

456 802 564 855 [48]
603 802 630 841 J
634 815 702 841 am
732 814 841 851 vero,
873 801 1063 854 quamvis
1099 801 1279 842 sufficiat
1310 801 1349 842 ei
1380 801 1453 855 qui
1483 801 1680 855 Podagra
1708 801 1856 842 mitius

392 883 440 910 ac
468 874 640 909 tantum
666 882 742 922 per
768 869 992 910 intervalla
1017 869 1194 919 laborat,
1216 870 1283 910 vel
1311 870 1512 911 cerevisia
1541 871 1664 911 tenui
1690 870 1768 921 uti,
1790 870 1857 910 vel

391 937 490 978 vino
512 937 714 987 dilutiori,
738 951 837 978 cum
861 937 897 978 is
919 938 1059 979 morbi
1084 938 1240 992 gradus
1260 938 1374 978 tanti
1398 952 1486 979 non
1513 938 1567 979 sit
1588 943 1638 979 ut
1660 938 1858 980 severiori

392 1005 594 1058 regimini
624 1019 668 1046 se
699 1005 921 1060 subjiciat;
959 1011 1163 1057 attamen,
1187 1021 1286 1047 cum
1315 1007 1512 1047 universa
1542 1007 1727 1061 corporis
1758 1006 1857 1047 sub-

393 1073 550 1115 stantia
583 1073 630 1114 in
661 1073 903 1128 Podagram
938 1075 1058 1128 quasi
1089 1075 1420 1129 degeneraverit,
1450 1076 1592 1116 minus
1624 1090 1752 1129 quam
1787 1089 1857 1116 ex-

393 1147 511 1196 optet
547 1142 594 1183 in
628 1143 893 1196 profligando
925 1143 1074 1184 morbo
1104 1144 1381 1198 promovebit,
1415 1144 1487 1197 qui
1521 1158 1611 1185 non
1642 1158 1667 1184 a
1695 1144 1858 1197 liquore

392 1211 649 1253 fermentato
687 1226 952 1266 quocunque,
983 1214 1254 1267 quantumvis
1285 1213 1373 1254 leni
1403 1219 1445 1254 et
1476 1213 1610 1263 tenui,
1640 1213 1687 1254 in
1716 1218 1859 1254 totum

393 1279 604 1321 abstinet:
637 1295 736 1322 cum
756 1281 802 1321 hi
829 1296 976 1323 omnes
999 1282 1171 1336 spiritus
1192 1287 1446 1336 pungentes,
1470 1286 1513 1322 et
1535 1282 1718 1335 aliquem
1742 1295 1857 1322 acre-

393 1349 504 1389 dinis
527 1349 708 1401 gradum
728 1349 775 1390 in
796 1364 840 1391 se
861 1350 1125 1401 contineant,
1149 1356 1204 1401 et,
1232 1351 1362 1404 (quod
1382 1351 1502 1404 pejus
1525 1352 1617 1402 est,)
1647 1355 1858 1403 quatenus

392 1417 603 1458 fermento
618 1418 788 1468 imbuti,
810 1419 1000 1472 (perinde
1022 1433 1070 1460 ac
1091 1420 1214 1460 flores
1236 1419 1459 1460 cerevisiae
1480 1417 1714 1471 liquoribus
1730 1417 1859 1458 inditi

393 1485 479 1525 vim
501 1499 621 1526 suam
642 1486 986 1527 fermentativam
1007 1487 1087 1528 toti
1104 1501 1267 1528 massae
1288 1486 1637 1538 communicant,)
1658 1486 1858 1527 humores

190 1553 231 1584 1¹¹
248 1553 352 1612 Ifocia-
393 1553 715 1594 fermentationi
736 1559 965 1608 perpetuae
991 1555 1208 1596 addicunt.
1271 1555 1404 1596 Potus
1426 1555 1570 1608 itaque
1592 1554 1858 1606 diaeteticus,

190 1607 358 1679 ῗέἑξὲἒῖ
394 1634 444 1661 ex
474 1621 814 1674 ingredientibus
845 1623 972 1676 vulgo
1007 1623 1121 1664 notis
1158 1628 1200 1664 et
1231 1623 1330 1664 huic
1366 1623 1463 1663 usui
1495 1622 1658 1673 dicatis,
1687 1637 1764 1676 pro
1794 1627 1859 1663 ta-

190 1687 244 1712 tus
261 1682 347 1712 diae-
394 1689 425 1729 li
454 1695 560 1743 potu
593 1690 809 1732 ordinario
842 1692 1194 1745 praescribendus
1227 1697 1315 1733 est:
1366 1691 1493 1733 modo
1528 1705 1616 1732 non
1650 1691 1704 1732 sit
1740 1691 1859 1745 justo

168 1730 372 1807 ‚iiiiffiissmo-
394 1758 554 1809 fortior,
587 1773 669 1812 quo
705 1759 821 1799 haud
851 1760 987 1800 multo
1017 1760 1160 1801 minus
1191 1760 1424 1814 periculose
1456 1759 1743 1800 accendentur
1777 1759 1858 1800 hu-

192 1810 372 1893 ffigsscrasgf‘
394 1839 531 1866 mores
554 1841 682 1880 quam
698 1826 789 1880 ipso
810 1827 933 1877 vino;
964 1842 1043 1869 nec
1065 1842 1088 1869 e
1110 1834 1259 1869 contra
1279 1828 1474 1881 aquosior
1490 1828 1621 1881 justo,
1640 1828 1859 1868 naturales

191 1896 366 1945 scrinium)
393 1893 634 1935 functiones
670 1895 803 1935 nimia
837 1896 1158 1949 refrigeratione
1190 1902 1474 1950 prosternens.
1549 1895 1860 1949 Hujuscemodi

188 1940 376 2012 ffiffiiffi'ssus
394 1968 519 2016 potus
546 1963 580 2003 si
604 1963 685 2005 rite
713 1970 900 2017 paretur,
923 1966 1088 2006 selectis
1116 1965 1456 2020 ingredientibus
1481 1965 1573 2006 istis
1599 1979 1707 2019 quae
1732 1979 1859 2019 aegro

190 2026 332 2065 prodest:
395 2031 537 2072 minus
574 2037 675 2072 sunt
709 2033 891 2086 ingrata,
925 2033 1023 2075 licet
1060 2034 1113 2075 ad
1149 2035 1431 2088 septimanam
1461 2048 1595 2074 unam
1631 2033 1860 2074 alteramve

394 2115 484 2141 non
506 2100 596 2141 sine
618 2101 790 2155 aliquali
810 2102 981 2143 fastidio
1001 2103 1063 2144 ita
1083 2104 1245 2158 jugiter
1270 2108 1523 2153 assumatur,
1545 2107 1693 2157 postea
1711 2107 1860 2143 tamen

395 2167 571 2220 perinde
603 2173 749 2220 gratus
781 2173 823 2210 et
852 2174 1050 2224 aceeptus
1083 2175 1147 2211 est
1180 2184 1227 2211 ac
1258 2176 1360 2211 sunt
1388 2170 1460 2211 alii
1489 2170 1673 2224 liquores
1705 2169 1860 2224 quibus

397 2235 490 2288 quis
521 2236 705 2277 maxime
741 2238 983 2279 assueverit.
1044 2239 1189 2292 Atque
1220 2239 1272 2280 ab
1308 2239 1388 2280 hoc
1418 2244 1543 2292 potus
1580 2251 1735 2292 genere
1770 2252 1860 2279 non

396 2309 569 2346 tantum
595 2319 683 2346 non
712 2305 994 2347 imminuetur
1021 2309 1248 2361 appetitus,
1271 2308 1345 2349 sed
1371 2314 1412 2349 et
1442 2307 1691 2361 augebitur,
1722 2306 1860 2360 magis

396 2372 571 2426 insuper
601 2374 807 2414 naturalis
838 2379 881 2415 et
912 2375 1123 2429 genuinus
1155 2376 1303 2416 evadet
1334 2390 1462 2430 quam
1497 2390 1594 2417 cum
1624 2374 1860 2428 liquoribus

395 2440 662 2482 fermentatis
683 2442 747 2482 uti
769 2443 934 2484 soleret.
998 2443 1094 2484 Hoc
1115 2444 1288 2497 insuper
1309 2443 1520 2485 commodi
1541 2443 1725 2493 accedet,
1745 2441 1859 2496 quod
1917 2497 1921 2500 Δ

398 2509 470 2562 qui
500 2509 746 2563 hujusmodi
781 2516 931 2564 potum
968 2511 1243 2554 diaeteticum
1273 2512 1364 2553 loco
1401 2512 1604 2553 ordinarii
1638 2511 1858 2561 hauriunt,

395 2577 569 2618 liberius
599 2578 646 2618 in
681 2586 847 2620 caetero
877 2580 993 2620 victu
1023 2579 1103 2620 sibi
1138 2580 1301 2634 possint
1336 2579 1572 2633 indulgere,
1602 2593 1730 2633 quam
1759 2592 1859 2619 cum

399 2645 640 2689 cerevisiam
673 2646 868 2688 biberent
896 2653 969 2689 aut
997 2648 1144 2689 vinum
1156 2665 1168 2698 3
1206 2662 1302 2689 cum
1335 2662 1495 2689 errores
1523 2648 1569 2688 in
1592 2647 1708 2688 victu
1739 2647 1859 2700 (quos

401 2726 548 2754 omnes
569 2714 740 2767 penitus
764 2715 920 2756 evitare
940 2730 1049 2770 pene
1075 2730 1202 2770 supra
1222 2716 1456 2756 humanam
1483 2720 1640 2756 sortem
1661 2715 1753 2767 est,)
1778 2714 1860 2755 hoc

400 2786 523 2833 pacto
546 2782 812 2835 aliquatenus
837 2784 1105 2837 corrigantur
1125 2789 1550 2838 compensenturque.
1613 2781 1740 2823 Quod
1759 2795 1859 2822 vero

400 2849 592 2889 omnium
620 2850 804 2903 primum
832 2858 908 2902 est,
932 2867 1056 2906 aeger
1083 2853 1163 2894 hoc
1189 2853 1316 2894 modo
1345 2852 1424 2893 sibi
1452 2867 1476 2893 a
1501 2851 1661 2893 calculo
1688 2864 1857 2904 praeca-

399 2915 524 2967 vebit,
546 2919 618 2980 qui
642 2919 858 2973 Podagrae
887 2921 972 2961 fere
1001 2920 1244 2962 individuus
1271 2924 1334 2961 est
1355 2933 1492 2961 comes
1507 2936 1517 2969 ;
1550 2933 1647 2959 cum
1673 2918 1855 2972 liquores
