1985 3308
492 146 831 187 PROCESSUS
865 147 1131 187 INTEGRI.
1458 151 1539 190 575

152 251 231 304 [5.]
270 252 371 292 Post
391 252 773 293 venae-sectionem
800 257 842 293 et
872 253 1087 293 catharsin
1119 253 1248 293 semel
1270 254 1539 305 celebratam,

87 331 162 371 per
182 323 320 359 totum
342 319 478 360 morbi
500 320 724 361 decursum
745 334 924 373 sequens
946 320 1186 361 cardiacum
1207 321 1457 362 exhibeatur
1475 339 1542 362 :—

90 423 223 466 [Form.
248 426 364 467 19⁶2.]==
390 424 430 476 R<
457 427 578 471 Aquae
596 427 802 460 Cerasorum
820 427 1023 472 Nigrorum,

463 483 620 529 [Aquae]
642 485 845 529 Fragorum,
863 497 932 520 ana
948 487 1068 520 uncias
1085 493 1163 526 tres,

462 542 585 585 Aquae
604 541 848 586 Epidemicae‚

463 596 619 641 [Aquae]
640 598 772 631 Sem-«lii
792 599 1027 643 Compositae‚

463 654 619 699 [Aquae]
639 655 864 688 Cinnamomi
885 655 1095 697 Hordeatae‚
1113 668 1181 690 ana
1198 657 1337 690 unciam
1356 667 1474 697 unam,

462 710 732 754 Margaritarum
752 718 1034 756 praeparatarum
1053 713 1387 758 sesquidracluuam,

464 768 628 802 Sacchari
645 770 835 814 crystallini
854 771 1086 813 quantitatem
1105 770 1346 812 sufficientem,

462 825 551 860 adde
575 827 698 870 Aquae
723 826 894 860 Rosarum
923 827 1219 862 Dainascenarum
1250 829 1477 862 semiunciam
1504 828 1549 862 ad

510 888 650 927 gratum
668 894 824 928 saporem
840 897 847 923 ;

277 939 411 980 Misce3
436 940 497 974 fiat
513 941 702 985 julapium,
721 940 763 974 de
781 953 848 986 quo
864 942 981 986 capiat
997 942 1193 977 cochlearia
1209 948 1359 988 quatuor
1377 944 1427 977 vel
1447 945 1549 988 quin-

276 1007 344 1040 que
360 996 397 1029 in
413 996 651 1041 languoribus,
669 998 722 1031 vel
739 997 783 1032 ad
800 998 948 1032 libitum.

152 1091 233 1146 [6.]
271 1093 404 1133 Potus
427 1093 481 1134 sit
501 1094 565 1134 lac
587 1099 753 1135 coctum
776 1109 873 1136 cum
896 1110 1029 1149 aquae
1059 1096 1199 1150 triplo,
1221 1097 1287 1137 vel
1310 1097 1547 1138 Decoctum

88 1160 274 1202 Album:
301 1166 423 1212 ut,—

90 1277 222 1318 [Form.
244 1281 338 1323 193.]
353 1276 370 1299 ¹¹
400 1277 438 1321 Η,
467 1280 586 1313 Cornu
605 1281 706 1314 Cervi
724 1281 911 1321 Calcinati‚

463 1338 582 1373 Micae
602 1339 707 1374 Panis
723 1340 903 1381 albissimi,
921 1351 988 1374 ana
1006 1341 1127 1374 uncias
1145 1340 1232 1375 duas
1252 1355 1259 1381 ;

276 1396 397 1440 Coque
412 1397 449 1430 in
467 1408 578 1440 aquae
596 1396 758 1430 fontanae
774 1397 869 1430 libris
886 1397 995 1430 tribus
1011 1397 1055 1430 ad
1069 1398 1174 1431 libras
1191 1397 1298 1437 duas;
1323 1403 1441 1442 postea
1456 1398 1549 1431 suffi-

276 1454 388 1487 ciente
404 1455 599 1498 quantitate
615 1453 770 1487 sacchari
787 1454 955 1487 albissimi
972 1453 1201 1487 edulcoretur.

153 1598 233 1652 [7.]
271 1598 365 1649 Vel,
389 1599 424 1639 si
456 1598 634 1653 dejectio
666 1598 819 1639 virium
848 1598 1136 1652 postulaverit,
1172 1613 1306 1652 aquae
1342 1598 1544 1639 fontanae

87 1665 220 1708 librae
241 1667 350 1709 duae
371 1682 470 1709 cum
489 1668 576 1708 tini
598 1668 799 1709 Canarini
819 1667 928 1708 libra
948 1668 1124 1709 dimidia
1145 1668 1272 1709 simul
1292 1673 1450 1719 coctae,
1472 1684 1548 1723 pro

88 1742 194 1791 potu
213 1736 367 1790 frigide
388 1742 672 1778 assumantur.

153 1805 233 1859 [8.]
273 1804 387 1846 Cum
407 1820 483 1860 per
502 1811 589 1847 tres
604 1807 714 1847 vices
734 1811 941 1860 purgatus
962 1806 1090 1846 fuerit
1112 1820 1250 1859 aeger,
1267 1810 1360 1847 tota
1382 1806 1545 1847 curatio

87 1873 185 1914 usui
204 1874 378 1915 laudaui
397 1874 463 1915 bis
483 1875 548 1915 vel
574 1880 640 1916 ter
663 1875 709 1915 in
731 1875 798 1915 die
825 1873 996 1927 repetiti
1021 1879 1168 1926 postea
1194 1873 1406 1914 incumbit
1419 1890 1430 1923 3
1463 1873 1547 1913 nisi

90 1941 204 1996 quod
243 1955 393 1982 enema
433 1956 483 1983 ex
522 1942 643 1983 lactis
682 1942 843 1995 vaccini
883 1941 992 1982 libra
1031 1941 1206 1982 dimidia
1246 1946 1288 1982 et
1334 1941 1547 1983 theriacae

89 2009 381 2050 Andromachi
426 2010 693 2063 sesquiuncia
738 2009 917 2050 subinde
956 2008 1185 2062 injiciatur,
1228 2009 1341 2062 quod
1380 2009 1426 2049 in
1467 2010 1549 2050 alxi

90 2077 378 2131 egestionibus
399 2078 505 2118 mire
527 2078 703 2119 confert.

155 2146 235 2200 [9.]
265 2146 374 2186 Cum
396 2146 477 2187 alxi
490 2147 628 2186 fluxus
648 2146 694 2186 in
711 2145 990 2186 Diarrhoeam
1010 2149 1183 2186 tantum
1206 2150 1412 2199 assurgat,
1429 2146 1547 2200 phle—

89 2214 281 2256 botomia
311 2219 353 2255 et
385 2215 567 2255 catharsi
596 2214 863 2268 praescriptis
895 2213 1073 2264 omissis,
1097 2227 1277 2267 sequens
1307 2212 1430 2254 bolus
1462 2214 1546 2255 sin-

90 2281 201 2335 gulis
223 2281 446 2322 matutinis
468 2282 717 2323 exhibeatur
732 2299 800 2322 :——-

93 2401 227 2443 [Form.
249 2403 342 2444 194]
395 2402 435 2453 R
463 2404 678 2438 Rhabarbari
704 2404 875 2449 puls-erati
901 2403 1203 2444 semidrachmmn,

510 2459 602 2506 (plus
615 2463 731 2495 minus
747 2472 808 2507 pro
825 2461 958 2494 ratione
976 2461 1127 2504 virium)

463 2528 544 2551 cum
561 2518 752 2552 sufficiente
769 2519 963 2562 quantitate
983 2517 1178 2551 Diascordii
1192 2531 1200 2557 ;

282 2575 361 2609 Fiat
377 2575 488 2616 bolus,
504 2574 664 2609 addendo
682 2575 760 2609 Olei
777 2575 927 2620 chymici
946 2575 1171 2609 Cinnamomi
1189 2580 1307 2620 guttas
1325 2573 1422 2608 duas.

157 2687 266 2742 [10.]
303 2686 515 2728 Noctibus
543 2687 866 2742 insequentibus
896 2687 1189 2741 paregoricum
1217 2701 1265 2727 ex
1299 2701 1432 2740 aquae
1462 2687 1549 2727 cin-

91 2756 282 2797 namomi
297 2756 525 2797 hordeatae
541 2756 668 2797 uncia
682 2770 769 2796 una
785 2761 827 2796 et
843 2756 1017 2797 laudaui
1032 2756 1182 2809 liquidi
1200 2755 1334 2809 guttis
1351 2761 1552 2810 quatuor-

93 2823 230 2865 decim
252 2823 516 2865 exhibeatur.

135 2913 153 2936 8
177 2909 226 2940 Cf.
243 2909 334 2939 form.
353 2911 402 2939 25.
529 2906 545 2929 h
573 2908 620 2939 Cf.
643 2910 763 2938 Observ.
780 2910 863 2939 Med.
880 2909 917 2939 iv.
937 2911 965 2939 3.
985 2911 1042 2939 10:
1067 2910 1095 2940 6.
1114 2911 1150 2945 93
1175 2911 1279 2939 Sched.
1298 2910 1405 2940 Movit.
1424 2911 1450 2939 l.
1469 2912 1483 2948 ξ
1506 2910 1553 2939 13.

1574 267 1627 297 Dn
1648 268 1734 298 Drs-

1573 319 1740 347 ENTERM,

1629 355 1685 383 &a

1568 2156 1698 2187 Curatio

1567 2199 1629 2229 alvi
1646 2200 1751 2229 fluxus

1566 2242 1604 2271 ad
1623 2242 1716 2272 Diar-

1566 2284 1694 2315 rhoeam

1568 2332 1694 2358 tantum
1703 2338 1753 2358 as-

1568 2371 1738 2411 surgentis.
