1985 3308
280 153 802 195 OBSERVATIONUM
834 153 1211 195 MEDICARUM
1244 163 1308 196 IV.
1334 164 1365 194 3.
1469 158 1550 198 173

95 264 251 311 coctae,
275 275 351 315 pro
378 265 482 315 potu
513 260 724 301 ordinario
749 260 902 314 frigide
933 260 1271 301 assumebantur.
1333 261 1552 302 Panatella
1585 274 1743 306 Dvsmwr.

94 328 198 368 item
213 343 522 382 nonnunquam
537 328 795 378 vescebatur,
809 342 1117 381 nonnunquam
1134 328 1300 382 jusculo
1317 342 1339 368 e
1355 329 1552 369 carnibus
1571 317 1754 392 ΛᾏῧῖξὲΜ

94 395 228 436 ovinis
254 395 627 437 macilentioribus.
691 395 1024 436 Grandaeviores
1044 396 1200 436 lectulo
1223 396 1360 449 magis
1385 396 1526 436 addixi
1539 413 1550 447 3
1570 405 1755 450 ῇῑῇῖωη-

95 478 247 518 aquarn
263 465 367 505 item
389 465 622 506 cardiacam
642 465 725 504 illis
746 464 997 505 familiarem
1017 465 1232 505 liberalius
1252 466 1410 506 indulsi
1427 480 1552 519 quam
1570 459 1728 534 ffi‘ssfflfad

93 532 329 573 infantibus
357 537 429 572 aut
455 532 696 585 junioribus
725 546 802 586 par
827 537 930 573 erat.
991 532 1187 572 Laudata
1211 533 1438 573 methodus
1464 548 1552 573 om-
1571 514 1704 576 diizss'nili.
1732 523 1744 527 “

93 599 232 650 nibus,
257 614 362 653 quae
382 600 489 640 mihi
507 600 715 641 hactenus
739 600 976 651 innotuere,
998 600 1044 640 in
1068 600 1148 641 hoc
1176 601 1324 641 morbo
1344 601 1553 642 vincendo

93 666 215 708 facile
235 668 421 721 palmam
447 668 693 722 praeripuit,
716 668 788 721 qui
814 682 984 722 perraro
1006 669 1118 710 ultra
1137 668 1310 709 tertiam
1336 669 1552 723 purgatio-

93 749 193 776 nem
215 736 392 777 duravit.

159 805 267 859 [11.]
307 805 432 847 Quod
454 806 489 846 si
508 805 681 847 morbus
702 805 974 859 praefractior
993 806 1060 846 his
1080 820 1169 847 non
1190 805 1371 857 cederet,
1390 805 1552 847 dictum
1572 820 1610 850 111
1627 822 1738 853 morbo

93 873 386 926 paregoricum
426 887 552 926 aegro
593 873 765 914 exhibui
806 874 982 927 singulis
1017 873 1177 924 diebus,
1214 888 1338 914 mane
1374 878 1416 914 et
1447 874 1553 914 hora
1569 869 1753 947 33¹¹}ssssAE-

95 939 245 989 somni,
268 939 400 981 donec
428 942 602 981 omnino
627 941 933 982 convalesceret
946 959 957 991 3
989 942 1099 982 imoy
1121 956 1203 995 quo
1231 941 1386 982 certius
1414 942 1551 982 adhuc
1569 950 1716 998 goricuyn

93 1007 163 1048 hic
194 1008 369 1049 affectus
400 1008 600 1049 debellari
626 1014 834 1062 potuerat,
857 1009 1090 1050 laudanum
1116 1009 1381 1063 praedictum
1406 1014 1552 1050 octava
1569 992 1706 1071 Ξζὲξὲἓὲ

96 1089 260 1129 quaque
285 1076 389 1116 hora
413 1076 472 1129 (id
492 1081 568 1127 est,
590 1081 656 1117 ter
684 1077 818 1130 spatio
847 1077 930 1117 (liei
951 1078 1185 1130 naturalis,)
1210 1077 1434 1131 propinare
1464 1092 1552 1118 non
1571 1087 1664 1107 mane
1679 1082 1711 1107 et

95 1143 311 1195 dubitavi3
343 1144 468 1197 idque
496 1144 541 1184 in
566 1144 723 1198 majore
746 1144 836 1184 dosi
863 1159 990 1198 quam
1018 1159 1144 1198 supra
1173 1145 1378 1195 recensui,
1400 1159 1552 1198 nempe
1571 1121 1721 1202 Ξὲἶξίξηῗὲ-

95 1211 147 1252 ad
170 1216 314 1265 guttas
346 1213 531 1266 quinque
559 1216 601 1252 et
622 1212 786 1265 viginti,
817 1212 851 1252 si
877 1213 991 1265 prior
1018 1212 1129 1253 dosis
1157 1213 1289 1252 fluxui
1317 1213 1553 1254 cohibendo
1570 1205 1758 1287 ξιῗζοθὲξέἒξξ

93 1278 209 1319 haud
243 1294 319 1333 par
357 1280 507 1320 fuerat.
571 1279 752 1333 Insuper
787 1293 936 1320 enema
977 1294 1027 1320 ex
1062 1280 1182 1321 lactis
1214 1280 1410 1321 vaccinae
1445 1280 1554 1321 libra
1570 1272 1725 1339 etdpbet'

94 1347 280 1399 dimidia,
308 1355 350 1389 et
375 1348 563 1389 therIaca
588 1348 878 1389 Andromachi
906 1348 1183 1402 sesquiuncia,
1206 1348 1383 1401 singulis
1405 1348 1554 1389 diebus
1569 1333 1722 1364 exluben.

94 1415 371 1470 injiciendum
392 1416 545 1467 curavi,
570 1417 682 1470 quod
707 1416 879 1470 quidem
901 1415 945 1456 in
973 1416 1294 1470 quibuscunque
1316 1416 1395 1456 alvi
1418 1416 1554 1469 dejec-

93 1483 280 1525 tionibus
315 1484 422 1525 mire
457 1484 633 1526 confert.
694 1485 788 1525 Nec
826 1485 895 1525 vel
928 1484 1155 1524 minimum
1191 1483 1363 1537 quidem
1394 1483 1554 1524 incom-

94 1551 208 1592 modi
230 1566 255 1592 a
279 1556 369 1592 tam
388 1552 603 1605 frequenti
623 1552 923 1593 medicamenti
950 1551 1153 1593 narcotici
1173 1551 1427 1605 repetitione
1447 1551 1554 1591 mihi

95 1619 232 1660 adhuc
252 1619 393 1661 videre
413 1620 607 1674 contigit,
630 1620 956 1674 (quantamlibet
977 1634 1133 1660 noxam
1154 1619 1254 1659 inde
1276 1623 1554 1673 sequuturam

94 1687 469 1729 comminiscantur
490 1688 726 1742 inexperti,)
750 1688 849 1729 licet
876 1688 1016 1742 plures
1037 1687 1225 1729 noverim
1248 1687 1319 1741 qui
1339 1687 1385 1727 in
1405 1687 1553 1727 morbo

94 1755 398 1796 contumaciori
425 1756 538 1797 idem
560 1757 613 1797 ad
638 1757 894 1810 septimanas
920 1756 1079 1809 aliquot
1110 1755 1333 1796 continuas
1366 1754 1554 1808 quotidie

93 1823 401 1877 usurpaverint.
484 1824 594 1865 Hicz
635 1829 778 1865 autem
820 1824 1137 1865 admonendum
1182 1823 1294 1877 quod
1334 1836 1432 1863 cum
1472 1821 1551 1862 alvi
1572 1834 1703 1864 Curatio

94 1891 231 1931 fluxus
253 1891 305 1931 ad
323 1891 587 1932 diarrhoeam
608 1897 779 1933 tantum
796 1896 1002 1945 assurgat,
1017 1892 1118 1932 satis
1141 1891 1221 1932 erit
1242 1895 1291 1931 ut
1317 1890 1551 1944 (phleboto-
1571 1877 1633 1907 alvi
1650 1878 1757 1907 fluxus

1571 1921 1609 1949 ad
1626 1920 1709 1949 diar-

95 1958 181 1998 mia
201 1972 248 1999 ac
274 1959 455 1999 cathan-si
483 1959 644 2000 fortiori
672 1960 856 2012 omissa)
880 1960 1186 2000 rhabarbarum
1215 1959 1351 2000 solum
1376 1957 1552 2011 singulis
1570 1963 1699 1992 rhoeam

95 2026 318 2067 matutinis
340 2026 601 2077 exhibeatur,
622 2042 775 2080 nempe
803 2028 992 2081 ejusdem
1016 2027 1224 2080 pulverati
1246 2010 1759 2088 semid1·achma{³u¹,¹.g‡¹g¹ti{⁸‘

99 2094 208 2147 (plus
239 2094 380 2134 minus
414 2108 490 2148 pro
521 2094 635 2148 aegri
667 2094 819 2134 virium
849 2094 1042 2146 ratione,)
1067 2094 1112 2133 in
1142 2094 1289 2134 bolum
1320 2093 1553 2133 sufficiente

95 2162 332 2216 quantitate
354 2162 573 2203 diascordii
602 2162 866 2212 concinnata,
890 2162 1084 2202 addendo
1106 2161 1186 2201 olei
1208 2161 1387 2215 chymici
1408 2160 1553 2201 cinna-

94 2230 224 2271 momi
239 2235 382 2284 guttas
400 2231 502 2271 duas
512 2248 522 2280 ;
554 2230 750 2271 noctibus
765 2235 909 2271 autem
925 2229 1246 2283 insequentibus
1261 2228 1553 2282 paregoricum

95 2313 146 2340 ex
173 2313 306 2352 aquae
337 2298 593 2339 cinnamomi
615 2298 842 2339 hordeatae
871 2298 995 2338 uncia
1016 2312 1113 2348 una,
1136 2302 1178 2338 et
1203 2297 1377 2338 laudani
1403 2297 1552 2351 liquidi

95 2367 228 2420 guttis
251 2367 569 2421 quatuordecim
582 2384 592 2417 ;
625 2367 809 2407 diaetam
834 2366 1007 2407 interim
1029 2366 1288 2406 observando
1314 2365 1481 2418 qualem
1508 2365 1553 2405 in

95 2434 312 2475 curatione
345 2434 624 2489 Dysenteriae
656 2448 782 2488 supra
812 2433 1023 2487 descripsi,
1055 2438 1182 2486 atque
1213 2433 1342 2474 etiam
1375 2432 1553 2486 singulis

95 2501 255 2553 diebus,
278 2502 312 2542 si
341 2518 445 2556 opus
465 2502 606 2553 fuerit,
629 2503 854 2557 clysterem
880 2501 1110 2556 injiciendo
1131 2501 1290 2542 ibidem
1315 2501 1550 2542 laudatum.

96 2570 181 2611 Sed
201 2571 280 2612 hoc
303 2571 451 2612 obiter.

158 2638 265 2693 [12.]
305 2639 367 2680 Ut
398 2638 524 2680 unica
551 2638 757 2680 instantia
791 2639 943 2692 (neque
972 2637 1085 2679 enim
1116 2637 1308 2691 pluribus
1339 2637 1551 2678 convales-

94 2710 282 2751 centium
310 2711 524 2765 exemplis,
547 2711 666 2751 nulla
686 2716 864 2764 cogente
885 2710 1149 2759 necessitate,
1172 2709 1342 2750 Lectori
1362 2709 1552 2750 taedium

94 2778 271 2831 creabo,)
316 2779 566 2819 methodum
609 2780 699 2833 jam
740 2793 764 2819 a
804 2793 871 2819 me
912 2778 1169 2832 propositam
1210 2777 1551 2818 commendatam

181 2933 194 2952 δ’
218 2924 449 2966 imo—confert]
467 2936 528 2956 om.
546 2927 593 2956 od.
611 2927 671 2958 76.
982 2934 993 2948 ⁷,
1018 2925 1236 2966 Ilio—obiter]
1255 2936 1317 2956 om.
1335 2925 1381 2956 ed.
1401 2926 1462 2957 ³76.
