1985 3308
427 144 717 185 EPISTOLA
748 144 809 185 II.
844 145 1275 187 RESPONSORIA.
1494 149 1575 187 305

117 251 350 306 protollunt,
384 257 428 291 ut
456 253 559 291 vitae
583 251 708 305 plane
737 252 893 292 taedeat
922 254 1024 292 inter
1052 253 1288 304 carnificum
1320 259 1512 293 tormenta
1542 260 1580 293 et
1613 259 1770 290 HEcht

123 318 370 372 Ionyissimas
390 318 617 359 Medicinae
637 333 769 359 moras
793 325 1035 373 protractae,
1057 325 1095 359 et
1110 320 1205 372 fere
1226 320 1346 359 levius
1366 322 1418 359 sit
1440 335 1577 374 acyro-
1598 302 1790 378 ΕῙῙῖῗέζὲῗΑ.

123 392 226 426 tasse
255 401 375 441 quam
404 389 554 427 sanari.
627 387 706 427 Jus
735 389 858 441 iyitur
881 389 1081 441 promissi,
1113 389 1237 427 amice
1267 393 1410 436 tamen,
1442 389 1576 442 exiam

114 457 356 509 praemittas
380 470 459 505 or0,
482 457 523 496 in
550 456 811 496 arrhabonem
842 456 1094 510 reliquorum,
1116 457 1153 495 si
1180 456 1279 510 quid
1305 456 1423 495 habes
1443 456 1519 495 lcac
1540 458 1580 496 in

122 537 165 562 re
184 524 414 574 confectum.
475 522 721 563 Humaniter
740 529 779 562 et
805 524 953 563 sincere
982 523 1145 577 explices
1173 537 1253 577 qua
1283 523 1472 571 methodo,
1495 525 1583 577 qui-

122 591 194 630 bus
220 590 392 638 auxiliis,
415 590 486 630 lioc
515 591 647 630 morbo
672 596 814 644 captus
839 605 879 630 se
906 591 1077 630 redimat
1107 605 1227 646 quam
1259 596 1379 645 queat
1406 592 1578 631 minimo.

123 658 234 699 Satis
249 663 363 697 estut
377 672 493 712 aeyer
507 658 578 697 sub
598 658 691 698 DE
698 659 747 707 0,
766 673 842 698 uon
862 660 980 698 etiam
994 660 1110 712 pejus
1130 659 1201 698 sub
1218 658 1390 708 [Wedicm
1408 659 1578 712 vapulet.

122 725 215 766 Hoc
236 732 400 780 qratum
420 726 606 780 pluribus
617 727 711 778 fiet,
736 732 773 766 et
791 727 849 766 ad
866 741 925 766 me
945 727 1133 780 aliqualis
1152 727 1290 766 saltem
1308 741 1413 780 pars
1428 727 1582 780 yloriae

121 794 273 842 redibit,
296 800 426 848 utpote
453 795 564 847 cujus
581 795 766 848 precibus
787 794 1161 834 desideratissimum
1182 795 1254 834 lzoc
1274 808 1372 848 opus
1392 795 1434 834 in
1456 794 1580 834 lucem

121 863 284 902 dederis.

718 931 809 970 Tibi
825 932 935 971 omni
953 931 1078 985 officio
1099 931 1403 978 addictissimus,

1202 998 1259 1040 H,
1283 997 1516 1038 PAMAN.

174 1056 234 1089 Ea·
252 1054 375 1088 Aedib.
394 1053 570 1088 Lambeth.

194 1112 292 1146 Febr.
315 1115 366 1146 12.
388 1114 548 1145 1679-80.

817 3010 886 3039 Rl'
