<?xml version="1.0" encoding="UTF-8"?>
<!DOCTYPE html PUBLIC "-//W3C//DTD XHTML 1.0 Transitional//EN"
    "http://www.w3.org/TR/xhtml1/DTD/xhtml1-transitional.dtd">
<html xmlns="http://www.w3.org/1999/xhtml" xml:lang="en" lang="en">
 <head>
  <title>
</title>
<meta http-equiv="Content-Type" content="text/html;charset=utf-8" />
  <meta name='ocr-system' content='tesseract 3.04.00' />
  <meta name='ocr-capabilities' content='ocr_page ocr_carea ocr_par ocr_line ocrx_word'/>
</head>
<body>
  <div class='ocr_page' id='page_1' title='image "./thomaesydenhammd00sydeuoft_0069.png"; bbox 0 0 1985 3308; ppageno 0'>
   <div class='ocr_carea' id='block_1_1' title="bbox 281 181 1544 226">
    <p class='ocr_par' dir='ltr' id='par_1_1' title="bbox 281 181 1544 226">
     <span class='ocr_line' id='line_1_1' title="bbox 281 181 1544 226; baseline 0.002 -3"><span class='ocrx_word' id='word_1_1' title='bbox 281 181 807 223; x_wconf 85' lang='lat' dir='ltr'><strong>OBSERVATIONUM</strong></span> <span class='ocrx_word' id='word_1_2' title='bbox 838 181 1217 224; x_wconf 81' lang='lat' dir='ltr'>MEDICARUM</span> <span class='ocrx_word' id='word_1_3' title='bbox 1251 189 1282 225; x_wconf 90' lang='lat' dir='ltr'>I.</span> <span class='ocrx_word' id='word_1_4' title='bbox 1302 196 1338 226; x_wconf 82' lang='lat'>2.</span> <span class='ocrx_word' id='word_1_5' title='bbox 1488 186 1544 226; x_wconf 88' lang='lat'>33</span> 
     </span>
    </p>
   </div>
   <div class='ocr_carea' id='block_1_2' title="bbox 86 287 1764 2849">
    <p class='ocr_par' dir='ltr' id='par_1_2' title="bbox 86 287 1756 1957">
     <span class='ocr_line' id='line_1_2' title="bbox 86 287 1747 342; baseline 0 -14"><span class='ocrx_word' id='word_1_6' title='bbox 86 287 326 328; x_wconf 79' lang='lat' dir='ltr'><strong>istiusmodi</strong></span> <span class='ocrx_word' id='word_1_7' title='bbox 353 288 491 328; x_wconf 83' lang='lat' dir='ltr'><strong>febres</strong></span> <span class='ocrx_word' id='word_1_8' title='bbox 515 302 602 328; x_wconf 94' lang='lat' dir='ltr'>non</span> <span class='ocrx_word' id='word_1_9' title='bbox 630 287 772 342; x_wconf 87' lang='lat' dir='ltr'>potius</span> <span class='ocrx_word' id='word_1_10' title='bbox 804 288 1059 329; x_wconf 90' lang='lat' dir='ltr'>sortirentur</span> <span class='ocrx_word' id='word_1_11' title='bbox 1083 288 1260 329; x_wconf 86' lang='lat' dir='ltr'>nomina</span> <span class='ocrx_word' id='word_1_12' title='bbox 1290 303 1315 329; x_wconf 91' lang='lat' dir='ltr'>a</span> <span class='ocrx_word' id='word_1_13' title='bbox 1340 289 1546 330; x_wconf 89' lang='lat' dir='ltr'>constitu·</span> <span class='ocrx_word' id='word_1_14' title='bbox 1573 299 1627 329; x_wconf 67' lang='lat' dir='ltr'>DE</span> <span class='ocrx_word' id='word_1_15' title='bbox 1641 299 1747 329; x_wconf 76' lang='lat' dir='ltr'>Mon-</span> 
     </span>
     <span class='ocr_line' id='line_1_3' title="bbox 87 342 1735 414; baseline 0.001 -18"><span class='ocrx_word' id='word_1_16' title='bbox 87 356 217 406; x_wconf 89' lang='lat' dir='ltr'>tione,</span> <span class='ocrx_word' id='word_1_17' title='bbox 240 361 450 410; x_wconf 88' lang='lat' dir='ltr'>quatenus</span> <span class='ocrx_word' id='word_1_18' title='bbox 471 356 622 396; x_wconf 90' lang='lat' dir='ltr'>horum</span> <span class='ocrx_word' id='word_1_19' title='bbox 644 356 891 397; x_wconf 81' lang='lat' dir='ltr'>morborum</span> <span class='ocrx_word' id='word_1_20' title='bbox 913 356 1108 397; x_wconf 90' lang='lat' dir='ltr'>alterutri</span> <span class='ocrx_word' id='word_1_21' title='bbox 1135 356 1408 409; x_wconf 90' lang='lat' dir='ltr'>producendo</span> <span class='ocrx_word' id='word_1_22' title='bbox 1434 357 1546 397; x_wconf 83' lang='lat' dir='ltr'>favet</span> <span class='ocrx_word' id='word_1_23' title='bbox 1581 342 1735 414; x_wconf 52' lang='grc' dir='ltr'>’[ζΐΜῙωἿζ</span> 
     </span>
     <span class='ocr_line' id='line_1_4' title="bbox 89 423 1583 477; baseline 0 -13"><span class='ocrx_word' id='word_1_24' title='bbox 89 423 237 464; x_wconf 90' lang='lat' dir='ltr'>eodem</span> <span class='ocrx_word' id='word_1_25' title='bbox 262 424 335 464; x_wconf 91' lang='lat' dir='ltr'>illo</span> <span class='ocrx_word' id='word_1_26' title='bbox 364 428 555 477; x_wconf 87' lang='lat' dir='ltr'>tempore</span> <span class='ocrx_word' id='word_1_27' title='bbox 585 437 667 477; x_wconf 92' lang='lat' dir='ltr'>quo</span> <span class='ocrx_word' id='word_1_28' title='bbox 697 423 1012 477; x_wconf 83' lang='lat' dir='ltr'>comparebant,</span> <span class='ocrx_word' id='word_1_29' title='bbox 1035 438 1163 477; x_wconf 91' lang='lat' dir='ltr'>quam</span> <span class='ocrx_word' id='word_1_30' title='bbox 1189 438 1214 464; x_wconf 90' lang='lat' dir='ltr'>a</span> <span class='ocrx_word' id='word_1_31' title='bbox 1235 424 1423 477; x_wconf 89' lang='lat' dir='ltr'>qualibet</span> <span class='ocrx_word' id='word_1_32' title='bbox 1451 438 1546 464; x_wconf 86' lang='lat' dir='ltr'>san·</span> <span class='ocrx_word' id='word_1_33' title='bbox 1568 428 1583 430; x_wconf 14' lang='grc' dir='ltr'><strong>ξ</strong></span> 
     </span>
     <span class='ocr_line' id='line_1_5' title="bbox 89 491 1547 545; baseline 0.001 -14"><span class='ocrx_word' id='word_1_34' title='bbox 89 492 230 545; x_wconf 86' lang='lat' dir='ltr'>guinis</span> <span class='ocrx_word' id='word_1_35' title='bbox 256 492 520 541; x_wconf 77' lang='lat' dir='ltr'>alteratione,</span> <span class='ocrx_word' id='word_1_36' title='bbox 542 492 609 532; x_wconf 78' lang='lat' dir='ltr'>vel</span> <span class='ocrx_word' id='word_1_37' title='bbox 635 496 918 545; x_wconf 85' lang='lat' dir='ltr'>symptomate</span> <span class='ocrx_word' id='word_1_38' title='bbox 943 491 1201 545; x_wconf 81' lang='lat' dir='ltr'>particulari,</span> <span class='ocrx_word' id='word_1_39' title='bbox 1228 506 1334 545; x_wconf 90' lang='lat' dir='ltr'>quae</span> <span class='ocrx_word' id='word_1_40' title='bbox 1360 492 1547 532; x_wconf 88' lang='lat' dir='ltr'>diversae</span> 
     </span>
     <span class='ocr_line' id='line_1_6' title="bbox 90 559 1547 613; baseline -0.001 -13"><span class='ocrx_word' id='word_1_41' title='bbox 90 559 241 612; x_wconf 89' lang='lat' dir='ltr'>speciei</span> <span class='ocrx_word' id='word_1_42' title='bbox 263 559 453 600; x_wconf 88' lang='lat' dir='ltr'>febribus</span> <span class='ocrx_word' id='word_1_43' title='bbox 484 559 575 612; x_wconf 86' lang='lat' dir='ltr'>pari</span> <span class='ocrx_word' id='word_1_44' title='bbox 601 559 698 613; x_wconf 86' lang='lat' dir='ltr'>jure</span> <span class='ocrx_word' id='word_1_45' title='bbox 733 563 911 612; x_wconf 87' lang='lat' dir='ltr'>possunt</span> <span class='ocrx_word' id='word_1_46' title='bbox 941 563 1192 612; x_wconf 87' lang='lat' dir='ltr'>competere.</span> <span class='ocrx_word' id='word_1_47' title='bbox 1262 559 1369 612; x_wconf 46' lang='lat' dir='ltr'>[ll]</span> <span class='ocrx_word' id='word_1_48' title='bbox 1408 559 1547 599; x_wconf 89' lang='lat' dir='ltr'>Inter-</span> 
     </span>
     <span class='ocr_line' id='line_1_7' title="bbox 88 626 1548 680; baseline -0.001 -13"><span class='ocrx_word' id='word_1_49' title='bbox 88 627 311 667; x_wconf 90' lang='lat' dir='ltr'>mittentes</span> <span class='ocrx_word' id='word_1_50' title='bbox 327 640 424 667; x_wconf 86' lang='lat' dir='ltr'>vero</span> <span class='ocrx_word' id='word_1_51' title='bbox 443 626 617 667; x_wconf 91' lang='lat' dir='ltr'>nomina</span> <span class='ocrx_word' id='word_1_52' title='bbox 633 626 713 667; x_wconf 88' lang='lat' dir='ltr'>sibi</span> <span class='ocrx_word' id='word_1_53' title='bbox 731 626 962 667; x_wconf 89' lang='lat' dir='ltr'>desumunt</span> <span class='ocrx_word' id='word_1_54' title='bbox 979 626 1031 667; x_wconf 92' lang='lat' dir='ltr'>ab</span> <span class='ocrx_word' id='word_1_55' title='bbox 1048 626 1270 667; x_wconf 89' lang='lat' dir='ltr'>intervallo</span> <span class='ocrx_word' id='word_1_56' title='bbox 1283 626 1548 680; x_wconf 81' lang='lat' dir='ltr'>paroxysmis</span> 
     </span>
     <span class='ocr_line' id='line_1_8' title="bbox 87 693 1547 748; baseline -0.001 -14"><span class='ocrx_word' id='word_1_57' title='bbox 87 694 324 748; x_wconf 90' lang='lat' dir='ltr'>interjecto,</span> <span class='ocrx_word' id='word_1_58' title='bbox 347 698 474 748; x_wconf 89' lang='lat' dir='ltr'>atque</span> <span class='ocrx_word' id='word_1_59' title='bbox 502 694 582 734; x_wconf 93' lang='lat' dir='ltr'>hoc</span> <span class='ocrx_word' id='word_1_60' title='bbox 605 694 775 747; x_wconf 87' lang='lat' dir='ltr'>quidem</span> <span class='ocrx_word' id='word_1_61' title='bbox 798 694 1040 735; x_wconf 84' lang='lat' dir='ltr'>charactere</span> <span class='ocrx_word' id='word_1_62' title='bbox 1062 694 1163 734; x_wconf 89' lang='lat' dir='ltr'>satis</span> <span class='ocrx_word' id='word_1_63' title='bbox 1185 693 1547 743; x_wconf 84' lang='lat' dir='ltr'>discriminantur,</span> 
     </span>
     <span class='ocr_line' id='line_1_9' title="bbox 90 761 1547 815; baseline -0.001 -13"><span class='ocrx_word' id='word_1_64' title='bbox 90 761 126 802; x_wconf 91' lang='lat' dir='ltr'>si</span> <span class='ocrx_word' id='word_1_65' title='bbox 169 762 381 802; x_wconf 85' lang='lat' dir='ltr'>variarum</span> <span class='ocrx_word' id='word_1_66' title='bbox 422 762 551 802; x_wconf 87' lang='lat' dir='ltr'>etiam</span> <span class='ocrx_word' id='word_1_67' title='bbox 592 761 694 802; x_wconf 90' lang='lat' dir='ltr'>anni</span> <span class='ocrx_word' id='word_1_68' title='bbox 734 766 1038 815; x_wconf 85' lang='lat' dir='ltr'>tempestatum</span> <span class='ocrx_word' id='word_1_69' title='bbox 1081 761 1235 814; x_wconf 93' lang='lat' dir='ltr'>quibus</span> <span class='ocrx_word' id='word_1_70' title='bbox 1275 761 1547 814; x_wconf 85' lang='lat' dir='ltr'>contingunt,</span> 
     </span>
     <span class='ocr_line' id='line_1_10' title="bbox 89 829 1550 882; baseline -0.001 -11"><span class='ocrx_word' id='word_1_71' title='bbox 89 830 197 871; x_wconf 86' lang='lat' dir='ltr'>veris</span> <span class='ocrx_word' id='word_1_72' title='bbox 226 831 384 871; x_wconf 88' lang='lat' dir='ltr'>seilicet</span> <span class='ocrx_word' id='word_1_73' title='bbox 415 835 457 871; x_wconf 91' lang='lat' dir='ltr'>et</span> <span class='ocrx_word' id='word_1_74' title='bbox 489 830 698 880; x_wconf 87' lang='lat' dir='ltr'>autumni,</span> <span class='ocrx_word' id='word_1_75' title='bbox 720 829 929 870; x_wconf 85' lang='lat' dir='ltr'>habeatur</span> <span class='ocrx_word' id='word_1_76' title='bbox 953 829 1084 870; x_wconf 88' lang='lat' dir='ltr'>ratio:</span> <span class='ocrx_word' id='word_1_77' title='bbox 1118 830 1216 870; x_wconf 89' lang='lat' dir='ltr'>licet</span> <span class='ocrx_word' id='word_1_78' title='bbox 1237 843 1550 882; x_wconf 90' lang='lat' dir='ltr'>nonnunquam</span> 
     </span>
     <span class='ocr_line' id='line_1_11' title="bbox 92 897 1547 951; baseline -0.001 -13"><span class='ocrx_word' id='word_1_79' title='bbox 92 911 238 939; x_wconf 89' lang='lat' dir='ltr'>earum</span> <span class='ocrx_word' id='word_1_80' title='bbox 260 898 424 951; x_wconf 89' lang='lat' dir='ltr'>aliquae</span> <span class='ocrx_word' id='word_1_81' title='bbox 446 898 497 939; x_wconf 89' lang='lat' dir='ltr'>de</span> <span class='ocrx_word' id='word_1_82' title='bbox 525 897 904 938; x_wconf 89' lang='lat' dir='ltr'>intermittentium</span> <span class='ocrx_word' id='word_1_83' title='bbox 925 903 1081 937; x_wconf 91' lang='lat' dir='ltr'>natura</span> <span class='ocrx_word' id='word_1_84' title='bbox 1108 911 1252 937; x_wconf 85' lang='lat' dir='ltr'>revera</span> <span class='ocrx_word' id='word_1_85' title='bbox 1278 897 1547 950; x_wconf 87' lang='lat' dir='ltr'>participent,</span> 
     </span>
     <span class='ocr_line' id='line_1_12' title="bbox 90 964 1736 1018; baseline -0.003 -12"><span class='ocrx_word' id='word_1_86' title='bbox 90 966 210 1006; x_wconf 90' lang='lat' dir='ltr'>nullo</span> <span class='ocrx_word' id='word_1_87' title='bbox 232 966 474 1006; x_wconf 87' lang='lat' dir='ltr'>charactere</span> <span class='ocrx_word' id='word_1_88' title='bbox 496 965 725 1006; x_wconf 85' lang='lat' dir='ltr'>admodum</span> <span class='ocrx_word' id='word_1_89' title='bbox 746 965 899 1005; x_wconf 70' lang='lat' dir='ltr'>visibili</span> <span class='ocrx_word' id='word_1_90' title='bbox 928 965 1096 1005; x_wconf 89' lang='lat' dir='ltr'>easdem</span> <span class='ocrx_word' id='word_1_91' title='bbox 1118 964 1349 1018; x_wconf 80' lang='lat' dir='ltr'>prodente3</span> <span class='ocrx_word' id='word_1_92' title='bbox 1380 969 1430 1004; x_wconf 93' lang='lat' dir='ltr'>ut</span> <span class='ocrx_word' id='word_1_93' title='bbox 1451 978 1550 1004; x_wconf 91' lang='lat' dir='ltr'>eum</span> <span class='ocrx_word' id='word_1_94' title='bbox 1570 972 1736 1002; x_wconf 85' lang='lat' dir='ltr'>Intermit-</span> 
     </span>
     <span class='ocr_line' id='line_1_13' title="bbox 90 1020 1745 1087; baseline -0.002 -14"><span class='ocrx_word' id='word_1_95' title='bbox 90 1037 359 1086; x_wconf 85' lang='lat' dir='ltr'>praemature</span> <span class='ocrx_word' id='word_1_96' title='bbox 379 1034 420 1085; x_wconf 88' lang='lat' dir='ltr'>(J</span> <span class='ocrx_word' id='word_1_97' title='bbox 425 1033 510 1073; x_wconf 93' lang='lat' dir='ltr'>ulio</span> <span class='ocrx_word' id='word_1_98' title='bbox 526 1047 684 1082; x_wconf 87' lang='lat' dir='ltr'>mense,</span> <span class='ocrx_word' id='word_1_99' title='bbox 701 1032 818 1073; x_wconf 79' lang='lat' dir='ltr'>verbi</span> <span class='ocrx_word' id='word_1_100' title='bbox 835 1033 1000 1085; x_wconf 85' lang='lat' dir='ltr'>gratia,)</span> <span class='ocrx_word' id='word_1_101' title='bbox 1021 1032 1357 1072; x_wconf 82' lang='lat' dir='ltr'>intermittentes</span> <span class='ocrx_word' id='word_1_102' title='bbox 1380 1036 1549 1072; x_wconf 91' lang='lat' dir='ltr'>autum-</span> <span class='ocrx_word' id='word_1_103' title='bbox 1568 1020 1745 1087; x_wconf 52' lang='lat' dir='ltr'>{ffffifaffiss‘</span> 
     </span>
     <span class='ocr_line' id='line_1_14' title="bbox 91 1100 1756 1155; baseline -0.002 -13"><span class='ocrx_word' id='word_1_104' title='bbox 91 1102 210 1142; x_wconf 88' lang='lat' dir='ltr'>nales</span> <span class='ocrx_word' id='word_1_105' title='bbox 226 1102 528 1155; x_wconf 83' lang='lat' dir='ltr'>ingrediuntur</span> <span class='ocrx_word' id='word_1_106' title='bbox 542 1105 669 1154; x_wconf 90' lang='lat' dir='ltr'>atque</span> <span class='ocrx_word' id='word_1_107' title='bbox 684 1101 1018 1151; x_wconf 89' lang='lat' dir='ltr'>increbrescunt,</span> <span class='ocrx_word' id='word_1_108' title='bbox 1035 1115 1123 1142; x_wconf 91' lang='lat' dir='ltr'>non</span> <span class='ocrx_word' id='word_1_109' title='bbox 1146 1101 1290 1141; x_wconf 87' lang='lat' dir='ltr'>statim</span> <span class='ocrx_word' id='word_1_110' title='bbox 1314 1100 1549 1153; x_wconf 85' lang='lat' dir='ltr'>genuinum</span> <span class='ocrx_word' id='word_1_111' title='bbox 1568 1100 1756 1148; x_wconf 51' lang='lat' dir='ltr'>aliquandiu</span> 
     </span>
     <span class='ocr_line' id='line_1_15' title="bbox 91 1143 1746 1224; baseline -0.002 -14"><span class='ocrx_word' id='word_1_112' title='bbox 91 1174 243 1224; x_wconf 82' lang='lat' dir='ltr'>typum</span> <span class='ocrx_word' id='word_1_113' title='bbox 259 1169 459 1219; x_wconf 91' lang='lat' dir='ltr'>induunt,</span> <span class='ocrx_word' id='word_1_114' title='bbox 479 1169 606 1222; x_wconf 92' lang='lat' dir='ltr'>(quod</span> <span class='ocrx_word' id='word_1_115' title='bbox 623 1169 1008 1209; x_wconf 88' lang='lat' dir='ltr'>intermittentibus</span> <span class='ocrx_word' id='word_1_116' title='bbox 1021 1169 1160 1209; x_wconf 83' lang='lat' dir='ltr'>vernis</span> <span class='ocrx_word' id='word_1_117' title='bbox 1183 1168 1353 1222; x_wconf 90' lang='lat' dir='ltr'>quidem</span> <span class='ocrx_word' id='word_1_118' title='bbox 1376 1168 1549 1208; x_wconf 88' lang='lat' dir='ltr'>solenne</span> <span class='ocrx_word' id='word_1_119' title='bbox 1568 1143 1746 1214; x_wconf 50' lang='lat' dir='ltr'>{qgrcuogn-</span> 
     </span>
     <span class='ocr_line' id='line_1_16' title="bbox 93 1227 1756 1309; baseline -0.002 -31"><span class='ocrx_word' id='word_1_120' title='bbox 93 1238 185 1290; x_wconf 87' lang='lat' dir='ltr'>est,)</span> <span class='ocrx_word' id='word_1_121' title='bbox 219 1237 292 1278; x_wconf 90' lang='lat' dir='ltr'>sed</span> <span class='ocrx_word' id='word_1_122' title='bbox 322 1237 544 1277; x_wconf 88' lang='lat' dir='ltr'>continuas</span> <span class='ocrx_word' id='word_1_123' title='bbox 574 1236 712 1277; x_wconf 87' lang='lat' dir='ltr'>febres</span> <span class='ocrx_word' id='word_1_124' title='bbox 742 1236 803 1276; x_wconf 90' lang='lat' dir='ltr'>ita</span> <span class='ocrx_word' id='word_1_125' title='bbox 833 1250 908 1290; x_wconf 90' lang='lat' dir='ltr'>per</span> <span class='ocrx_word' id='word_1_126' title='bbox 938 1236 1081 1277; x_wconf 87' lang='lat' dir='ltr'>omnia</span> <span class='ocrx_word' id='word_1_127' title='bbox 1111 1237 1350 1286; x_wconf 86' lang='lat' dir='ltr'>imitantur,</span> <span class='ocrx_word' id='word_1_128' title='bbox 1379 1240 1442 1286; x_wconf 88' lang='lat' dir='ltr'>ut,</span> <span class='ocrx_word' id='word_1_129' title='bbox 1467 1235 1550 1275; x_wconf 91' lang='lat' dir='ltr'>nisi</span> <span class='ocrx_word' id='word_1_130' title='bbox 1569 1227 1756 1309; x_wconf 49' lang='lat' dir='ltr'>{lffilcjlfflffi</span> 
     </span>
     <span class='ocr_line' id='line_1_17' title="bbox 94 1302 1680 1358; baseline -0.002 -13"><span class='ocrx_word' id='word_1_131' title='bbox 94 1304 421 1358; x_wconf 86' lang='lat' dir='ltr'>castigatissimo</span> <span class='ocrx_word' id='word_1_132' title='bbox 441 1309 645 1358; x_wconf 89' lang='lat' dir='ltr'>utrasque</span> <span class='ocrx_word' id='word_1_133' title='bbox 666 1305 860 1344; x_wconf 80' lang='lat' dir='ltr'>examine</span> <span class='ocrx_word' id='word_1_134' title='bbox 881 1304 1167 1353; x_wconf 82' lang='lat' dir='ltr'>trutinaveris,</span> <span class='ocrx_word' id='word_1_135' title='bbox 1191 1303 1242 1344; x_wconf 88' lang='lat' dir='ltr'>ab</span> <span class='ocrx_word' id='word_1_136' title='bbox 1264 1303 1446 1343; x_wconf 89' lang='lat' dir='ltr'>invicem</span> <span class='ocrx_word' id='word_1_137' title='bbox 1467 1302 1550 1343; x_wconf 85' lang='lat' dir='ltr'>dis-</span> <span class='ocrx_word' id='word_1_138' title='bbox 1569 1312 1680 1343; x_wconf 84' lang='lat' dir='ltr'>latent.</span> 
     </span>
     <span class='ocr_line' id='line_1_18' title="bbox 94 1371 1553 1426; baseline -0.002 -13"><span class='ocrx_word' id='word_1_139' title='bbox 94 1373 311 1414; x_wconf 86' lang='lat' dir='ltr'>criminari</span> <span class='ocrx_word' id='word_1_140' title='bbox 351 1387 439 1413; x_wconf 90' lang='lat' dir='ltr'>non</span> <span class='ocrx_word' id='word_1_141' title='bbox 479 1372 656 1426; x_wconf 88' lang='lat' dir='ltr'>possint.</span> <span class='ocrx_word' id='word_1_142' title='bbox 722 1373 784 1413; x_wconf 92' lang='lat' dir='ltr'>At</span> <span class='ocrx_word' id='word_1_143' title='bbox 814 1376 958 1412; x_wconf 89' lang='lat' dir='ltr'>retuso</span> <span class='ocrx_word' id='word_1_144' title='bbox 990 1372 1197 1426; x_wconf 89' lang='lat' dir='ltr'>paulatim</span> <span class='ocrx_word' id='word_1_145' title='bbox 1234 1371 1553 1412; x_wconf 88' lang='lat' dir='ltr'>constitutionis</span> 
     </span>
     <span class='ocr_line' id='line_1_19' title="bbox 94 1438 1552 1494; baseline -0.003 -12"><span class='ocrx_word' id='word_1_146' title='bbox 94 1441 257 1494; x_wconf 89' lang='lat' dir='ltr'>impetu</span> <span class='ocrx_word' id='word_1_147' title='bbox 288 1445 330 1481; x_wconf 90' lang='lat' dir='ltr'>et</span> <span class='ocrx_word' id='word_1_148' title='bbox 366 1441 558 1481; x_wconf 88' lang='lat' dir='ltr'>fraenata</span> <span class='ocrx_word' id='word_1_149' title='bbox 587 1441 640 1491; x_wconf 79' lang='lat' dir='ltr'>vi,</span> <span class='ocrx_word' id='word_1_150' title='bbox 678 1440 767 1494; x_wconf 82' lang='lat' dir='ltr'>jam</span> <span class='ocrx_word' id='word_1_151' title='bbox 798 1440 843 1480; x_wconf 91' lang='lat' dir='ltr'>in</span> <span class='ocrx_word' id='word_1_152' title='bbox 874 1444 1025 1494; x_wconf 80' lang='lat' dir='ltr'>typum</span> <span class='ocrx_word' id='word_1_153' title='bbox 1058 1439 1296 1492; x_wconf 85' lang='lat' dir='ltr'>regularem</span> <span class='ocrx_word' id='word_1_154' title='bbox 1336 1438 1524 1491; x_wconf 84' lang='lat' dir='ltr'>migrant</span> <span class='ocrx_word' id='word_1_155' title='bbox 1540 1454 1552 1487; x_wconf 83' lang='lat'><em>3</em></span> 
     </span>
     <span class='ocr_line' id='line_1_20' title="bbox 95 1507 1555 1562; baseline -0.003 -13"><span class='ocrx_word' id='word_1_156' title='bbox 95 1514 222 1562; x_wconf 87' lang='lat' dir='ltr'>atque</span> <span class='ocrx_word' id='word_1_157' title='bbox 243 1513 423 1549; x_wconf 82' lang='lat' dir='ltr'>exeunte</span> <span class='ocrx_word' id='word_1_158' title='bbox 449 1513 670 1558; x_wconf 89' lang='lat' dir='ltr'>autumno,</span> <span class='ocrx_word' id='word_1_159' title='bbox 693 1508 807 1548; x_wconf 86' lang='lat' dir='ltr'>larva</span> <span class='ocrx_word' id='word_1_160' title='bbox 828 1507 1005 1561; x_wconf 81' lang='lat' dir='ltr'>abjecta,</span> <span class='ocrx_word' id='word_1_161' title='bbox 1027 1507 1363 1547; x_wconf 88' lang='lat' dir='ltr'>intermittentes</span> <span class='ocrx_word' id='word_1_162' title='bbox 1392 1519 1436 1546; x_wconf 91' lang='lat' dir='ltr'>se</span> <span class='ocrx_word' id='word_1_163' title='bbox 1465 1519 1555 1545; x_wconf 90' lang='lat' dir='ltr'>esse</span> 
     </span>
     <span class='ocr_line' id='line_1_21' title="bbox 99 1573 1554 1631; baseline -0.003 -14"><span class='ocrx_word' id='word_1_164' title='bbox 99 1577 257 1631; x_wconf 86' lang='lat' dir='ltr'>(quales</span> <span class='ocrx_word' id='word_1_165' title='bbox 287 1576 338 1617; x_wconf 88' lang='lat' dir='ltr'>ab</span> <span class='ocrx_word' id='word_1_166' title='bbox 369 1576 494 1617; x_wconf 91' lang='lat' dir='ltr'>initio</span> <span class='ocrx_word' id='word_1_167' title='bbox 514 1590 661 1630; x_wconf 88' lang='lat' dir='ltr'>reapse</span> <span class='ocrx_word' id='word_1_168' title='bbox 688 1576 892 1628; x_wconf 88' lang='lat' dir='ltr'>fuerunt,)</span> <span class='ocrx_word' id='word_1_169' title='bbox 917 1576 1057 1629; x_wconf 86' lang='lat' dir='ltr'>palam</span> <span class='ocrx_word' id='word_1_170' title='bbox 1089 1574 1292 1624; x_wconf 85' lang='lat' dir='ltr'>fatentur,</span> <span class='ocrx_word' id='word_1_171' title='bbox 1317 1573 1402 1614; x_wconf 86' lang='lat' dir='ltr'>sive</span> <span class='ocrx_word' id='word_1_172' title='bbox 1430 1587 1554 1626; x_wconf 91' lang='lat' dir='ltr'>quar-</span> 
     </span>
     <span class='ocr_line' id='line_1_22' title="bbox 93 1641 1556 1697; baseline -0.003 -12"><span class='ocrx_word' id='word_1_173' title='bbox 93 1649 220 1686; x_wconf 87' lang='lat' dir='ltr'>tanae</span> <span class='ocrx_word' id='word_1_174' title='bbox 253 1645 351 1685; x_wconf 89' lang='lat' dir='ltr'>illae</span> <span class='ocrx_word' id='word_1_175' title='bbox 386 1644 546 1684; x_wconf 89' lang='lat' dir='ltr'>fuerint</span> <span class='ocrx_word' id='word_1_176' title='bbox 583 1644 668 1684; x_wconf 89' lang='lat' dir='ltr'>sive</span> <span class='ocrx_word' id='word_1_177' title='bbox 700 1644 934 1694; x_wconf 65' lang='lat' dir='ltr'>tertianae,</span> <span class='ocrx_word' id='word_1_178' title='bbox 977 1642 1091 1697; x_wconf 89' lang='lat' dir='ltr'>quod</span> <span class='ocrx_word' id='word_1_179' title='bbox 1132 1642 1167 1682; x_wconf 91' lang='lat' dir='ltr'>si</span> <span class='ocrx_word' id='word_1_180' title='bbox 1202 1655 1291 1682; x_wconf 89' lang='lat' dir='ltr'>non</span> <span class='ocrx_word' id='word_1_181' title='bbox 1327 1641 1556 1694; x_wconf 86' lang='lat' dir='ltr'>diligenter</span> 
     </span>
     <span class='ocr_line' id='line_1_23' title="bbox 95 1708 1553 1765; baseline -0.003 -12"><span class='ocrx_word' id='word_1_182' title='bbox 95 1712 530 1762; x_wconf 85' lang='lat' dir='ltr'>animadverterimus,</span> <span class='ocrx_word' id='word_1_183' title='bbox 564 1726 662 1753; x_wconf 90' lang='lat' dir='ltr'>cum</span> <span class='ocrx_word' id='word_1_184' title='bbox 696 1726 854 1765; x_wconf 85' lang='lat' dir='ltr'>magno</span> <span class='ocrx_word' id='word_1_185' title='bbox 891 1725 1112 1764; x_wconf 86' lang='lat' dir='ltr'>aegrorum</span> <span class='ocrx_word' id='word_1_186' title='bbox 1154 1714 1400 1750; x_wconf 88' lang='lat' dir='ltr'>nostrorum</span> <span class='ocrx_word' id='word_1_187' title='bbox 1439 1708 1553 1749; x_wconf 89' lang='lat' dir='ltr'>malo</span> 
     </span>
     <span class='ocr_line' id='line_1_24' title="bbox 95 1778 1553 1833; baseline -0.002 -12"><span class='ocrx_word' id='word_1_188' title='bbox 95 1781 355 1822; x_wconf 89' lang='lat' dir='ltr'>medicantes</span> <span class='ocrx_word' id='word_1_189' title='bbox 384 1780 754 1830; x_wconf 86' lang='lat' dir='ltr'>hallucinabimur,</span> <span class='ocrx_word' id='word_1_190' title='bbox 778 1780 880 1820; x_wconf 91' lang='lat' dir='ltr'>dum</span> <span class='ocrx_word' id='word_1_191' title='bbox 909 1779 1155 1833; x_wconf 86' lang='lat' dir='ltr'>hujusmodi</span> <span class='ocrx_word' id='word_1_192' title='bbox 1182 1778 1333 1828; x_wconf 88' lang='lat' dir='ltr'>febres,</span> <span class='ocrx_word' id='word_1_193' title='bbox 1366 1792 1473 1831; x_wconf 93' lang='lat' dir='ltr'>quae</span> <span class='ocrx_word' id='word_1_194' title='bbox 1504 1791 1553 1818; x_wconf 84' lang='lat' dir='ltr'>ex</span> 
     </span>
     <span class='ocr_line' id='line_1_25' title="bbox 95 1846 1555 1902; baseline -0.003 -13"><span class='ocrx_word' id='word_1_195' title='bbox 95 1848 477 1890; x_wconf 89' lang='lat' dir='ltr'>intermittentium</span> <span class='ocrx_word' id='word_1_196' title='bbox 497 1861 677 1889; x_wconf 88' lang='lat' dir='ltr'>numero</span> <span class='ocrx_word' id='word_1_197' title='bbox 699 1853 812 1898; x_wconf 89' lang='lat' dir='ltr'>sunt,</span> <span class='ocrx_word' id='word_1_198' title='bbox 835 1861 911 1902; x_wconf 90' lang='lat' dir='ltr'>pro</span> <span class='ocrx_word' id='word_1_199' title='bbox 933 1846 1148 1888; x_wconf 87' lang='lat' dir='ltr'>continuis</span> <span class='ocrx_word' id='word_1_200' title='bbox 1167 1846 1276 1886; x_wconf 78' lang='lat' dir='ltr'>veris</span> <span class='ocrx_word' id='word_1_201' title='bbox 1293 1851 1335 1887; x_wconf 92' lang='lat' dir='ltr'>et</span> <span class='ocrx_word' id='word_1_202' title='bbox 1357 1846 1555 1899; x_wconf 83' lang='lat' dir='ltr'>genuinis</span> 
     </span>
     <span class='ocr_line' id='line_1_26' title="bbox 95 1916 348 1957; baseline -0.004 0"><span class='ocrx_word' id='word_1_203' title='bbox 95 1916 348 1957; x_wconf 88' lang='lat' dir='ltr'>habeantur.</span> 
     </span>
    </p>

    <p class='ocr_par' dir='ltr' id='par_1_3' title="bbox 98 1981 1764 2849">
     <span class='ocr_line' id='line_1_27' title="bbox 161 1981 1556 2037; baseline -0.003 -13"><span class='ocrx_word' id='word_1_204' title='bbox 161 1983 269 2037; x_wconf 87' lang='lat'><strong>[15.]</strong></span> <span class='ocrx_word' id='word_1_205' title='bbox 307 1984 452 2033; x_wconf 89' lang='lat' dir='ltr'>Porro,</span> <span class='ocrx_word' id='word_1_206' title='bbox 479 1983 606 2037; x_wconf 89' lang='lat' dir='ltr'>(quod</span> <span class='ocrx_word' id='word_1_207' title='bbox 627 1983 773 2024; x_wconf 88' lang='lat' dir='ltr'>sedulo</span> <span class='ocrx_word' id='word_1_208' title='bbox 795 1983 1131 2036; x_wconf 87' lang='lat' dir='ltr'>advertendum,)</span> <span class='ocrx_word' id='word_1_209' title='bbox 1158 1996 1289 2036; x_wconf 91' lang='lat' dir='ltr'>quum</span> <span class='ocrx_word' id='word_1_210' title='bbox 1316 1981 1458 2033; x_wconf 89' lang='lat' dir='ltr'>plures</span> <span class='ocrx_word' id='word_1_211' title='bbox 1481 1981 1556 2021; x_wconf 86' lang='lat' dir='ltr'>ali-</span> 
     </span>
     <span class='ocr_line' id='line_1_28' title="bbox 99 2050 1557 2104; baseline -0.002 -14"><span class='ocrx_word' id='word_1_212' title='bbox 99 2055 202 2104; x_wconf 89' lang='lat' dir='ltr'>quot</span> <span class='ocrx_word' id='word_1_213' title='bbox 222 2050 375 2090; x_wconf 91' lang='lat' dir='ltr'>horum</span> <span class='ocrx_word' id='word_1_214' title='bbox 396 2050 641 2090; x_wconf 90' lang='lat' dir='ltr'>morborum</span> <span class='ocrx_word' id='word_1_215' title='bbox 664 2050 847 2090; x_wconf 88' lang='lat' dir='ltr'>eundem</span> <span class='ocrx_word' id='word_1_216' title='bbox 869 2050 1052 2102; x_wconf 81' lang='lat' dir='ltr'>fatigent</span> <span class='ocrx_word' id='word_1_217' title='bbox 1075 2064 1253 2099; x_wconf 87' lang='lat' dir='ltr'>annum,</span> <span class='ocrx_word' id='word_1_218' title='bbox 1276 2062 1388 2089; x_wconf 89' lang='lat' dir='ltr'>unus</span> <span class='ocrx_word' id='word_1_219' title='bbox 1410 2062 1557 2088; x_wconf 90' lang='lat' dir='ltr'>eorum</span> 
     </span>
     <span class='ocr_line' id='line_1_29' title="bbox 100 2114 1559 2171; baseline -0.003 -13"><span class='ocrx_word' id='word_1_220' title='bbox 100 2118 250 2171; x_wconf 91' lang='lat' dir='ltr'>aliquis</span> <span class='ocrx_word' id='word_1_221' title='bbox 271 2117 529 2171; x_wconf 85' lang='lat' dir='ltr'>reliquorum</span> <span class='ocrx_word' id='word_1_222' title='bbox 552 2117 841 2170; x_wconf 90' lang='lat' dir='ltr'>praedominio</span> <span class='ocrx_word' id='word_1_223' title='bbox 862 2118 1039 2170; x_wconf 89' lang='lat' dir='ltr'>potitur,</span> <span class='ocrx_word' id='word_1_224' title='bbox 1062 2117 1238 2157; x_wconf 89' lang='lat' dir='ltr'>caeteris</span> <span class='ocrx_word' id='word_1_225' title='bbox 1258 2116 1304 2156; x_wconf 91' lang='lat' dir='ltr'>in</span> <span class='ocrx_word' id='word_1_226' title='bbox 1326 2117 1416 2169; x_wconf 87' lang='lat' dir='ltr'>ejus</span> <span class='ocrx_word' id='word_1_227' title='bbox 1439 2114 1559 2168; x_wconf 89' lang='lat' dir='ltr'>quasi</span> 
     </span>
     <span class='ocr_line' id='line_1_30' title="bbox 100 2182 1559 2238; baseline -0.003 -12"><span class='ocrx_word' id='word_1_228' title='bbox 100 2186 306 2227; x_wconf 87' lang='lat' dir='ltr'>ditionem</span> <span class='ocrx_word' id='word_1_229' title='bbox 326 2185 520 2234; x_wconf 89' lang='lat' dir='ltr'>redactis,</span> <span class='ocrx_word' id='word_1_230' title='bbox 544 2190 586 2225; x_wconf 92' lang='lat' dir='ltr'>et</span> <span class='ocrx_word' id='word_1_231' title='bbox 617 2185 782 2238; x_wconf 90' lang='lat' dir='ltr'>parcius</span> <span class='ocrx_word' id='word_1_232' title='bbox 803 2184 846 2224; x_wconf 92' lang='lat' dir='ltr'>id</span> <span class='ocrx_word' id='word_1_233' title='bbox 874 2184 1077 2238; x_wconf 90' lang='lat' dir='ltr'>temporis</span> <span class='ocrx_word' id='word_1_234' title='bbox 1105 2182 1401 2231; x_wconf 81' lang='lat' dir='ltr'>saevientibus,</span> <span class='ocrx_word' id='word_1_235' title='bbox 1422 2183 1484 2222; x_wconf 87' lang='lat' dir='ltr'>ita</span> <span class='ocrx_word' id='word_1_236' title='bbox 1509 2186 1559 2221; x_wconf 93' lang='lat' dir='ltr'>ut</span> 
     </span>
     <span class='ocr_line' id='line_1_31' title="bbox 98 2248 1558 2307; baseline -0.004 -13"><span class='ocrx_word' id='word_1_237' title='bbox 98 2253 171 2295; x_wconf 92' lang='lat' dir='ltr'>illo</span> <span class='ocrx_word' id='word_1_238' title='bbox 193 2258 448 2307; x_wconf 85' lang='lat' dir='ltr'>augescente</span> <span class='ocrx_word' id='word_1_239' title='bbox 475 2252 788 2292; x_wconf 87' lang='lat' dir='ltr'>imminuantur</span> <span class='ocrx_word' id='word_1_240' title='bbox 808 2251 866 2301; x_wconf 91' lang='lat' dir='ltr'>hi,</span> <span class='ocrx_word' id='word_1_241' title='bbox 889 2251 1121 2304; x_wconf 88' lang='lat' dir='ltr'>eodemque</span> <span class='ocrx_word' id='word_1_242' title='bbox 1149 2263 1295 2290; x_wconf 89' lang='lat' dir='ltr'>rursus</span> <span class='ocrx_word' id='word_1_243' title='bbox 1315 2248 1558 2298; x_wconf 89' lang='lat' dir='ltr'>imminuto,</span> 
     </span>
     <span class='ocr_line' id='line_1_32' title="bbox 99 2317 1558 2372; baseline -0.003 -11"><span class='ocrx_word' id='word_1_244' title='bbox 99 2335 198 2362; x_wconf 82' lang='lat' dir='ltr'>mox</span> <span class='ocrx_word' id='word_1_245' title='bbox 232 2320 545 2361; x_wconf 89' lang='lat' dir='ltr'>recrudescant.</span> <span class='ocrx_word' id='word_1_246' title='bbox 606 2320 750 2372; x_wconf 91' lang='lat' dir='ltr'>Atque</span> <span class='ocrx_word' id='word_1_247' title='bbox 785 2319 846 2358; x_wconf 91' lang='lat' dir='ltr'>ita</span> <span class='ocrx_word' id='word_1_248' title='bbox 880 2318 1063 2358; x_wconf 83' lang='lat' dir='ltr'>vicissim</span> <span class='ocrx_word' id='word_1_249' title='bbox 1096 2317 1295 2358; x_wconf 85' lang='lat' dir='ltr'>mortales</span> <span class='ocrx_word' id='word_1_250' title='bbox 1331 2317 1558 2366; x_wconf 88' lang='lat' dir='ltr'>lacessunt,</span> 
     </span>
     <span class='ocr_line' id='line_1_33' title="bbox 99 2384 1610 2443; baseline -0.005 -13"><span class='ocrx_word' id='word_1_251' title='bbox 99 2393 226 2443; x_wconf 89' lang='lat' dir='ltr'>prout</span> <span class='ocrx_word' id='word_1_252' title='bbox 258 2388 360 2429; x_wconf 88' lang='lat' dir='ltr'>anni</span> <span class='ocrx_word' id='word_1_253' title='bbox 390 2388 540 2441; x_wconf 84' lang='lat' dir='ltr'>genius</span> <span class='ocrx_word' id='word_1_254' title='bbox 566 2392 608 2427; x_wconf 91' lang='lat' dir='ltr'>ct</span> <span class='ocrx_word' id='word_1_255' title='bbox 641 2386 849 2427; x_wconf 85' lang='lat' dir='ltr'>sensibilis</span> <span class='ocrx_word' id='word_1_256' title='bbox 879 2386 988 2427; x_wconf 74' lang='lat' dir='ltr'>a&#39;eris</span> <span class='ocrx_word' id='word_1_257' title='bbox 1010 2385 1235 2438; x_wconf 85' lang='lat' dir='ltr'>temperies</span> <span class='ocrx_word' id='word_1_258' title='bbox 1266 2384 1366 2424; x_wconf 89' lang='lat' dir='ltr'>huic</span> <span class='ocrx_word' id='word_1_259' title='bbox 1397 2389 1471 2424; x_wconf 93' lang='lat' dir='ltr'>aut</span> <span class='ocrx_word' id='word_1_260' title='bbox 1498 2384 1559 2424; x_wconf 94' lang='lat' dir='ltr'>illi</span> <span class='ocrx_word' id='word_1_261' title='bbox 1607 2412 1610 2416; x_wconf 84' lang='lat'><em>-</em></span> 
     </span>
     <span class='ocr_line' id='line_1_34' title="bbox 100 2451 1559 2510; baseline -0.005 -13"><span class='ocrx_word' id='word_1_262' title='bbox 100 2457 236 2510; x_wconf 84' lang='lat' dir='ltr'>magis</span> <span class='ocrx_word' id='word_1_263' title='bbox 272 2456 575 2509; x_wconf 85' lang='lat' dir='ltr'>suffragantur.</span> <span class='ocrx_word' id='word_1_264' title='bbox 638 2455 724 2496; x_wconf 78' lang='lat' dir='ltr'>Qui</span> <span class='ocrx_word' id='word_1_265' title='bbox 759 2468 857 2495; x_wconf 73' lang='lat' dir='ltr'>vcro</span> <span class='ocrx_word' id='word_1_266' title='bbox 892 2453 1065 2494; x_wconf 87' lang='lat' dir='ltr'>morbus</span> <span class='ocrx_word' id='word_1_267' title='bbox 1099 2453 1208 2493; x_wconf 89' lang='lat' dir='ltr'>circa</span> <span class='ocrx_word' id='word_1_268' title='bbox 1244 2451 1559 2505; x_wconf 88' lang='lat' dir='ltr'>aequinoctium</span> 
     </span>
     <span class='ocr_line' id='line_1_35' title="bbox 102 2520 1559 2577; baseline -0.005 -12"><span class='ocrx_word' id='word_1_269' title='bbox 102 2525 350 2565; x_wconf 86' lang='lat' dir='ltr'>autumnale</span> <span class='ocrx_word' id='word_1_270' title='bbox 371 2524 655 2577; x_wconf 83' lang='lat' dir='ltr'>maximopere</span> <span class='ocrx_word' id='word_1_271' title='bbox 677 2523 780 2562; x_wconf 87' lang='lat' dir='ltr'>furit</span> <span class='ocrx_word' id='word_1_272' title='bbox 798 2527 839 2562; x_wconf 85' lang='lat' dir='ltr'>et</span> <span class='ocrx_word' id='word_1_273' title='bbox 856 2520 1236 2561; x_wconf 87' lang='lat' dir='ltr'>cumulatissimam</span> <span class='ocrx_word' id='word_1_274' title='bbox 1254 2520 1342 2560; x_wconf 86' lang='lat' dir='ltr'>edit</span> <span class='ocrx_word' id='word_1_275' title='bbox 1359 2525 1559 2572; x_wconf 86' lang='lat' dir='ltr'>stragem,</span> 
     </span>
     <span class='ocr_line' id='line_1_36' title="bbox 100 2587 1763 2642; baseline -0.002 -9"><span class='ocrx_word' id='word_1_276' title='bbox 100 2593 232 2633; x_wconf 86' lang='lat' dir='ltr'>totius</span> <span class='ocrx_word' id='word_1_277' title='bbox 274 2592 376 2632; x_wconf 89' lang='lat' dir='ltr'>anni</span> <span class='ocrx_word' id='word_1_278' title='bbox 411 2591 708 2632; x_wconf 87' lang='lat' dir='ltr'>constitutioni</span> <span class='ocrx_word' id='word_1_279' title='bbox 751 2604 906 2630; x_wconf 90' lang='lat' dir='ltr'>nomen</span> <span class='ocrx_word' id='word_1_280' title='bbox 947 2589 1138 2642; x_wconf 86' lang='lat' dir='ltr'>impertit</span> <span class='ocrx_word' id='word_1_281' title='bbox 1180 2601 1304 2628; x_wconf 88' lang='lat' dir='ltr'>suum</span> <span class='ocrx_word' id='word_1_282' title='bbox 1318 2603 1328 2637; x_wconf 90' lang='lat'>;</span> <span class='ocrx_word' id='word_1_283' title='bbox 1371 2587 1560 2640; x_wconf 87' lang='lat' dir='ltr'>quisquis</span> <span class='ocrx_word' id='word_1_284' title='bbox 1581 2598 1763 2639; x_wconf 79' lang='lat' dir='ltr'>Epidemici</span> 
     </span>
     <span class='ocr_line' id='line_1_37' title="bbox 102 2642 1756 2723; baseline -0.005 -22"><span class='ocrx_word' id='word_1_285' title='bbox 102 2661 217 2702; x_wconf 92' lang='lat' dir='ltr'>enim</span> <span class='ocrx_word' id='word_1_286' title='bbox 238 2661 367 2701; x_wconf 90' lang='lat' dir='ltr'>fuerit</span> <span class='ocrx_word' id='word_1_287' title='bbox 394 2659 654 2708; x_wconf 86' lang='lat' dir='ltr'>morborum,</span> <span class='ocrx_word' id='word_1_288' title='bbox 679 2659 749 2712; x_wconf 89' lang='lat' dir='ltr'>qui</span> <span class='ocrx_word' id='word_1_289' title='bbox 772 2672 821 2698; x_wconf 91' lang='lat' dir='ltr'>ca</span> <span class='ocrx_word' id='word_1_290' title='bbox 845 2661 1099 2710; x_wconf 85' lang='lat' dir='ltr'>tempestate</span> <span class='ocrx_word' id='word_1_291' title='bbox 1122 2669 1221 2709; x_wconf 85' lang='lat' dir='ltr'>prae</span> <span class='ocrx_word' id='word_1_292' title='bbox 1247 2655 1423 2695; x_wconf 84' lang='lat' dir='ltr'>caeteris</span> <span class='ocrx_word' id='word_1_293' title='bbox 1444 2655 1559 2695; x_wconf 81' lang='lat' dir='ltr'>inva-</span> <span class='ocrx_word' id='word_1_294' title='bbox 1578 2642 1756 2723; x_wconf 51' lang='grc' dir='ltr'>ξζζῗῇῗζῐέἐζ</span> 
     </span>
     <span class='ocr_line' id='line_1_38' title="bbox 101 2723 1722 2783; baseline -0.003 -13"><span class='ocrx_word' id='word_1_295' title='bbox 101 2729 243 2779; x_wconf 87' lang='lat' dir='ltr'>luerit,</span> <span class='ocrx_word' id='word_1_296' title='bbox 265 2729 551 2783; x_wconf 90' lang='lat' dir='ltr'>principatum</span> <span class='ocrx_word' id='word_1_297' title='bbox 572 2727 765 2768; x_wconf 90' lang='lat' dir='ltr'>omnium</span> <span class='ocrx_word' id='word_1_298' title='bbox 795 2727 866 2779; x_wconf 93' lang='lat' dir='ltr'>qui</span> <span class='ocrx_word' id='word_1_299' title='bbox 893 2726 975 2766; x_wconf 88' lang='lat' dir='ltr'>isto</span> <span class='ocrx_word' id='word_1_300' title='bbox 1007 2739 1119 2766; x_wconf 88' lang='lat' dir='ltr'>anno</span> <span class='ocrx_word' id='word_1_301' title='bbox 1147 2724 1367 2773; x_wconf 78' lang='lat' dir='ltr'>invadunt,</span> <span class='ocrx_word' id='word_1_302' title='bbox 1390 2723 1560 2764; x_wconf 87' lang='lat' dir='ltr'>obtinu-</span> <span class='ocrx_word' id='word_1_303' title='bbox 1579 2727 1631 2756; x_wconf 71' lang='lat'>¹¹10</span> <span class='ocrx_word' id='word_1_304' title='bbox 1644 2725 1722 2765; x_wconf 68' lang='lat'>‹1¹57-</span> 
     </span>
     <span class='ocr_line' id='line_1_39' title="bbox 102 2779 1764 2849; baseline -0.005 -11"><span class='ocrx_word' id='word_1_305' title='bbox 102 2797 183 2838; x_wconf 90' lang='lat' dir='ltr'>isse</span> <span class='ocrx_word' id='word_1_306' title='bbox 210 2797 332 2838; x_wconf 87' lang='lat' dir='ltr'>facile</span> <span class='ocrx_word' id='word_1_307' title='bbox 360 2795 712 2849; x_wconf 88' lang='lat' dir='ltr'>deprehendetur,</span> <span class='ocrx_word' id='word_1_308' title='bbox 742 2795 862 2849; x_wconf 89' lang='lat' dir='ltr'>cujus</span> <span class='ocrx_word' id='word_1_309' title='bbox 893 2793 1065 2846; x_wconf 85' lang='lat' dir='ltr'>ingenio</span> <span class='ocrx_word' id='word_1_310' title='bbox 1097 2792 1331 2845; x_wconf 86' lang='lat' dir='ltr'>Epidcmici</span> <span class='ocrx_word' id='word_1_311' title='bbox 1354 2795 1561 2844; x_wconf 87' lang='lat' dir='ltr'>quotquot</span> <span class='ocrx_word' id='word_1_312' title='bbox 1578 2779 1764 2809; x_wconf 62' lang='lat' dir='ltr'><strong>xp⁰⁹⁰‘⁰m&#39;</strong></span> 
     </span>
    </p>
   </div>
   <div class='ocr_carea' id='block_1_3' title="bbox 1580 2822 1751 2842">
    <p class='ocr_par' dir='ltr' id='par_1_4' title="bbox 1580 2822 1751 2842">
     <span class='ocr_line' id='line_1_40' title="bbox 1580 2822 1751 2842; baseline -0.006 0"><span class='ocrx_word' id='word_1_313' title='bbox 1580 2824 1597 2842; x_wconf 81' lang='grc' dir='ltr'>Π</span> <span class='ocrx_word' id='word_1_314' title='bbox 1602 2824 1634 2842; x_wconf 72' lang='lat' dir='ltr'>CS</span> <span class='ocrx_word' id='word_1_315' title='bbox 1651 2823 1683 2841; x_wconf 69' lang='lat' dir='ltr'>Se</span> <span class='ocrx_word' id='word_1_316' title='bbox 1700 2822 1751 2841; x_wconf 75' lang='lat' dir='ltr'>ac-</span> 
     </span>
    </p>
   </div>
   <div class='ocr_carea' id='block_1_4' title="bbox 104 2859 1721 2927">
    <p class='ocr_par' dir='ltr' id='par_1_5' title="bbox 104 2859 1721 2927">
     <span class='ocr_line' id='line_1_41' title="bbox 104 2859 1721 2927; baseline -0.005 -21"><span class='ocrx_word' id='word_1_317' title='bbox 104 2870 205 2906; x_wconf 88' lang='lat' dir='ltr'>sunt</span> <span class='ocrx_word' id='word_1_318' title='bbox 241 2864 470 2920; x_wconf 71' lang='grc' dir='ltr'>σύγχρονοι</span> <span class='ocrx_word' id='word_1_319' title='bbox 510 2877 553 2904; x_wconf 88' lang='lat' dir='ltr'>se</span> <span class='ocrx_word' id='word_1_320' title='bbox 594 2861 928 2911; x_wconf 87' lang='lat' dir='ltr'>accommodant,</span> <span class='ocrx_word' id='word_1_321' title='bbox 965 2861 1010 2901; x_wconf 92' lang='lat' dir='ltr'>in</span> <span class='ocrx_word' id='word_1_322' title='bbox 1047 2865 1256 2913; x_wconf 91' lang='lat' dir='ltr'>quantum</span> <span class='ocrx_word' id='word_1_323' title='bbox 1297 2873 1444 2900; x_wconf 91' lang='lat' dir='ltr'>eorum</span> <span class='ocrx_word' id='word_1_324' title='bbox 1479 2859 1561 2899; x_wconf 87' lang='lat' dir='ltr'>fert</span> <span class='ocrx_word' id='word_1_325' title='bbox 1579 2864 1721 2927; x_wconf 40' lang='grc' dir='ltr'>32213Ῥο-</span> 
     </span>
    </p>
   </div>
   <div class='ocr_carea' id='block_1_5' title="bbox 103 2926 1560 3037">
    <p class='ocr_par' dir='ltr' id='par_1_6' title="bbox 103 2926 1560 3037">
     <span class='ocr_line' id='line_1_42' title="bbox 103 2926 1560 2985; baseline -0.005 -12"><span class='ocrx_word' id='word_1_326' title='bbox 103 2937 284 2973; x_wconf 88' lang='lat' dir='ltr'>natura:</span> <span class='ocrx_word' id='word_1_327' title='bbox 323 2932 430 2985; x_wconf 62' lang='lat' dir='ltr'>[le]</span> <span class='ocrx_word' id='word_1_328' title='bbox 460 2931 574 2971; x_wconf 78' lang='lat' dir='ltr'>verbi</span> <span class='ocrx_word' id='word_1_329' title='bbox 597 2931 746 2984; x_wconf 85' lang='lat' dir='ltr'>gratia,</span> <span class='ocrx_word' id='word_1_330' title='bbox 764 2943 860 2970; x_wconf 90' lang='lat' dir='ltr'>cum</span> <span class='ocrx_word' id='word_1_331' title='bbox 875 2929 1054 2969; x_wconf 86' lang='lat' dir='ltr'>variolae</span> <span class='ocrx_word' id='word_1_332' title='bbox 1076 2942 1125 2968; x_wconf 88' lang='lat' dir='ltr'>eo</span> <span class='ocrx_word' id='word_1_333' title='bbox 1147 2932 1336 2981; x_wconf 88' lang='lat' dir='ltr'>tempore</span> <span class='ocrx_word' id='word_1_334' title='bbox 1356 2926 1560 2966; x_wconf 82' lang='lat' dir='ltr'>latissime</span> 
     </span>
     <span class='ocr_line' id='line_1_43' title="bbox 814 3011 836 3037; baseline 0 0"><span class='ocrx_word' id='word_1_335' title='bbox 814 3011 836 3037; x_wconf 76' lang='lat' dir='ltr'>r</span> 
     </span>
    </p>
   </div>
   <div class='ocr_carea' id='block_1_6' title="bbox 1595 426 1742 431">
    <p class='ocr_par' dir='ltr' id='par_1_7' title="bbox 1595 426 1742 431">
     <span class='ocr_line' id='line_1_44' title="bbox 1595 426 1742 431; baseline 0 0"><span class='ocrx_word' id='word_1_336' title='bbox 1595 426 1742 431; x_wconf 95' lang='lat' dir='ltr'> </span> 
     </span>
    </p>
   </div>
  </div>
 </body>
</html>
