1985 3308
832 493 1038 542 INDEX
1085 495 1334 544 RERUM.

988 626 1157 653 -φ-

809 733 976 766 Numerus
991 736 1149 777 Paginam
1165 736 1331 778 Designat.

314 818 520 850 Annomms
541 824 648 850 tumor
666 819 700 850 in
720 820 908 861 hydropica,
929 832 968 852 ex
987 827 1038 852 tu-

262 861 376 892 multu
392 873 410 892 a
425 863 607 893 eatharticis
628 863 778 900 excitato,
793 873 915 894 novum
939 875 1038 905 aqua-

269 914 339 934 rum
356 911 546 945 proventum
560 905 730 943 simulans,
745 906 818 943 467,
836 908 895 943 68;
921 918 935 937 s
937 918 1040 948 yrupo

270 947 393 978 diacod.
408 948 530 988 integre
545 947 720 988 repellitur,
736 949 808 980 468.

312 1007 356 1011 —
383 1007 427 1013 —
451 991 614 1021 infantum
640 991 674 1020 in
703 991 845 1022 febribus
873 992 1039 1023 intermitt.

270 1037 414 1065 autumn.
431 1033 697 1070 diuturnioribus,
715 1034 764 1065 90.

270 1118 288 1148 5
316 1076 502 1114 ABORTUM,
521 1076 592 1116 (An
618 1076 943 1118 hartmannum)
965 1079 1038 1115 402,

313 1161 503 1191 Abscessus.
523 1160 570 1201 [v.
586 1161 778 1202 Apostema]

312 1203 453 1234 Acetum
470 1210 500 1234 et
515 1205 628 1234 vinum
649 1204 892 1235 fermentatione
907 1209 1037 1245 vegeta-

268 1245 384 1276 bilium
399 1247 631 1287 producuntur,
648 1249 700 1277 40.

312 1288 492 1319 Accubitus
507 1289 826 1327 adolescentulorum,
844 1291 894 1320 55.

312 1332 565 1372 Aen-punctura
580 1333 614 1363 in
629 1333 782 1372 hydrope,
799 1332 872 1364 474.

312 1374 447 1405 Acurrs
472 1375 543 1415 (DE
563 1375 734 1415 MoRms,)
754 1384 790 1405 m
817 1375 980 1413 GENERE,
998 1376 1038 1406 26

313 1460 412 1490 Acuti
436 1460 543 1491 Morbi
559 1460 692 1500 quinam
713 1465 877 1498 vocentur,
897 1460 947 1497 27,
965 1461 1038 1497 427,

270 1503 330 1538 28;
371 1503 513 1533 DEUM
539 1504 658 1534 habent
679 1503 867 1540 Auctorem,
888 1503 1039 1533 Chronici

270 1555 328 1575 nos
354 1545 448 1585 ipsos,
478 1547 560 1582 3443
599 1546 673 1586 plus
700 1555 798 1585 quam
824 1546 904 1575 duas
933 1546 1040 1576 tertias

270 1588 454 1618 morborum
468 1594 571 1628 partes
587 1588 870 1628 comprehendunt,
887 1589 970 1623 463;
988 1588 1040 1618 vel

271 1630 310 1660 ab
339 1631 421 1660 ae'ris
450 1631 701 1670 inquinamento,
731 1630 781 1660 vel
809 1641 826 1660 a
856 1630 1041 1670 particulari

271 1683 441 1714 corporum
465 1674 634 1711 anomalia,
654 1674 839 1713 gignuntur,
863 1675 924 1709 28;
947 1674 1038 1703 hinc-

271 1725 334 1755 que
350 1716 592 1756 distinguuntur
613 1717 646 1746 in
669 1717 869 1755 Epidemicos‚
886 1722 917 1746 et
935 1716 968 1746 in
986 1718 1038 1746 In-

272 1763 472 1789 tercurrenles
502 1769 559 1789 seu
589 1761 779 1799 SporadicOS,
807 1760 858 1794 28,
886 1760 969 1794 4283
1007 1759 1040 1788 in

271 1801 374 1831 acutis
388 1801 506 1831 morbis
529 1802 686 1838 omnibus,
704 1807 735 1831 et
749 1800 907 1831 chronicis
927 1801 1039 1841 pleris-

272 1853 344 1882 que,
362 1844 444 1874 θεῖόν
457 1856 490 1874 τι
505 1844 597 1880 inest,
614 1855 631 1874 a
646 1844 738 1874 nulla
754 1843 892 1883 corporis
907 1844 1041 1873 humani

271 1887 539 1926 contemplatione
551 1887 778 1927 indagandum,
792 1888 854 1916 463
872 1899 878 1921 ;
894 1886 996 1916 acutis
1008 1887 1041 1916 in

271 1929 389 1959 morbis
404 1930 553 1959 medendi
573 1930 653 1960 ratio
676 1940 740 1960 non
756 1929 980 1968 comprobatur
1002 1939 1042 1959 ex

272 1981 308 2002 eo
338 1972 424 2011 quod
452 1972 588 2002 feliciter
617 1973 716 2008 cedat,
733 1973 788 2003 sed
815 1972 900 2011 quod
930 1977 1041 2013 suopte

272 2015 364 2054 quasi
379 2015 472 2055 genio
487 2015 613 2045 recedat
627 2016 766 2053 morbus,
787 2016 857 2046 182.

315 2057 545 2088 Adolescentes
569 2068 587 2088 a
606 2058 735 2088 variolis
759 2058 832 2098 plus
856 2055 1040 2097 periclitan-

272 2104 327 2130 tur
343 2111 441 2140 quam
463 2101 600 2131 feminae
618 2101 669 2131 vel
683 2101 841 2141 impubes,
858 2102 918 2130 333
933 2115 939 2137 ;
964 2100 1039 2130 ado-

271 2143 464 2173 lescentium
475 2144 571 2183 juxta
586 2144 774 2174 cubantium
792 2144 887 2179 calor,
906 2143 955 2173 55.

315 2186 432 2216 Adulti
447 2187 480 2216 in
496 2186 624 2216 variolis
649 2186 740 2216 confl.
758 2186 946 2217 salivatione
963 2195 1039 2215 vex-

272 2233 367 2259 antur
380 2230 445 2260 fere
461 2235 559 2265 certo,
573 2230 631 2259 125
646 2242 653 2265 ;
676 2230 710 2259 iu
722 2229 851 2259 variolis
863 2229 954 2258 discr.
966 2238 1039 2268 pro-

274 2271 388 2302 dituris
419 2272 459 2302 ad
489 2272 620 2302 sudores
649 2272 741 2313 proni
774 2282 872 2313 quam
901 2271 1042 2302 maxime

274 2319 358 2351 sunt,
379 2316 450 2352 120,
470 2316 540 2352 121,
562 2315 631 2345 126.

317 2357 417 2397 Aegri
430 2358 573 2397 periculo
589 2358 686 2397 pleni,
703 2361 850 2398 respectu
870 2356 1043 2387 curationis

273 2400 370 2437 modi,
386 2401 413 2430 si
425 2401 507 2431 inter
520 2400 639 2441 primos
648 2405 813 2431 occurrant
824 2400 856 2430 in
868 2400 1044 2440 epidemica

274 2453 357 2473 nova
390 2443 626 2479 constitutione,
661 2443 760 2473 donee
797 2443 900 2473 morbi
929 2442 1044 2482 genius

275 2486 423 2525 cognitus
444 2487 496 2523 sit,
513 2487 565 2525 29,
582 2488 642 2522 30;
665 2486 752 2526 aegri
775 2497 793 2516 a
815 2490 903 2526 peste
926 2495 1042 2515 conva—

275 2528 440 2565 lescentes,
455 2534 566 2569 postea
582 2529 752 2565 sanissimi,
773 2530 850 2565 lO2;
876 2538 1042 2567 aegrorum

275 2572 522 2611 appetitionibus
546 2577 704 2612 quantum
725 2572 877 2608 dandum,
899 2572 973 2608 214,
994 2571 1042 2607 15,

276 2615 349 2650 343,
365 2616 415 2645 44.

319 2657 548 2696 Aegritudines
578 2657 617 2688 ab
647 2656 736 2687 omni
765 2666 842 2686 aevo
869 2666 926 2686 cur
952 2655 1044 2686 terris

276 2699 488 2737 incubuerint,
505 2701 545 2736 9;
578 2699 743 2739 aegritudo
767 2699 987 2729 vehementior
1011 2699 1045 2728 in

276 2742 404 2772 variolis
433 2743 519 2783 ipsas
549 2742 745 2774 confluentes
778 2742 845 2773 fore
873 2742 1044 2782 praedicat,

321 2826 415 2857 Acris
439 2828 634 2859 constitutio.
658 2827 705 2868 [v.
726 2829 907 2858 Con-stitutio
925 2825 1044 2866 Aeris]

278 2869 346 2899 Aer
371 2870 496 2900 occulta
519 2872 657 2911 quadam
689 2870 768 2901 crasi
797 2870 891 2901 variis
921 2874 1043 2910 tempo-

278 2912 365 2942 ribus
387 2913 489 2943 varios
512 2913 705 2953 epidemicos
732 2914 858 2944 morbos
887 2912 1044 2954 producit,

1098 824 1149 859 29,
1166 824 1215 860 30,
1233 823 1285 859 96,
1299 823 1329 859 7,
1346 822 1405 854 179
1419 834 1426 858 ;
1451 821 1556 862 qualis
1568 831 1605 851 ea
1621 821 1661 852 sit
1672 819 1768 862 plane
1779 819 1868 862 igno-
1886 841 1892 845 -

1097 875 1216 901 ramus,
1231 866 1272 897 97
1289 878 1295 901 ;
1319 866 1373 895 aer
1388 865 1428 895 ad
1443 864 1502 895 hoc
1517 864 1639 895 illudve
1650 869 1778 904 tempus
1794 874 1866 904 par-

1098 907 1205 937 ticulis
1222 913 1322 938 scatet
1345 907 1478 937 humani
1503 907 1643 947 corporis
1667 907 1868 938 oeconomiae

1097 950 1348 986 adversantibus,
1360 949 1446 980 unde
1457 949 1560 979 morbi
1570 949 1791 990 producuntur
1801 951 1866 989 epi-

1097 994 1204 1023 demici
1221 993 1308 1029 dicti,
1325 994 1407 1029 4283
1432 993 1487 1022 ae'r
1507 992 1712 1022 intromissus
1732 991 1766 1021 in
1781 992 1865 1022 vari-

1097 1035 1156 1065 olis
1180 1036 1254 1075 plus
1283 1045 1381 1075 quam
1411 1035 1685 1065 venae-sectiones
1710 1034 1879 1075 impetum

1096 1078 1200 1108 morbi
1225 1078 1361 1114 cohibet,
1385 1079 1467 1113 338;
1501 1077 1646 1117 frigidior
1674 1077 1709 1106 in
1739 1076 1878 1108 variolis'

1097 1121 1323 1158 admittendus,
1341 1122 1411 1156 144,
1428 1120 1498 1156 145,
1515 1121 1577 1150 343
1591 1132 1598 1155 ς
1622 1124 1653 1150 et
1667 1119 1723 1149 ubi
1737 1119 1866 1159 phreni-

1097 1163 1138 1193 tis
1154 1163 1252 1200 adest,
1270 1165 1348 1199 145,
1342 1176 1349 1182 ·
1373 1163 1472 1202 hujus
1488 1172 1580 1193 casus
1596 1162 1779 1202 singularis,
1796 1163 1866 1200 145,

1097 1206 1160 1241 46;
1184 1208 1238 1236 aer
1253 1206 1327 1246 plus
1350 1206 1427 1236 facit
1450 1205 1489 1235 ad
1513 1205 1701 1245 sanguinem
1725 1208 1880 1235 contem-.

1097 1249 1274 1288 perandum
1304 1259 1403 1289 quam
1439 1247 1502 1278 alia
1533 1257 1752 1287 quaecunque,
1781 1247 1866 1284 347,
1874 1283 1879 1290 .

1097 1291 1244 1331 frigidior
1266 1297 1338 1332 post
1360 1290 1487 1321 corticis
1512 1290 1682 1320 Peruviani
1705 1299 1801 1320 usum
1818 1289 1866 1320 vi-
1892 1296 1895 1301 '

1097 1335 1224 1372 tandus,
1249 1335 1332 1370 288;
1368 1339 1399 1364 et
1420 1333 1453 1363 in
1478 1332 1565 1363 febre
1595 1332 1774 1370 scarlatina,
1793 1333 1867 1370 243,
1878 1335 1883 1338 “

1098 1378 1160 1412 44;
1189 1377 1359 1407 manifesta
1383 1376 1523 1417 quadam
1547 1375 1628 1405 crasi
1655 1375 1781 1411 tussim,
1811 1384 1867 1406 seu
1898 1389 1902 1398 ·

1098 1429 1218 1449 novum
1231 1419 1446 1459 epidemicum
1459 1418 1617 1455 morbum,
1631 1427 1714 1448 anno
1730 1417 1793 1454 ’79‚
1809 1417 1868 1448 suh
1907 1421 1922 1442 ι·

1097 1462 1170 1498 fine,
1187 1462 1292 1499 infert,
1309 1463 1390 1497 293;
1415 1462 1478 1497 aer,
1494 1460 1715 1500 pestilentialis
1730 1464 1804 1490 utut
1816 1460 1868 1498 sit,

1098 1514 1155 1543 per
1170 1514 1202 1534 se
1218 1505 1301 1545 pesti
1321 1504 1522 1535 suscitandae
1538 1503 1642 1543 impar
1657 1503 1792 1543 videtur,
1809 1503 1866 1539 983

1098 1547 1143 1576 ita
1165 1557 1222 1587 per
1246 1552 1347 1577 terrae
1363 1546 1523 1586 quendam
1546 1550 1685 1575 tractum
1710 1545 1867 1575 contami-

1098 1589 1167 1619 nari
1183 1594 1294 1629 potest,
1312 1594 1347 1619 ut
1362 1590 1470 1629 ipsum
1486 1592 1645 1618 remotum
1660 1597 1679 1618 a
1692 1592 1780 1628 peste
1798 1597 1866 1618 cor·
1920 1598 1923 1607 ’

1098 1633 1196 1672 reptis
1225 1632 1353 1662 inficere
1377 1631 1490 1667 valeat,
1516 1631 1574 1665 973
1603 1630 1785 1660 rusticanus
1812 1640 1870 1671 pro
1920 1663 1925 1675 Ι

1098 1674 1277 1714 podagricis
1304 1674 1426 1704 urbano
1451 1673 1685 1713 praeferenduS,
1707 1674 1768 1703 441
1782 1685 1789 1708 ;
1815 1674 1870 1704 aet

1099 1718 1233 1747 terrenis
1249 1717 1385 1747 effluviis
1400 1716 1598 1755 inquinatus,
1617 1715 1869 1756 epidemicorum
1908 1732 1914 1756 .‘

1099 1760 1283 1789 morborum
1303 1769 1409 1796 causa,
1427 1760 1479 1795 30,
1495 1759 1568 1795 220,
1586 1759 1660 1793 225,
1682 1758 1764 1794 487;
1788 1758 1870 1789 ae‘ris
1911 1759 1924 1803 ‘J

1099 1802 1236 1832 mutatio
1259 1803 1293 1832 in
1314 1802 1400 1832 febre
1423 1806 1580 1840 quartana
1603 1800 1730 1841 quando
1753 1810 1866 1832 conve-

1099 1845 1175 1881 niat,
1202 1846 1261 1880 843
1300 1845 1333 1874 in
1360 1844 1501 1884 hydrope
1529 1843 1657 1883 quando
1680 1843 1868 1884 requiratur,
1912 1853 1915 1858 ·

1099 1888 1180 1923 469ς
1215 1888 1254 1917 ab
1278 1889 1350 1917 aejre
1371 1886 1488 1926 partim
1511 1886 1614 1916 morbi
1638 1885 1868 1926 producuntur,
1895 1898 1899 1906 ¹

1100 1931 1139 1959 26
1152 1943 1159 1966 ;
1185 1931 1267 1960 ae'ris
1283 1929 1454 1969 qualitates
1470 1928 1637 1959 sensibiles
1649 1938 1780 1969 corpora
1795 1935 1895 1970 nos-J*

1099 1977 1148 2002 tra
1162 1973 1201 2002 ad
1216 1973 1314 2013 hujus
1329 1972 1458 2002 illiusve
1471 1971 1574 2002 morbi
1587 1971 1756 2012 epidemici
1772 1981 1868 2011 gene·
1878 1973 1893 1984 “·

1098 2016 1253 2046 rationem
1269 2015 1372 2055 magis
1388 2015 1537 2044 minusve
1553 2014 1733 2055 disponunt,
1749 2015 1800 2050 30,
1818 2014 1868 2052 31,

1101 2059 1182 2094 240;
1206 2059 1308 2088 febres
1329 2068 1410 2097 quae
1433 2057 1467 2087 in
1486 2057 1628 2097 qualibet
1645 2056 1885 2088 constitutione*

1100 2111 1133 2130 se
1160 2106 1322 2138 exserunt,
1346 2110 1409 2130 uon
1439 2109 1512 2130 vero
1528 2099 1601 2129 illas
1617 2109 1698 2140 quae
1714 2099 1874 2131 constitu-⁴

1099 2144 1177 2174 tioni
1194 2144 1321 2174 cuidam
1338 2143 1483 2183 propriae
1499 2148 1584 2178 sunt,
1601 2142 1792 2182 producunt,
1808 2143 1868 2179 30;

1099 2197 1164 2216 non
1179 2186 1428 2227 epidemicorum
1440 2189 1515 2215 suut
1525 2195 1640 2215 causae
1652 2184 1868 2226 productivae,

1099 2239 1213 2259 verum
1227 2229 1300 2259 illos
1315 2233 1441 2258 tantum
1457 2228 1676 2258 intromittunt
1691 2227 1742 2257 vel
1758 2227 1867 2258 exclu-
1918 2252 1921 2256 .

1101 2272 1181 2302 dunt
1205 2282 1262 2312 pro
1285 2276 1437 2311 tempore,
1461 2272 1531 2308 179,
1555 2270 1593 2301 cf.
1620 2272 1683 2306 30;
1706 2270 1780 2301 hinc
1803 2280 1818 2301 s

1101 2315 1203 2344 morbi
1216 2315 1250 2346 hi
1267 2324 1411 2344 exserere
1435 2313 1538 2343 solent
1562 2323 1598 2343 ea
1620 2294 1808 2354 tenipestate
1829 2312 1870 2344 ad

1100 2367 1196 2397 quam
1215 2356 1381 2387 sensibiles
1397 2356 1470 2386 illae
1486 2356 1654 2396 qualitates
1666 2366 1718 2386 eos
1732 2355 1833 2386 destin

1101 2405 1224 2437 verunt,
1244 2400 1322 2435 179;
1347 2399 1430 2429 aeris
1446 2399 1616 2439 qualitates
1637 2398 1782 2429 occultae
1800 2398 1867 2438 epi·

1101 2442 1234 2473 demicis
1250 2443 1323 2483 plus
1339 2442 1447 2472 favent
1460 2452 1557 2482 quam
1573 2441 1772 2479 manifestae,
1787 2441 1849 2474 277
1859 2453 1868 2461 ·

1100 2486 1162 2515 nisi
1191 2485 1295 2525 quoad
1326 2489 1542 2525 symptomata
1568 2484 1750 2523 aliquando,
1773 2485 1845 2516 ibid.
1855 2494 1868 2520 ,·

1101 2528 1182 2558 a‘e‘ris
1197 2528 1366 2568 temperies
1381 2527 1574 2568 epidemicos
1596 2527 1769 2566 aliquando
1785 2526 1871 2557 elicit

1101 2576 1136 2601 ut
1153 2571 1247 2601 citius
1261 2571 1423 2606 invadant,
1439 2574 1468 2600 et
1484 2580 1500 2600 e
1516 2575 1635 2605 contra,
1653 2571 1704 2606 31,
1721 2571 1761 2600 32
1776 2581 1782 2605 ;
1807 2579 1850 2609 qu

1101 2614 1244 2644 uberiore
1255 2613 1305 2643 vel
1317 2613 1461 2653 parciore
1476 2617 1630 2653 apparatu
1646 2611 1684 2642 ad
1700 2612 1803 2642 febres
1817 2612 1873 2642 in·

1101 2657 1312 2686 termittentes
1346 2656 1566 2696 producendas
1602 2655 1717 2685 donata
1753 2655 1805 2691 sit,
1832 2663 1867 2685 eo

1101 2699 1261 2730 maturius
1276 2698 1328 2729 vel
1343 2698 1464 2729 tardius
1478 2698 1566 2738 ipsae
1581 2697 1746 2734 invadunt,
1763 2698 1815 2730 71.
1863 2730 1868 2731 ⁷

1150 2742 1264 2772 Aestas
1296 2741 1425 2771 morbos
1463 2740 1628 2771 chronicos
1658 2739 1767 2770 minus
1796 2749 1867 2780 pro-

1103 2785 1205 2824 gignit
1221 2794 1319 2824 quam
1332 2784 1456 2824 hyems,
1472 2783 1534 2814 429
1547 2796 1554 2819 3
1579 2787 1698 2813 aestate
1712 2782 1868 2823 podagrae
1908 2807 1913 2812 .

1102 2827 1284 2867 irregularis
1293 2837 1506 2867 paroxysmus
1517 2825 1612 2866 paulo
1619 2825 1728 2856 mitior
1736 2825 1867 2862 est,418.
1886 2827 1898 2844 '-

1146 2870 1314 2900 Aestuatio
1330 2870 1363 2900 in
1379 2869 1520 2901 febribus
1535 2868 1696 2899 continuis
1710 2867 1867 2909 quomodo
1895 2875 1901 2880 “

1104 2912 1277 2953 dirigenda,
1295 2914 1345 2943 42.
