1985 3308
585 132 943 176 TRACTATUS
976 135 1012 176 I.
1439 142 1524 183 437

69 255 185 282 aeres
216 255 264 282 ac
299 245 572 283 attenuantes
603 242 793 296 quilibet,
822 243 888 284 uti
918 243 972 284 ad
1002 243 1213 284 calculum
1243 244 1332 298 jam
1363 246 1524 288 factum
1557 261 1611 292 DE
1631 262 1720 294 Pon-

68 309 377 362 pmritandum,
417 310 478 351 ita
517 310 571 351 ad
611 310 792 351 eundem
835 311 1128 364 generandum
1169 313 1310 363 etiam,
1346 313 1523 356 faciunt.
1583 315 1684 337 ΛΟΜ·

22 401 23 408 1
69 376 230 429 Liquor
270 391 461 431 sequenS,
498 382 646 431 utpote
687 377 759 432 qui
799 383 929 432 gustu
963 393 1012 420 ac
1046 380 1185 421 colore
1219 381 1413 435 jucundo
1447 387 1525 433 est,

22 442 23 447 ’
69 444 176 485 1111111
195 445 378 487 maxime
399 446 556 487 arridet
571 463 640 488 2——
1335 454 1337 456 ’

71 567 204 608 [Form.
223 571 297 613 95.]
309 576 322 596 ¹³
358 568 398 620 R
428 570 607 613 [Radicis]
627 571 875 617 Sarsaparillae
892 572 1013 606 uncias
1029 583 1103 614 sex,

421 627 527 672 Ligni
546 628 729 669 Sassasras‚

423 684 602 730 [Radicis]
621 685 768 726 Chinae,

419 742 575 776 Rasurae
593 743 712 776 Cornu
730 743 844 784 Cervi,
861 755 929 778 ana
945 745 1065 778 uncias
1083 744 1182 786 duas,

421 799 599 844 [Radicis]
620 800 869 845 Glycyrrhizae
888 801 1027 835 unciam
1046 813 1172 844 unam3

256 857 377 901 Coque
402 857 438 890 in
461 868 572 901 aquae
598 856 761 890 fontanae
789 858 923 902 congiis
948 858 1082 892 duobus
1106 871 1168 904 per
1190 859 1294 894 horae
1323 860 1529 902 dimidiun13

256 913 382 947 deinde
406 919 499 947 stent
524 913 640 947 clause
667 925 768 958 super
793 915 926 948 cineres
953 915 1083 950 calidos
1108 928 1168 961 per
1196 918 1298 952 horas
1322 917 1528 959 duodecim

256 976 377 1016 postea
395 971 566 1005 ebulliant
587 971 633 1005 ad
655 972 776 1006 tertiae
799 973 906 1017 partis
929 974 1250 1018 consumptionem:
1277 986 1358 1009 011111
1376 976 1528 1021 primum

254 1029 298 1062 ab
323 1029 405 1073 igne
431 1034 645 1070 amoveatur,
670 1028 814 1062 infunde
845 1030 1027 1064 Seminum
1056 1031 1155 1065 Anisi
1183 1034 1420 1073 semunciam3
1450 1038 1529 1078 post

257 1086 343 1120 duas
359 1086 460 1120 horas
476 1086 617 1127 coletur,
635 1093 669 1120 et
691 1092 811 1132 postea
828 1086 1014 1131 ‹lepuretur
1030 1099 1091 1132 per
1107 1089 1342 1131 residentiam,
1365 1096 1400 1124 et
1416 1090 1529 1135 liquor

256 1144 368 1178 clarus
385 1150 572 1189 reponatur
587 1144 624 1177 in
640 1144 776 1189 lagenis
793 1144 908 1178 vitreis
924 1145 1028 1190 probe
1045 1145 1171 1180 clausis
1187 1145 1232 1180 ad
1248 1158 1360 1181 usum.

135 1259 243 1314 [49]
283 1259 368 1301 Hic
407 1260 546 1313 liquor
579 1263 675 1301 tum
714 1259 901 1313 primum
942 1260 1282 1302 commodissime
1316 1262 1363 1302 in
1402 1276 1529 1302 usum
1547 1276 1674 1317 quando

18 1374 19 1379 ¹
69 1329 276 1378 trahetur,
304 1328 379 1369 ubi
407 1329 500 1382 quis
529 1343 554 1369 a
580 1342 831 1382 paroxysmo
859 1329 1073 1369 convaluit
1085 1346 1098 1380 ,-
1131 1334 1258 1384 atque
1285 1329 1331 1370 in
1359 1344 1408 1371 eo
1434 1345 1528 1384 per·
1546 1329 1689 1392 ξζζζζζξὲἶ

18 1399 19 1402 ’
69 1396 361 1447 severandum,
390 1400 480 1437 tam
506 1397 553 1437 in
580 1397 680 1450 ipsis
707 1397 967 1450 paroxysmis
995 1411 1122 1450 quam
1148 1398 1195 1438 in
1223 1412 1371 1438 eorum
1397 1399 1528 1439 inter·
1547 1405 1677 1434 dissime
1690 1405 1723 1435 iu

69 1464 201 1515 vallis,
223 1479 298 1518 per
327 1465 540 1518 reliquum
570 1464 680 1505 vitae
706 1478 901 1505 cursum:
934 1479 1073 1518 neque
1099 1466 1215 1506 enim
1245 1467 1346 1507 satis
1367 1467 1529 1508 factum
1547 1457 1645 1521 ἓξὲξ
1660 1453 1724 1478 tra-

16 1517 17 1527 *
70 1539 135 1574 est
156 1534 367 1574 saeviente
389 1533 527 1574 adhuc
557 1533 705 1574 morbo
734 1532 852 1573 novis
873 1533 999 1573 rebus
1028 1534 1211 1584 studere,
1234 1548 1333 1575 curn
1353 1535 1400 1576 in
1420 1536 1530 1590 ejus-

15 1622 18 1642 1
69 1601 186 1642 modi
212 1600 366 1658 ἀταξίᾳ
392 1607 434 1643 et
469 1607 590 1642 motu
617 1601 861 1642 inordinato
888 1601 1060 1642 Natura
1085 1602 1154 1643 vix
1183 1602 1293 1643 ferre
1325 1608 1452 1657 queat
1482 1608 1532 1646 ut

16 1706 17 1719 ,
69 1669 253 1723 liquores
280 1670 537 1721 fermentati,
566 1670 639 1724 qui
665 1669 900 1723 vegetiores
928 1674 1030 1710 sunt
1058 1684 1106 1711 ao
1136 1671 1272 1724 magis
1301 1671 1530 1725 spirituosi,

68 1751 168 1779 cum
189 1738 270 1779 alio
290 1739 419 1779 inerti
440 1753 487 1779 ac
509 1738 726 1792 spiritibus
748 1738 954 1779 destituto
975 1743 1307 1780 commutentur.
1367 1740 1532 1782 Eodem

70 1806 200 1847 etiam
220 1811 409 1861 tempore
430 1811 472 1847 et
493 1807 770 1848 electuarium
790 1806 1076 1860 praedictum*
1095 1807 1372 1860 usurpabitur
1383 1825 1395 1857 ς
1419 1809 1531 1862 quod

69 1875 228 1929 pariter
272 1874 482 1928 deinceps,
522 1879 614 1916 tam
652 1875 699 1915 in
738 1889 1088 1928 paroxysmorum
1131 1875 1362 1916 insultibus
1403 1891 1531 1930 quam

70 1947 191 1984 extra
211 1957 293 1994 eos,
317 1943 504 1997 quotidie
525 1947 589 1983 est
611 1942 912 1984 devorandum.
976 1943 1118 1997 Hujus
1139 1944 1252 1984 calor
1272 1949 1396 1997 potus
1418 1945 1530 1985 diae-

14 2006 15 2059 ]
70 2011 190 2052 tetici
221 2011 502 2065 aquositatem
533 2011 829 2065 quadantenus
859 2010 1068 2064 pensabit,
1098 2011 1297 2064 sanguini
1328 2016 1370 2052 et
1400 2013 1529 2054 visce-

14 2075 15 2079 ’
69 2079 188 2120 ribus
210 2079 402 2120 debitum
430 2079 578 2120 caloris
607 2079 787 2132 gradum
813 2078 1054 2129 concilians,
1077 2079 1167 2119 sine
1191 2079 1274 2120 ista
1297 2080 1530 2133 agitatione

71 2162 179 2203 quae
200 2148 373 2189 excitari
393 2147 499 2188 solet
521 2147 573 2188 ab
596 2152 716 2188 aestu
735 2147 948 2201 liquorum
969 2147 1336 2189 fermentatorum.

73 2240 79 2246 ·
136 2216 244 2270 [50.]
285 2216 331 2256 Si
358 2215 451 2269 quis
482 2214 666 2269 objiciat,
690 2229 783 2256 eam
804 2215 935 2255 vitam
960 2215 1029 2255 vix
1054 2215 1226 2256 vitalem
1254 2229 1343 2257 esse
1373 2217 1419 2257 in
1448 2231 1531 2271 qua

71 2283 316 2325 omnimoda
347 2289 442 2324 tum
478 2298 503 2324 a
531 2283 630 2324 vino
663 2287 759 2324 tum
791 2283 843 2323 ab
881 2283 971 2323 aliis
1001 2283 1235 2336 liquoribus
1264 2284 1530 2326 fermentatis

14 2352 15 2362 ³
71 2352 332 2393 abstinentia
366 2352 636 2403 observatur3
675 2351 922 2406 respondeo,
958 2351 1308 2405 perpendendum
1343 2368 1433 2394 esse
1473 2369 1530 2395 an

13 2420 15 2467 J
71 2435 161 2461 non
194 2420 320 2473 longe
349 2420 544 2460 miserius
575 2420 630 2461 sit
660 2434 708 2461 ac
743 2420 886 2460 minus
920 2419 1141 2461 tolerabile
1171 2421 1272 2462 (liris
1302 2421 1529 2463 inveteras-

12 2479 15 2498 ’ἱ
72 2489 207 2530 centis
233 2488 450 2542 Podagrae
478 2488 734 2529 cruciatibus
764 2489 880 2541 (nam
906 2489 952 2529 in
978 2489 1138 2530 mitiori
1159 2489 1306 2530 morbo
1334 2505 1422 2530 non
1449 2491 1529 2532 1100

71 2557 270 2612 postulo,)
310 2556 496 2610 quotidie
531 2557 830 2607 excarnificari,
868 2572 996 2611 quam
1035 2557 1134 2597 111110
1175 2558 1252 2598 soli
1291 2558 1445 2611 liquori
1484 2573 1529 2600 se

71 2625 348 2678 adstringere,
371 2624 491 2678 cujus
511 2638 593 2665 usu
613 2625 862 2666 continuato
882 2625 928 2665 in
949 2625 1124 2666 caeteris
1150 2626 1375 2666 esculentis
1396 2626 1528 2668 ferme

72 2692 270 2735 omnibus
297 2692 439 2733 animo
467 2691 641 2745 obsequi
666 2693 788 2734 licet:
827 2698 876 2734 ut
899 2693 990 2747 jam
1014 2707 1103 2733 non
1128 2698 1319 2747 repetam
1346 2694 1459 2748 quod
1484 2700 1528 2736 et

69 2762 140 2803 hic
159 2767 285 2816 potus
310 2761 388 2815 (uti
409 2766 575 2802 caetera
594 2761 765 2814 omnia,)
786 2761 997 2802 dulcescet
1019 2761 1340 2803 consuetudine.
1401 2763 1527 2805 Certe

71 2831 144 2886 qui
182 2831 298 2872 hune
337 2829 537 2870 morbum
577 2834 774 2885 expertus
815 2834 890 2881 est,
927 2829 1067 2884 (modo
1107 2830 1246 2881 homo,
1282 2845 1370 2872 non
1409 2831 1527 2887 bipes

244 2922 256 2941 Ἰ
283 2916 332 2945 Cf.
350 2916 438 2945 form.
459 2916 527 2944 122.
1093 2920 1103 2934 Υ
1128 2915 1175 2946 Cf.
1194 2916 1286 2946 sorm-
1303 2917 1352 2948 92.
