1985 3308
141 1314 144 1317 ’
187 1317 316 1346 taudem
333 1317 366 1347 in

394 142 479 181 456
814 142 1072 184 THOMAE
1106 141 1447 183 SYDENHAM

215 250 268 281 DE
287 250 360 281 ΗΥ·
460 248 539 303 [2.]
577 248 675 290 'hia
721 249 895 290 interim
943 249 1059 290 hunc
1108 249 1306 290 morbum
1347 248 1507 301 stipant
1557 251 1855 302 symptomata,

194 340 203 343 -
222 302 344 357 iinon.
395 315 622 370 dyspnoea,
655 316 804 357 urinae
836 316 1039 370 paucitas,
1077 320 1120 356 et
1153 316 1244 355 sitis
1274 315 1456 355 intensa.
1520 315 1720 369 Spirandi
1750 316 1856 357 diffi-

189 352 366 426 iiiiiilbiildiw
395 384 531 425 cultas
562 384 698 425 oritur
728 384 780 425 ab
809 399 919 437 aqua
944 384 1221 437 diaphragma
1248 382 1567 436 comprimente,
1589 383 1704 424 unde
1729 388 1856 425 natu-

191 437 312 476 stipant
394 452 494 493 ralis
515 453 605 507 ejus
626 456 768 493 motus
790 450 1114 492 sufflaminatur.
1177 448 1315 489 Urina
1333 449 1490 490 idcirco
1511 463 1634 502 parce
1649 449 1855 501 redditur,

187 486 377 564 ξιῗὲῗὲῗῒὲζνς-
397 520 496 576 quia
536 520 756 573 sanguinis
792 532 946 567 serum,
985 516 1099 570 quod
1129 529 1206 569 per
1246 515 1400 556 ductus
1434 515 1643 557 urinarios
1677 531 1728 557 ex
1760 517 1856 570 lege

189 574 375 648 ξὲἒῑῗᾶζξζζ
394 589 589 629 Naturae
618 586 787 628 excerni
818 585 1036 633 debuerat,
1063 584 1154 637 jam
1183 583 1230 622 in
1261 582 1486 623 cavitatem
1516 582 1753 625 abdominis
1784 584 1855 625 de-

188 654 292 686 tamt
308 652 376 682 ³³5⁵
394 657 580 711 ponitur,
604 662 646 697 et
676 656 721 695 in
753 658 938 695 caeteras
965 656 1107 705 partes
1134 650 1273 691 eidem
1304 649 1550 703 excipiendo
1578 655 1697 704 aptas
1716 656 1854 692 natas.

188 699 351 776 1:235}ss
397 725 496 765 Sitis
519 728 582 765 est
604 738 628 763 a
647 720 874 776 putredine
895 718 1088 760 colluviei
1109 731 1286 768 serosae,
1304 731 1411 771 quae
1433 731 1458 757 a
1477 731 1597 758 mora
1615 718 1662 758 in
1682 731 1856 772 corpore

187 788 297 826 ginem
313 794 377 819 tra·
393 794 582 847 longiore
616 800 658 832 et
687 790 870 831 calorem
903 794 945 829 et
977 786 1218 828 acredinem
1251 784 1478 836 contrahit,
1508 785 1625 826 unde
1656 800 1781 840 aeger
1812 791 1855 828 et

188 830 255 912 11ng
260 836 335 913 zat,
393 861 509 902 febre
531 860 829 914 quadantenus
851 870 1017 909 semper
1036 854 1215 902 laborat,
1238 857 1281 893 et
1301 856 1539 893 memorata
1559 852 1641 893 siti.

189 934 251 963 qua
264 930 369 974 partes
457 928 537 982 [3.]
576 927 660 967 Pro
679 931 774 966 rata
796 939 879 978 qua
907 937 1032 976 aeger
1057 922 1104 961 in
1132 920 1326 975 partibus
1349 935 1452 973 quas
1481 919 1655 961 morbus
1677 919 1854 972 obsidet,

188 978 250 1039 32¹?
255 969 367 1040 {133¹—
392 996 502 1036 mole
524 999 717 1047 augetur,
739 994 785 1033 in
805 991 979 1044 reliquis
1000 989 1135 1043 magis
1160 987 1379 1041 magisque
1399 987 1536 1028 indies
1559 988 1792 1029 emaciatur
1812 993 1856 1030 et

187 1052 248 1124 ξιξ
259 1064 374 1126 aaffffj'
393 1063 628 1118 gracilescit
641 1078 652 1112 3
683 1060 958 1112 tandemque,
981 1072 1080 1098 cum
1109 1060 1234 1097 tanta
1261 1069 1469 1108 aquarum
1495 1055 1557 1095 vis
1585 1055 1700 1097 intra
1727 1056 1854 1097 abdo·

244 1117 251 1130 ,

188 1138 292 1177 magis
303 1149 372 1168 ma-
391 1131 518 1171 minis
547 1129 758 1170 ambitum
785 1125 972 1168 coerceri
997 1124 1177 1165 ulterius
1209 1127 1406 1176 nequeat,
1428 1123 1593 1177 impetu
1622 1124 1669 1164 in
1698 1124 1858 1166 viscera

187 1190 379 1254 ξζῗζξῖῐξζᾶ
391 1197 600 1238 nobiliora
621 1200 664 1237 et
684 1194 857 1236 vitalem
878 1206 1019 1234 arcem
1038 1191 1165 1242 facto,
1188 1190 1443 1245 cataclysmo
1466 1191 1585 1245 quasi
1610 1191 1856 1234 submersus

189 1272 320 1313 Impetu
390 1265 514 1319 perit.

184 1358 306 1389 viscera
323 1370 363 1390 no
458 1332 537 1387 [4.]
577 1332 717 1372 Causa
735 1330 914 1384 hujusce
936 1328 1075 1369 morbi
1089 1328 1136 1367 in
1153 1341 1308 1381 genere
1329 1327 1550 1381 sanguinis
1565 1328 1760 1369 debilitas
1776 1333 1854 1380 est,

186 1400 300 1432 biliora
317 1409 346 1432 et
392 1401 508 1442 unde
539 1400 756 1449 alimento,
785 1398 898 1451 quod
927 1397 1160 1438 forinsecus
1191 1395 1461 1449 importatur,
1493 1397 1539 1436 in
1570 1397 1856 1438 substantiam
1917 1419 1932 1446 ς

186 1443 374 1525 {iffi-2235*
393 1482 514 1508 suam
535 1465 821 1508 convertendo
841 1479 930 1505 non
947 1464 1038 1517 jam
1057 1478 1146 1517 par,
1169 1463 1282 1504 idem
1308 1464 1354 1503 in
1376 1465 1668 1506 extremitates
1689 1470 1732 1507 et
1751 1480 1854 1520 pen-

187 1535 375 1600 afgercata-
393 1533 512 1574 dulas
545 1532 729 1586 corporis
762 1537 902 1585 partes
935 1531 1158 1583 explodere
1190 1545 1361 1571 necesse
1393 1531 1536 1583 habet,
1572 1548 1671 1574 mox
1705 1534 1752 1574 in
1783 1533 1855 1575 ab·

187 1581 204 1600 c
219 1582 312 1611 ysmo

187 1615 278 1653 quasi
296 1616 371 1645 sub-
395 1602 549 1643 domen
585 1601 737 1650 etiam3
769 1599 816 1639 in
852 1613 948 1652 quo,
983 1597 1185 1651 quamdiu
1217 1597 1263 1637 in
1299 1598 1451 1651 exigua
1483 1600 1723 1652 quantitate
1754 1600 1856 1642 hinc

183 1667 308 1739 gistri-{us
392 1670 492 1711 inde
515 1669 787 1723 dispergitur,
807 1667 978 1707 Natura
994 1666 1130 1706 eidem
1152 1664 1411 1706 continendo
1426 1666 1630 1707 vesiculas
1652 1667 1855 1720 quasdem

187 1750 293 1781 Causa
392 1737 583 1786 fabricat,
602 1736 736 1776 donec
756 1734 945 1784 tandem,
967 1732 1144 1774 modum
1161 1733 1251 1786 jam
1267 1747 1484 1786 superans,
1502 1748 1588 1775 uno
1609 1735 1856 1788 peritonaeo

185 1794 288 1824 morbi
305 1795 337 1825 in
391 1804 520 1844 Simu]
540 1803 763 1844 Clauditur-

186 1846 301 1875 genere
317 1843 365 1868 est

184 1881 350 1918 sanguinis
457 1873 536 1927 [5.]
578 1870 788 1924 Sanguini
828 1874 972 1910 autem
1019 1867 1281 1909 debilitando
1322 1882 1494 1921 operam
1532 1873 1583 1910 ut
1622 1870 1856 1923 plurimum

187 1922 342 1953 debilitas.

186 1975 372 2059 iiiiidtieiiiii}
393 2009 538 2063 quovis
573 2007 699 2048 modo
737 2005 966 2055 evacuatio,
997 2005 1065 2045 vel
1098 2004 1272 2044 morbus
1310 2004 1459 2058 aliquis
1501 2005 1754 2057 diuturnior,
1790 2007 1857 2049 vel

186 2071 314 2100 ⁰Pe¹³¹¹¹
391 2077 582 2131 perditus
616 2076 686 2116 ille
718 2075 901 2128 liquores
933 2072 1179 2126 spirituosos
1204 2072 1500 2126 ingurgitandi
1528 2089 1633 2125 mos,
1664 2075 1781 2116 unde
1812 2081 1855 2117 et

185 2114 329 2178 graffium·
390 2144 604 2186 naturalia
653 2142 837 2196 corporis
886 2141 1098 2181 fermenta
1148 2140 1443 2191 destruuntur,
1491 2146 1534 2182 et
1595 2142 1856 2196 dissipantur

391 2214 576 2268 spiritus.
640 2211 756 2251 Hinc
787 2214 852 2251 est
885 2209 998 2262 quod
1032 2207 1292 2249 bibacissimi
1325 2208 1480 2262 quique
1510 2209 1731 2251 helluones
1765 2224 1854 2252 sae-

389 2283 484 2335 pius
506 2295 604 2322 cum
623 2279 705 2320 hoc
725 2278 887 2326 morbo,
909 2276 1062 2329 frigido
1083 2276 1194 2326 licet,
1214 2290 1342 2329 quam
1363 2277 1520 2317 caeteri
1540 2278 1852 2321 conflictentur.

389 2351 425 2390 E
448 2354 597 2390 contra
623 2347 752 2388 ctiam
783 2359 917 2399 aquae
942 2344 1103 2398 potatio
1128 2344 1174 2384 in
1199 2343 1248 2384 iis
1278 2344 1351 2397 qui
1383 2345 1598 2398 generosis
1618 2345 1854 2400 liquoribus

391 2418 464 2458 diu
486 2420 771 2464 assueverant,
795 2412 993 2466 sanguini
1015 2412 1196 2452 eandem
1217 2426 1373 2452 noxam
1394 2412 1537 2454 infert.

186 2478 340 2552 tHyfirOPff
456 2484 534 2539 [6.]
573 2484 628 2524 In
648 2481 845 2523 foeminis
865 2494 963 2521 vero
989 2479 1118 2533 (quod
1139 2479 1379 2520 notandum
1410 2481 1502 2533 est,)
1528 2481 1610 2521 alia
1631 2481 1851 2535 quaedam,

199 2529 315 2552 estium
333 2534 365 2553 m

392 1940 720 1982 commodabant
756 1937 818 1978 vel
851 1937 986 1977 nimia
1018 1937 1106 1990 ejus
1141 1950 1217 1989 per
1248 1937 1636 1978 venae-sectionem
1666 1942 1742 1979 aut
1773 1939 1855 1981 alio
1901 1986 1906 1991 ,
1952 1944 1959 1973 κί

185 2564 334 2595 foeminis
391 2558 432 2594 et
464 2552 515 2593 ab
547 2551 613 2592 his
646 2551 773 2602 longe
805 2549 979 2598 diversa,
1015 2547 1232 2601 Hydropis
1267 2561 1394 2588 causa
1427 2549 1651 2602 reperitur,
1687 2549 1853 2591 inclusa
1911 2576 1914 2577 ν

187 2608 286 2637 ⁰¹'i‘ffl'
301 2618 358 2638 ¹¹⁰·
389 2633 542 2673 nempe
562 2619 608 2658 'm
628 2617 927 2658 testiculorum
943 2616 1149 2656 alterutro
1171 2615 1359 2666 saburra,
1379 2630 1454 2656 seu
1474 2616 1720 2668 obstructio,
1743 2631 1851 2672 quae

186 2654 280 2680 tatur.
390 2687 548 2727 sensim
569 2686 757 2740 ejusdem
779 2684 918 2726 crasin
946 2683 1152 2724 subvertit
1168 2701 1180 2734 3
1211 2683 1326 2724 unde
1356 2684 1403 2724 in
1427 2684 1540 2726 dicto
1569 2685 1766 2727 testiculo
1785 2700 1850 2728 re·

390 2756 527 2809 posita
556 2756 742 2808 primum
769 2753 906 2794 morbi
936 2753 1112 2803 minera,
1134 2753 1282 2794 tunica
1307 2753 1499 2807 ejusdem
1517 2754 1675 2795 mirum
1695 2755 1740 2796 in
1760 2770 1849 2798 moa

392 2824 495 2863 dum
535 2823 792 2863 distenditur
805 2839 816 2872 3
850 2836 933 2875 qua
968 2821 1059 2875 jam
1094 2825 1265 2862 tantum
1296 2835 1385 2862 non
1425 2826 1638 2876 crepante,
1679 2823 1851 2865 Natura

390 2890 560 2930 humori
590 2889 834 2943 excipiendo
855 2889 1058 2930 vesiculas
1090 2888 1292 2942 quasdam
1323 2889 1525 2943 suggerit,
1548 2903 1727 2943 quarum
1754 2894 1848 2932 tan-
