1985 3308
405 174 481 215 OB
488 174 900 216 SERVATIONES
933 174 1224 216 MEDICAE.
1490 179 1540 218 15

87 283 234 320 tamen
259 278 328 320 καὶ
352 279 406 324 ὡς
433 279 503 320 ἐπὶ
524 280 571 320 τὸ
591 279 716 331 πολύ,
743 280 850 321 votis
877 281 1104 334 respondet
1132 280 1452 332 exhibentium3
1483 282 1545 324 ita
1591 293 1721 323 ΡιιΛεε.

87 360 245 388 sennae
269 347 378 388 foliis
408 347 538 400 (verbi
560 348 724 400 gratia,)
757 348 897 388 alvum
926 348 1214 398 subducimus,
1243 363 1448 402 papavere
1478 349 1542 390 in·
1563 334 1746 365 Eu'rmzr.

85 414 268 455 vitamus
290 428 500 455 somnum.
562 415 665 455 Non
691 415 727 455 is
749 429 843 455 sum
865 416 938 469 qui
964 430 1120 469 negem
1141 415 1292 456 debere
1322 417 1543 458 Medicum

86 481 278 522 animum
308 481 534 534 diligenter
570 481 786 523 advertere
819 482 873 522 ad
902 483 1185 536 particularia,
1214 487 1309 523 tum
1330 483 1542 535 Methodi,

85 553 180 589 tum
199 549 376 589 remedii
397 553 548 589 eventa
576 549 728 601 quibus
754 553 818 590 est
844 564 946 590 usus
977 550 1023 589 in
1044 550 1290 590 morborum
1311 551 1542 602 curatione,

84 620 127 656 et
161 616 208 656 in
237 631 339 656 usus
370 630 467 657 suos
497 630 714 669 reponere,
743 621 833 657 tam
864 618 917 658 ad
945 617 1259 658 sublevandam·
1279 619 1542 669 memoriam,

84 697 212 737 quam
232 688 281 724 ut
303 698 425 724 ansas
455 683 554 725 inde
576 684 761 737 arripiat,
785 684 937 737 quibus
965 685 1171 738 paulatim
1198 685 1373 738 peritior
1394 686 1543 727 evadat

83 751 293 801 Medicus,
315 751 574 805 tandemque
594 758 690 806 post
717 753 884 793 diutina
909 758 951 794 et
978 754 1160 807 repetita
1187 754 1353 807 saepius
1382 755 1542 809 experi-

82 824 230 860 menta
256 820 513 861 Methodum
549 821 629 861 sibi
661 822 764 874 figat
798 822 1034 875 firmetquc,
1068 837 1092 862 a
1125 837 1208 875 qua
1234 823 1280 863 in
1310 823 1439 877 hujus
1469 828 1543 864 aut

81 887 195 928 illius
240 887 379 928 morbi
425 888 643 929 eiu-atione
683 902 738 929 ne
777 889 913 928 hilum
955 889 1035 929 sibi
1080 890 1365 930 recedendum
1405 896 1541 944 putet.

89 955 197 1009 [17.]
228 955 553 996 Observationes
585 960 728 996 autem
758 956 1033 1009 particulares
1064 957 1110 997 in
1140 958 1279 998 lucem
1307 958 1419 1008 dare,
1454 973 1543 999 non

81 1022 143 1062 ita
166 1037 368 1075 magnam
394 1023 476 1075 (me
507 1023 679 1076 judice,)
706 1024 842 1063 adfert
873 1024 1119 1064 utilitatem.
1180 1024 1296 1064 Nam
1318 1025 1352 1065 si
1373 1025 1417 1065 id
1445 1029 1541 1065 tan-

80 1093 176 1129 tum
204 1090 291 1142 agit
314 1089 582 1140 Observator,
605 1095 653 1130 ut
675 1104 751 1130 nos
774 1090 922 1130 doceat
949 1091 1065 1131 hunc
1089 1091 1287 1132 morbum
1309 1092 1451 1142 semel,
1473 1093 1539 1132 vel

81 1156 211 1196 etiam
247 1157 426 1209 saepiUS,
460 1157 561 1197 huic
600 1157 787 1197 remedio
824 1157 1008 1207 cessisse,
1044 1158 1146 1211 quid
1177 1159 1282 1198 mihi
1319 1159 1536 1213 (obsecro‚)

80 1224 297 1278 profuerit,
314 1224 347 1264 si
363 1224 556 1264 infinitae
569 1224 656 1264 fere
670 1224 1079 1265 medicamentorum
1097 1225 1410 1266 decantatissim
1417 1241 1539 1267 orum

80 1291 236 1344 copiae,
271 1305 354 1344 qua
388 1291 556 1345 jamdiu
589 1291 821 1341 obruimur,
859 1292 997 1332 adhuc
1034 1293 1150 1333 aliud
1190 1293 1296 1333 mihi
1332 1294 1538 1335 haetenus

77 1358 323 1399 inauditum
353 1360 592 1400 accrescat?
631 1359 758 1401 Quod
788 1360 835 1410 si,
867 1360 1100 1413 repudiatis
1132 1361 1308 1401 caeteris
1340 1362 1538 1402 omnibus

77 1426 362 1466 remediorum
386 1426 591 1477 formulis,
612 1427 711 1467 huic
732 1441 799 1467 me
823 1428 949 1468 unice
975 1428 1187 1478 addixero,
1217 1442 1272 1468 an
1296 1442 1384 1468 non
1411 1429 1538 1469 innu-

77 1493 205 1535 meris
220 1494 308 1534 fere
329 1494 628 1547 experimentis
649 1494 869 1547 probanda
884 1495 990 1535 mihi
1006 1496 1121 1536 venit
1143 1496 1233 1549 ejus
1250 1496 1323 1546 vis,
1341 1496 1538 1537 innume-

76 1574 149 1601 rae
189 1561 318 1601 etiam
360 1561 702 1602 circumstantiae
746 1562 1036 1613 trutinandae,
1077 1567 1172 1603 tum
1213 1577 1402 1616 aegrum,
1443 1568 1539 1604 tum

77 1627 210 1681 ipsam
240 1627 284 1668 M
293 1628 497 1669 ethodum
527 1633 779 1682 spectantes,
802 1634 1032 1683 antequam
1054 1643 1104 1670 ex
1126 1630 1416 1672 observatione
1441 1632 1538 1671 soli-

77 1695 186 1736 taria
205 1696 393 1738 fructum
410 1697 594 1750 aliquem
611 1711 763 1750 queam
784 1697 1037 1751 decerpere?
1072 1698 1116 1738 Si
1135 1699 1405 1739 Observatori
1426 1714 1539 1739 nun-

78 1777 204 1817 quam
225 1778 313 1804 non
328 1764 592 1818 responderit
608 1765 984 1816 medicamentum,
1000 1779 1128 1819 quare
1149 1765 1194 1805 in
1210 1766 1537 1819 particularibus

75 1834 279 1881 versatur,
311 1831 395 1871 nisi
434 1836 508 1872 aut
549 1831 629 1871 sibi
670 1832 832 1872 diffidat
868 1832 969 1886 ipse,
1008 1837 1082 1873 aut
1114 1833 1363 1874 minutatim
1395 1835 1537 1888 potius

78 1912 205 1952 quam
225 1899 272 1938 in
293 1899 425 1940 solido
445 1899 694 1953 imposuisse
716 1901 808 1941 orbi
829 1901 961 1941 videri
980 1902 1233 1954 praeoptet?
1277 1901 1419 1943 Quam
1439 1916 1538 1942 vero

77 1965 124 2006 in
143 1967 316 2019 proclivi
337 1967 391 2007 sit
412 1967 661 2008 densissima
680 1968 809 2021 hujus
832 1968 998 2021 generis
1019 1969 1237 2009 volumina
1258 1969 1535 2017 conscribere,

77 2046 204 2074 nemo
233 2033 299 2073 vel
328 2033 596 2074 mediocriter
624 2035 670 2074 iu
700 2035 819 2088 praxi
848 2040 1039 2076 versatus
1070 2036 1239 2088 ignorat
1255 2053 1267 2086 ς
1307 2037 1373 2077 uti
1402 2050 1483 2077 nec
1513 2050 1537 2077 e

78 2106 228 2141 contra
267 2115 395 2154 quam
435 2101 489 2141 sit
529 2101 635 2141 illud
675 2102 856 2152 difficile,
890 2103 1122 2155 perfectam
1163 2108 1206 2143 et
1242 2105 1537 2144 confirmatam

77 2167 266 2221 undique
297 2167 504 2208 Medendi
537 2168 796 2208 Methodum
829 2169 875 2209 in
911 2169 1056 2221 quovis
1090 2170 1237 2210 morbo
1272 2171 1453 2211 condere
1489 2185 1538 2211 ac

77 2234 278 2276 stabilire.
343 2235 387 2275 Si
418 2236 484 2275 vel
517 2250 630 2275 unus
661 2240 834 2276 tantum
869 2249 944 2288 per
979 2236 1148 2288 singula
1182 2237 1333 2277 mundi
1370 2238 1538 2278 saecula

76 2301 157 2343 hoc
196 2303 323 2344 modo
352 2303 529 2343 unicum
561 2304 805 2343 tractaverit
832 2303 1042 2354 morbum,
1070 2303 1277 2344 Medendi
1297 2305 1380 2344 Ars
1412 2305 1537 2360 (quae

78 2370 345 2412 Medicorum
381 2374 444 2411 est
484 2371 726 2424 provincia)
763 2385 788 2411 a
822 2371 968 2411 multis
1008 2376 1122 2411 retro
1158 2372 1280 2411 annis
1314 2372 1368 2412 ad
1402 2371 1538 2425 ἀκμήν

76 2438 347 2492 pervenisset,
380 2438 576 2479 omnibus
608 2438 802 2478 absoluta
831 2438 1034 2488 numeris,
1067 2439 1218 2479 saltem
1249 2439 1294 2479 in
1326 2445 1536 2492 quantum

77 2505 159 2546 fert
186 2505 431 2546 mortalium
460 2520 561 2546 sors.
625 2505 746 2547 Quae
777 2520 874 2546 vero
896 2505 1018 2546 fundi
1045 2506 1182 2546 nostri
1209 2511 1272 2546 est
1305 2507 1535 2557 calamitas,

72 2572 240 2626 jamdiu
270 2572 322 2613 ab
354 2573 648 2626 antiquissimo
684 2578 727 2614 et
757 2573 1012 2627 peritissimo
1044 2573 1150 2614 duee
1186 2573 1460 2627 Hippocrate,
1493 2580 1536 2615 et

76 2640 212 2694 prisca
249 2639 454 2681 Medendi
487 2641 708 2691 Methodo,
746 2655 968 2681 causarum
1001 2641 1327 2694 conjunctarum
1372 2642 1536 2696 (utpote

78 2721 184 2761 quae
209 2712 324 2748 certo
352 2721 395 2748 se
419 2708 630 2761 prodant,)
661 2708 895 2761 cognitioni
923 2712 1224 2761 superstructa,
1255 2708 1533 2760 descivimus5

76 2775 191 2816 unde
218 2779 295 2826 est,
323 2780 373 2816 ut
405 2789 511 2828 quae
546 2775 671 2815 hodie
702 2779 932 2826 exercetur,
957 2789 980 2815 a
1010 2775 1319 2829 logodaedalise
1339 2777 1532 2827 conficta,

119 2897 132 2913 θ
155 2890 271 2930 logod.]
289 2890 526 2929 λογοδαίδαλος,
540 2892 558 2923 i.
571 2902 596 2921 e.
615 2894 770 2930 artificiosi
830 2903 858 2932 p.
877 2892 949 2922 266.
965 2892 1022 2927 E.;
1042 2893 1144 2922 Cicer.
1160 2895 1245 2924 Orat.
1261 2903 1285 2924 c.
1304 2894 1371 2929 12.;
1393 2892 1533 2925 Quintil.

77 2935 217 2963 sermonis
225 2932 400 2973 fabricator
412 2947 421 2965 :
446 2945 474 2965 v.
493 2934 616 2965 Platon.
635 2935 769 2965 I’haetlr.
832 2936 933 2966 Instil.
952 2936 1036 2965 Orat.
1055 2935 1098 2965 iii.
1118 2937 1144 2966 l.
