1985 3308
446 116 769 159 SCHEDULA
798 115 1150 157 MONITORIA
1181 116 1218 156 Ι.
1476 119 1560 159 493

104 234 261 276 thodus
276 235 395 276 nullo
410 239 533 289 pacto
549 239 611 277 est
627 234 952 276 intermittenda
964 251 976 284 3
1009 233 1366 287 quandoquidem,
1386 234 1418 275 si
1437 248 1562 288 aeger
1581 242 1764 275 DENOVAE

106 303 159 344 ad
179 303 347 356 longius
367 304 568 357 temporis
590 303 774 357 spatium
793 303 884 343 istis
906 301 1128 343 sudoribus
1149 301 1383 354 indulgeat,
1400 301 1559 352 Febris,
1582 286 1758 360 Ῑξέῐῗέεῐξυ

106 385 234 424 quam
261 372 534 425 purgationes
564 371 863 425 praecedentes
892 369 1189 424 quadantenus
1217 368 1560 422 subjugaverant,
1582 374 1763 417 Cu—RA‘T'ToT

105 438 246 479 denuo
278 439 384 479 vires
416 444 626 479 resumet:
679 439 711 480 si
744 439 858 479 enim
889 438 1146 492 diaphoresis
1176 437 1260 478 ista
1289 437 1563 491 protrahatur

102 506 217 547 ultra
247 511 415 560 tempus
450 507 553 547 illud
588 522 670 561 quo
700 507 932 561 particulae
965 506 1164 556 Febriles,
1197 505 1388 546 coctione
1419 504 1563 545 debita

102 579 389 628 praeparatae,
412 589 582 628 prorsus
604 575 832 626 difflantur,
860 575 931 628 qui
957 579 1052 628 post
1079 575 1363 627 insequuntur
1388 573 1562 614 sudores

103 654 192 681 non
219 640 273 680 ad
300 641 415 681 aliud
442 642 603 682 faciunt
632 657 759 695 quam
787 643 841 683 ad
872 641 1249 683 inflammationem
1284 642 1335 682 de
1359 656 1468 683 novo
1495 655 1560 682 ac-

103 708 381 750 cendendam.
445 709 746 761 Quamobrem,
775 711 873 751 lieet
902 711 1074 751 sudores
1101 710 1172 751 isti
1197 710 1269 763 qui
1296 714 1447 763 sponte
1473 723 1562 750 ma-

102 775 265 817 nabant
296 776 431 817 critici
457 777 633 817 fortasse
663 777 836 828 fuerint,
863 777 1001 831 quoad
1031 777 1233 818 materiae
1264 776 1441 818 Febrilis
1473 777 1563 831 ejus

104 857 212 898 quae
243 844 477 898 expulsioni
507 844 597 898 jam
627 850 775 898 parata
805 849 869 886 est
900 844 1234 885 eliminationem
1247 861 1259 894 3
1302 843 1372 884 alii
1401 847 1562 894 tamen,

103 912 177 966 qui
203 917 299 966 post
323 912 416 953 illos
445 913 685 963 eliciuntur,
712 913 1027 967 symptomatici
1053 917 1224 953 tantum
1253 925 1342 953 esse
1370 916 1562 965 possunt,

102 983 231 1033 atque
266 979 370 1020 adeo
410 980 574 1021 officere
610 981 744 1033 magis
786 995 914 1034 quam
948 981 1157 1034 prodesse.
1219 980 1363 1021 Verbo
1399 980 1560 1021 dicam:

102 1046 347 1101 hujusmodi
372 1048 595 1089 sudoribus
623 1053 754 1090 noctu
782 1054 931 1103 sponte
961 1063 1036 1089 sua
1062 1048 1384 1102 prodeuntibus,
1412 1062 1560 1102 oppor-

102 1119 208 1156 tune
232 1115 344 1156 favet
372 1116 470 1157 lecti
497 1131 572 1170 per
595 1121 766 1158 noctem
792 1117 899 1157 lenis
927 1117 1040 1158 calor
1052 1134 1064 1167 3
1097 1130 1227 1171 quare
1255 1116 1456 1169 stragula,
1482 1129 1562 1157 nec

102 1184 225 1238 plura
244 1197 324 1225 nec
349 1184 544 1226 densiora
567 1185 649 1225 illis
678 1185 830 1239 quibus
856 1200 983 1226 sanus
1011 1190 1262 1235 assueverat,
1286 1198 1411 1237 aegro
1436 1198 1561 1238 agge-

102 1256 266 1302 rantur,
284 1266 362 1293 nec
384 1252 665 1294 exhibeantur
682 1253 991 1294 medicamenta
1007 1252 1176 1307 quaevis
1198 1252 1561 1302 excalefacientia3

102 1320 259 1362 lectulo
289 1325 461 1362 tantum
496 1322 716 1375 indulgeat
748 1335 872 1375 aeger
903 1321 1218 1374 aliquantulum
1251 1320 1373 1360 solito
1405 1319 1564 1360 diutius

102 1402 229 1430 mane
257 1389 542 1443 subsequente
554 1407 566 1440 3
599 1395 641 1431 et
669 1394 814 1444 postea
840 1394 990 1444 pergat
1017 1389 1063 1429 in
1088 1403 1214 1443 supra
1242 1387 1451 1441 descripta
1477 1401 1564 1428 me-

104 1456 233 1497 dendi
253 1457 467 1499 methodo.

167 1525 274 1580 [13.]
313 1526 468 1568 Diaeta
503 1540 553 1568 ex
587 1527 793 1580 pulticula
827 1541 1033 1568 avenacea
1068 1530 1144 1576 est,
1176 1525 1241 1566 vel
1271 1524 1437 1579 jusculo
1467 1524 1562 1564 hor-

103 1593 269 1645 deaceo,
291 1609 389 1636 cum
413 1610 538 1649 pomo
564 1596 745 1637 subinde
770 1596 824 1636 ad
843 1595 989 1649 ignem
1013 1599 1144 1645 cocto,
1167 1598 1294 1647 atque
1320 1592 1448 1633 etiam
1468 1597 1563 1645 post

104 1663 334 1704 secundam
373 1664 672 1718 purgationem
707 1665 876 1719 jusculo
910 1665 1033 1706 tenui
1073 1678 1122 1705 ex
1158 1663 1275 1717 pullo
1317 1662 1561 1716 gallinaceo.

101 1730 186 1772 Pro
205 1737 310 1785 potu
333 1733 545 1774 ordinario
571 1734 812 1775 cerevisiam
836 1738 1012 1774 tenuem
1033 1733 1280 1773 nullatenus
1304 1731 1561 1784 tepefactam

100 1800 293 1855 injungo,
319 1805 367 1842 ut
398 1806 440 1842 et
468 1802 692 1842 Decoctum
718 1803 889 1842 Albumr
921 1801 1049 1855 (quod
1081 1800 1324 1855 appellant,)
1358 1813 1407 1840 ex
1437 1799 1564 1839 uncia

102 1883 190 1909 una
219 1882 353 1910 cornu
380 1870 490 1910 cerii
515 1870 600 1910 usti
632 1870 677 1909 in
702 1884 835 1923 aquae
863 1869 1099 1910 communis
1129 1868 1247 1909 libris
1272 1867 1410 1908 tribus
1441 1866 1561 1917 cocti,

103 1941 146 1978 et
165 1942 312 1991 postea
333 1938 530 1978 saccharo
552 1938 765 1978 albissimo
787 1938 1094 1979 eduleoratum.

168 2005 303 2059 [14]8
334 2006 436 2047 Post
464 2006 678 2046 catharsin
708 2006 773 2047 bis
807 2005 1064 2046 celebratam
1093 2005 1212 2045 nulla
1244 2002 1394 2044 suadet
1418 2015 1562 2043 neces-

103 2072 205 2114 sitas
230 2073 293 2126 (ut
315 2073 396 2114 alio
417 2072 507 2114 loeo
532 2071 592 2128 [p.
614 2075 711 2115 478.
737 2075 759 2127 ξ
783 2073 842 2126 6.]
872 2072 1098 2125 adnotavi,)
1123 2071 1336 2125 pullorum
1365 2069 1562 2110 carnibus

103 2146 179 2182 aut
209 2140 416 2182 similibus
448 2142 639 2195 cupeptis
670 2156 795 2195 aegro
826 2141 1092 2191 interdicere,
1116 2154 1213 2180 cum
1243 2139 1347 2179 hace
1368 2152 1443 2192 per
1463 2151 1561 2191 pur-

103 2210 319 2264 gationem
340 2210 566 2251 medicatio
588 2224 637 2250 ea
662 2209 896 2262 indulgeat,
920 2223 1026 2262 quae
1053 2222 1141 2248 non
1169 2210 1367 2261 poterant
1389 2204 1563 2246 concedi

102 2278 138 2319 si
168 2278 239 2319 alii
269 2279 358 2319 xiae
390 2279 670 2319 insisteretur.
730 2278 874 2331 Atque
904 2291 1029 2331 porro
1059 2281 1154 2331 post
1178 2276 1375 2316 ultimam
1408 2288 1561 2328 purga-

102 2347 264 2388 tionem
305 2347 445 2400 (modo
482 2347 627 2388 Febris
663 2346 977 2402 aliquantulum
1009 2345 1314 2399 deflagraverit,
1347 2349 1389 2385 et
1429 2345 1560 2385 inter-

101 2420 313 2460 mittentis
353 2425 505 2473 typum
544 2419 738 2460 nondum
778 2432 948 2473 prorsus
988 2417 1206 2470 induerit,)
1239 2417 1328 2457 vini
1359 2415 1561 2457 Canarini

101 2488 334 2528 cochlearia
364 2487 447 2528 tria
475 2487 540 2527 vel
572 2492 753 2541 quatuor
782 2501 908 2528 mane
945 2491 987 2528 et
1020 2501 1124 2537 sero,
1156 2492 1205 2527 ut
1237 2491 1280 2526 et
1312 2490 1406 2540 post
1434 2499 1560 2539 pran-

102 2555 233 2606 dium,
265 2569 339 2610 per
370 2555 458 2596 dies
489 2555 650 2609 aliquot
680 2555 972 2609 propinentur,
1006 2569 1088 2608 quo
1120 2559 1162 2596 et
1196 2555 1304 2596 vires
1341 2554 1465 2595 citius
1495 2554 1560 2594 in-

101 2629 359 2674 staurentur,
383 2629 425 2665 et
447 2624 633 2665 Febriles
655 2629 900 2665 avertantur
921 2638 1125 2666 accessus.

165 2692 275 2746 [15.]
314 2692 424 2733 Cum
455 2698 598 2733 autem
625 2693 729 2733 haee
754 2692 900 2733 Febris
933 2692 1089 2746 speeies
1120 2706 1220 2746 prae
1249 2692 1424 2733 caeteris
1457 2706 1559 2745 quas

98 2760 207 2801 mihi
237 2774 428 2815 unquam
459 2761 600 2802 videre
631 2760 824 2814 contigit,
862 2760 1081 2801 cerebrum
1121 2764 1262 2814 petere
1304 2760 1422 2814 quasi
1463 2763 1562 2813 apta

144 2868 157 2884 Γ
181 2864 230 2894 Cf.
251 2865 372 2895 Observ.
397 2865 477 2896 Med.
503 2863 544 2894 ἰν.
571 2865 598 2895 3.
625 2864 683 2894 10:
709 2863 737 2894 6.
761 2864 797 2899 9;
904 2867 915 2883 ⁵
943 2864 1036 2893 Dee-t
1055 2865 1069 2902 ξ
1088 2865 1126 2894 Η
1143 2864 1175 2893 in
1193 2863 1239 2894 ed.
1260 2864 1321 2893 '802

103 2911 133 2938 et
151 2907 242 2938 form.
263 2908 332 2938 193.
