1985 3308
234 229 288 259 ΒΕ.

169 272 354 302 Ηγυκοιέ.

165 1937 271 1968 Morbi
288 1938 341 1968 de-

164 1981 303 2020 scriptio.

373 124 456 163 588
786 123 1042 166 THOMAE
1076 124 1420 165 SYDENHAM

374 228 508 268 [Form.
527 231 625 273 219]
677 227 718 279 R
746 229 888 264 Radicis
906 230 1104 263 Gentianae
1122 230 1262 263 unciam
1278 240 1398 269 unam,

747 286 999 321 Summitatum
1018 287 1196 327 Genistae‚
1403 326 1407 327 ⁷

747 343 1035 386 [Summitatum]
1054 344 1235 377 centaurii
1253 342 1415 384 Minoris,

748 400 1830 446 [Summitatum]AbsinthiiVulgaris‚anamanipulumunum,

748 457 930 491 Seminum
948 456 1140 497 Foeniculi,

747 513 966 557 [seminum]
987 512 1202 553 Petroselini,
1219 522 1288 545 ana
1304 511 1486 546 drachmas
1503 512 1608 552 duas3

560 571 684 604 Incisis
700 571 866 603 minutim
883 569 1024 603 affunde
1039 568 1125 602 Vini
1143 568 1306 602 Rhenani
1320 568 1426 602 libras
1443 575 1611 614 quatuor:

561 628 661 662 Stent
685 627 789 661 simul
811 627 846 660 in
872 626 1048 661 infusione
1070 626 1209 671 frigida,
1225 634 1260 660 et
1284 626 1414 660 coletur
1438 627 1656 661 solummodo
1678 634 1831 673 tempore

557 697 649 719 usus.

435 765 515 819 [9.]
528 773 548 789 ¹¹
578 765 847 815 Notandum,
869 779 968 806 curn
989 765 1042 806 ad
1063 765 1429 806 corroborantium
1451 779 1577 806 usum
1600 765 1829 806 deventum

369 833 509 883 fuerit,
539 847 716 885 aegrum
746 833 865 873 nullo
894 833 1021 874 modo
1052 847 1142 873 esse
1172 833 1456 886 purgandum,
1486 833 1697 886 tantisper
1727 833 1830 874 dum

370 899 589 952 sanguinis
611 899 946 940 corroborationi
966 906 1146 941 navetur
1167 915 1305 954 opera.

429 966 554 1008 Quod
577 973 619 1007 et
635 981 710 1020 per
727 967 878 1007 salium
898 967 1146 1008 lixivialium
1167 982 1294 1008 usum
1315 968 1490 1009 omnino
1507 968 1830 1020 observandum,

370 1048 453 1088 quo
475 1034 646 1088 quidem
665 1041 858 1089 tempore
877 1035 1036 1089 pariter
1056 1035 1326 1077 corroborare
1347 1037 1556 1078 convenit.

372 1123 509 1166 [Form.
523 1125 621 1165 220]
633 1134 651 1151 x
678 1122 719 1174 R
747 1124 890 1159 Radicis
906 1125 1071 1170 Raphani
1088 1125 1274 1160 Rusticani
1291 1127 1414 1160 uncias
1430 1133 1511 1167 tres,

746 1181 924 1215 Foliorum
942 1181 1168 1216 Cochleariae
1187 1182 1386 1223 Hortensis‚

746 1239 960 1284 [Foliorum]
980 1240 1158 1273 Absinthii
1174 1239 1350 1285 Vulgaris,

745 1296 959 1341 [Foliorum]
981 1296 1129 1337 Salviae,

747 1355 1001 1388 Smnmitatum
1021 1354 1203 1388 Centaurii
1221 1355 1419 1400 [Minoris‚]

747 1411 1036 1454 [Summitatum]
1059 1411 1238 1452 Genistae,
1254 1424 1323 1445 ana
1339 1412 1538 1456 manipulos
1555 1418 1633 1453 tres,

743 1469 930 1502 Aurantios
945 1469 1073 1502 incisos
1089 1474 1176 1508 tres;

559 1526 798 1559 Insundautur
813 1526 848 1558 in
875 1526 1010 1569 congiis
1035 1536 1094 1558 sex
1121 1525 1303 1559 cerevisiae
1320 1525 1416 1558 fortis
1442 1537 1511 1558 nou
1536 1525 1716 1570 lupulatae
1741 1527 1831 1559 iuter

556 1582 854 1616 fermentandum:
881 1583 925 1616 sit
941 1594 1002 1627 pro
1019 1588 1104 1626 potu
1121 1582 1307 1616 ordinario.

904 1729 1029 1770 CAP.
1062 1729 1269 1769 XXXIV.
1279 1736 1297 1763 y

798 1837 862 1876 De
887 1837 1149 1875 Gonorrhoea
1178 1835 1401 1874 Virulenta.

428 1925 717 1966 CORRIPIUNT
753 1926 871 1966 dolor
907 1925 1157 1978 genitalium
1197 1924 1406 1974 insolitus,
1439 1928 1482 1964 et
1516 1923 1671 1964 rotatio
1710 1923 1830 1964 testi-

369 1994 562 2035 culorum
575 2011 586 2044 3
618 1994 665 2034 in
685 2007 774 2034 non
793 1993 985 2034 recutitis
1012 1993 1193 2042 macula,
1215 1991 1400 2032 morbilli
1428 1991 1607 2040 aemula,
1630 1989 1830 2043 glandem

368 2067 546 2115 occupat
559 2079 570 2112 ς
604 2062 749 2102 statim
771 2076 795 2102 a
815 2062 936 2115 cujus
958 2066 1108 2101 exortu
1128 2061 1266 2113 liquor
1282 2058 1453 2099 seminis
1473 2058 1610 2098 instar
1631 2058 1828 2108 exstillat,

369 2129 453 2182 qui,
469 2129 657 2182 quotidie
675 2143 699 2169 a
719 2129 891 2170 seminis
913 2129 1049 2169 colore
1066 2133 1107 2168 et
1124 2126 1400 2168 consistentia
1416 2125 1630 2175 recedens,
1645 2125 1830 2166 flavescit

366 2196 544 2236 tandem
579 2195 756 2236 dilutius
791 2195 858 2236 ovi
892 2195 1034 2235 vitello
1047 2211 1059 2244 ;
1079 2189 1137 2234 ⁴in
1170 2194 1240 2234 lue
1270 2193 1543 2234 virulentiore
1577 2193 1757 2242 virescit,
1787 2197 1830 2233 et

368 2277 503 2317 aqueo
537 2263 708 2304 humori
742 2263 1019 2316 permiscetur
1055 2262 1262 2315 sanguine
1292 2262 1441 2302 tincto.
1503 2260 1682 2301 Pustula
1716 2260 1831 2302 dicta

367 2332 488 2372 ulcus
508 2332 570 2382 fit,
594 2331 764 2385 aphthis
788 2331 1005 2371 infantum
1030 2329 1178 2380 simile,
1200 2329 1337 2369 indies
1357 2329 1485 2369 latius
1513 2333 1556 2368 et
1576 2327 1829 2381 profundius

369 2399 611 2452 depascens,
644 2399 968 2452 superveniente
1005 2397 1151 2438 orificii
1187 2397 1305 2437 callo.
1366 2396 1498 2450 Verpi
1538 2409 1627 2436 non
1663 2395 1829 2448 glandis

367 2468 521 2518 ulcere,
550 2468 639 2509 sola
670 2467 958 2517 Gonorrhoea,
990 2471 1228 2507 tentantur.
1289 2465 1395 2506 Mox
1424 2479 1607 2518 magnus
1638 2464 1757 2505 dolor
1782 2464 1830 2504 in

367 2550 475 2589 pene
503 2535 668 2590 quoties
697 2534 887 2588 erigitur,
920 2534 1041 2588 quasi
1070 2548 1203 2577 manu
1237 2539 1501 2573 transversus
1531 2532 1699 2573 fortiter
1729 2545 1828 2572 con-

368 2603 662 2655 stringeretur,
691 2605 824 2642 noctu
853 2601 1078 2654 praecipue
1107 2605 1246 2653 urget,
1276 2600 1379 2640 dum
1410 2613 1535 2652 aeger
1568 2599 1678 2639 lecto
1713 2598 1828 2638 inca-

366 2669 498 2710 lescit.
562 2669 773 2709 Cui-vatur
807 2668 927 2721 penis
959 2682 982 2708 a
1017 2668 1164 2708 fraeno
1200 2671 1431 2708 contracto.
1491 2665 1670 2706 Accedit
1705 2665 1830 2706 ardor

367 2737 530 2786 urinae,
562 2736 676 2776 inter
706 2735 987 2788 mingendum
1017 2735 1084 2775 vix
1114 2733 1411 2789 perceptibilis,
1440 2733 1513 2774 sed
1543 2733 1678 2773 mictu
1706 2732 1828 2773 finito

412 2846 428 2861 ¹¹
453 2842 502 2870 Cf.
525 2843 625 2871 Tract.
644 2843 690 2871 II.
707 2843 721 2877 δ
740 2843 789 2872 38.
1173 2839 1183 2857 )
1214 2841 1261 2871 Cf.
1281 2842 1380 2880 Epist.
1398 2841 1538 2879 Respons.
1558 2840 1603 2869 ΙΙ.
1622 2840 1636 2877 §
1655 2839 1673 2870 9
1691 2849 1742 2878 sq.

411 2887 424 2901 ²
451 2884 499 2913 Cf.
517 2886 590 2914 ibid.
609 2886 623 2923 §
642 2886 692 2920 35,
710 2889 739 2914 et
757 2885 939 2916 for1n.'217.
