1985 3308
270 151 791 193 OBSERVATIONUM
824 152 1199 193 MEDICARUM
1232 163 1272 195 V.
1299 167 1330 196 4.
1448 158 1531 197 223

75 258 256 298 Variolis
287 258 610 299 Confluentibus
639 258 846 309 laborant,
878 273 927 299 eo
958 260 1180 313 praecipue
1215 266 1419 313 urgentur
1450 263 1531 302 ‹lis-
1550 267 1736 301 Vmuomi:

73 326 262 376 crimine,
285 327 401 381 quod
427 327 554 367 saliva
574 326 638 366 his
665 326 813 367 diebus
839 327 1033 367 viscidior
1061 329 1225 368 reddita
1245 329 1386 369 fauces
1413 344 1530 383 prac-

72 394 229 443 cludat‚
261 395 329 434 0111
360 395 532 450 quidem
563 394 836 448 symptomati
870 394 948 434 1100
984 394 1029 434 111
1059 409 1159 435 casu
1190 396 1409 436 diarrhoea
1439 411 1530 437 sue-

70 461 214 511 currit,
245 476 354 516 quae
384 463 449 503 vel
480 467 629 515 sponte
660 476 736 502 sua
766 461 943 513 desinet,
973 464 1038 503 vel
1068 464 1231 514 saltem,
1259 465 1334 504 ubi
1364 465 1531 505 nullum

70 529 250 582 amplius
273 544 297 569 a
319 530 498 571 Variolis
519 531 755 584 perieulum
782 536 858 581 est,
881 532 988 572 lacte
1010 537 1052 573 et
1074 548 1186 588 aqua
1210 534 1345 575 mistis
1372 540 1413 575 et
1435 549 1530 576 nar-

69 597 202 638 cotico
225 599 450 652 assumptis
472 599 592 640 facilc
613 604 915 653 compescetur.

133 667 211 720 [9.]
250 667 392 720 Aegro
423 667 594 708 iuterim
625 668 671 708 in
700 668 809 709 lecto
835 669 1009 722 jacenti,
1035 670 1209 711 inclusis
1241 686 1407 726 quoque
1435 673 1529 714 bra-

67 733 185 784 chiis,
218 735 407 787 stragula
439 740 605 788 praeter
636 736 759 777 solita
794 736 918 790 adjici
951 751 1039 778 non
1074 739 1290 792 patiebar,
1342 742 1530 782 concessi

65 801 195 841 etiam
226 806 274 842 ut
297 802 349 842 ab
381 803 459 843 hac
480 803 526 842 111
551 803 667 843 illam
695 803 794 844 lecti
820 809 986 858 partem
1013 820 1056 846 se
1088 821 1164 859 pro
1186 807 1359 849 arbitrio
1390 813 1527 850 trans-

63 872 206 923 ferret,
233 873 286 913 ad
315 874 487 914 sudores
517 875 732 925 arcendos,
761 875 806 915 in
835 890 939 928 quos
967 875 1293 929 proclivissimus
1322 882 1424 928 erat,
1447 878 1528 919 hoc

64 955 152 982 non
194 941 391 982 obstante
431 943 630 984 remedio.
698 944 885 984 Jusculis
926 943 1099 984 interim
1141 945 1358 985 avenaceis
1399 951 1526 999 atque

63 1009 306 1050 hordeaceis
334 1010 567 1060 victitabat,
590 1025 901 1064 nonnunquam
929 1016 970 1052 et
1001 1025 1126 1065 pomo
1155 1016 1286 1052 cocto.
1350 1013 1525 1055 Ultimis

64 1076 226 1128 diebus,
255 1078 290 1118 si
317 1078 381 1118 vel
411 1078 633 1131 langueret
665 1093 801 1132 aeger,
831 1080 895 1120 vel
920 1084 1157 1132 aegrotaret
1186 1081 1414 1129 stomacho,
1437 1082 1524 1122 vini

63 1145 265 1186 Canarini
296 1146 529 1188 cochlearia
558 1146 642 1187 tria
675 1152 908 1200 quatuorve
941 1147 1112 1187 indulsi.
1176 1147 1395 1189 Haustum
1426 1164 1522 1191 vcro

60 1213 355 1266 paregoricum
379 1217 470 1268 jam
492 1229 517 1255 a
538 1215 688 1268 quinto
717 1220 884 1255 sextove
910 1215 977 1256 die
1007 1216 1185 1268 singulis
1206 1217 1389 1269 vesperis
1413 1223 1521 1258 tem-

59 1281 203 1334 porius
243 1281 557 1335 propinandum
593 1282 739 1323 adulto
777 1283 1028 1334 (infantibus
1064 1283 1179 1323 enim
1219 1298 1268 1324 00
1303 1299 1391 1325 11011
1432 1292 1522 1327 erat

59 1350 193 1401 opus,)
227 1349 486 1403 praescripsi,
530 1350 703 1390 laudani
743 1350 894 1403 liquidi
937 1351 1094 1391 scilicet
1135 1356 1278 1404 guttas
1320 1358 1520 1406 quatuor-

60 1415 197 1457 decim
216 1417 262 1457 111
285 1431 416 1470 aquae
438 1418 589 1457 florum
610 1418 861 1472 paralyseos.

124 1484 232 1538 [lO.]
271 1485 353 1526 Die
384 1485 547 1525 decimo
570 1490 720 1538 quarto
742 1500 918 1539 aegrum
946 1499 968 1526 e
995 1485 1105 1527 lecto
1131 1501 1301 1540 surgere
1322 1489 1493 1541 permisi
1506 1507 1517 1540 3

57 1552 254 1594 vicesimo
296 1553 432 1606 primo
473 1553 726 1607 sanguinem
767 1568 789 1594 e
828 1554 1001 1594 brachio
1042 1554 1309 1596 educendum
1349 1559 1490 1598 curavi
1503 1576 1515 1609 3

57 1621 339 1661 catharticum
372 1621 525 1662 deinde
558 1621 611 1662 ad
642 1621 746 1662 duas
776 1622 842 1662 vel
875 1626 961 1662 tres
991 1622 1099 1663 vices
1133 1623 1306 1664 exhibui
1318 1642 1330 1674 3
1363 1626 1516 1678 quibus

56 1690 237 1743 peractis
259 1690 374 1743 aegri
394 1690 520 1731 facies
543 1690 766 1732 coloratior
787 1705 835 1731 ac
855 1691 990 1744 magis
1006 1691 1144 1732 vivida
1165 1693 1514 1746 conspiciebatur,

57 1772 185 1811 quam
215 1758 376 1798 solebat
398 1772 545 1799 eorum
576 1773 680 1811 quos
707 1759 776 1799 1110
796 1759 972 1800 morbus
996 1759 1057 1799 ita
1086 1760 1196 1800 male
1223 1761 1514 1805 mulctaverat.

56 1825 192 1875 Adde,
215 1826 328 1879 quod
347 1826 574 1867 methodus
601 1826 776 1867 laudata
795 1827 863 1867 vix
883 1828 1045 1880 patitur
1071 1827 1223 1868 faeiem
1250 1829 1515 1872 cicatricibus

57 1892 286 1946 deturpari,
309 1907 416 1946 quae
446 1893 497 1934 ab
519 1894 770 1935 humoribus
797 1895 940 1936 calidis
966 1895 1232 1949 efferatisque
1259 1899 1513 1951 proveniunt

57 1961 289 2000 cuticulam
310 1961 572 2001 rodentibus.

122 2028 228 2081 [ll.]
268 2028 349 2068 Dic
390 2028 495 2068 Julii
534 2029 603 2078 26,
648 2029 771 2079 1675,
812 2030 874 2069 vir
914 2030 1067 2070 nobilis
1107 2032 1296 2085 mihique
1338 2035 1510 2086 amicus,

56 2096 154 2136 Dnus
182 2096 324 2146 Elliot,
349 2096 456 2148 Regi
487 2110 511 2135 a
541 2095 748 2146 eubiculo,
771 2097 1051 2138 domesticum
1079 2112 1101 2138 e
1133 2100 1218 2139 suis
1248 2115 1367 2141 meae
1388 2117 1512 2144 curae

55 2165 279 2214 commisit,
306 2164 395 2204 fera
422 2164 501 2203 hac
528 2163 798 2204 Variolarum
829 2165 1143 2206 Confluentium
1171 2167 1391 2220 nigrarum
1420 2185 1510 2223 spe-

54 2232 116 2273 cie
151 2232 395 2286 propediem
435 2231 739 2272 laboraturum.
803 2231 1002 2273 Habebat
1038 2234 1073 2273 is
1109 2248 1242 2275 annos
1279 2237 1510 2279 octodecim

54 2301 230 2352 circiter,
259 2306 595 2355 temperamento
624 2307 716 2342 erat
738 2301 966 2342 admodum
996 2303 1240 2356 sanguineo,
1263 2310 1304 2346 et
1329 2306 1375 2346 in
1396 2307 1510 2349 1111110

53 2369 249 2410 morbum
284 2384 309 2410 a
340 2369 473 2409 nimia
507 2369 819 2422 compotatione
854 2383 999 2410 recens
1032 2370 1251 2412 inciderat.
1314 2373 1508 2415 Conflue-

52 2435 156 2478 bant
183 2438 378 2491 pustulae
407 2437 598 2477 densiore
626 2437 795 2490 agmine
830 2452 956 2491 quam
986 2438 1087 2478 alias
1107 2439 1192 2479 vidi
1223 2455 1425 2494 unquam,
1449 2444 1509 2484 ita

51 2509 100 2546 ut
120 2506 239 2546 nulla
258 2505 345 2546 fere
372 2505 485 2545 inter
516 2519 585 2545 eas
606 2504 876 2558 intercapedo
902 2505 1164 2559 linqueretiu·
1195 2522 1277 2560 qua
1304 2509 1508 2564 distingui

51 2577 234 2625 possent.
297 2572 491 2613 Remedii
520 2573 648 2626 hujus
680 2571 1019 2627 δραστικωτάτου
1044 2576 1225 2616 confisus
1246 2576 1416 2629 viribus,
1438 2593 1506 2620 ve-

50 2652 151 2680 nam
175 2640 319 2680 nullus
350 2641 475 2691 secui,
497 2641 595 2681 licet
616 2645 785 2695 tempus
813 2656 896 2695 quo
927 2643 1169 2684 accersebar
1194 2644 1237 2684 id
1267 2646 1372 2685 mihi
1402 2647 1504 2688 libe-

48 2721 143 2748 rum
162 2708 330 2759 faceret,
354 2714 481 2763 atque
502 2709 631 2749 etiam
657 2723 796 2750 secare
819 2710 1069 2760 debuissem,
1093 2725 1191 2752 cum
1218 2727 1242 2753 a
1266 2714 1398 2755 nimia
1419 2717 1505 2758 vini

48 2774 382 2830 ingurgitatione
402 2777 655 2817 invitaretur
674 2777 860 2818 morbus.
914 2779 1014 2819 Post
1037 2780 1302 2833 eruptionem
1323 2783 1501 2835 finitam,

49 2841 115 2884 die
143 2844 337 2885 videlicet
373 2845 524 2898 quinto
564 2845 628 2885 vel
669 2850 798 2896 sexto,
836 2846 1032 2899 spiritum
1072 2847 1226 2888 viti-ioh·
1256 2850 1301 2890 in
1331 2850 1502 2904 lagenas

49 2910 208 2967 aliquot
243 2913 441 2954 cerevisia
475 2913 595 2954 tenui
625 2914 806 2967 repletas
842 2914 951 2968 jussi
982 2915 1190 2967 instillari,
1224 2922 1350 2972 atque
1385 2920 1500 2962 huuc

1561 311 1726 343 ΛΝοΜΑμ

1550 353 1734 385 Axxonum

1577 397 1711 431 '7275
