1985 3308
490 114 828 156 PROCESSUS
862 114 1128 156 INTEGRI.
1454 119 1538 157 549

83 221 170 261 vini
207 221 363 261 dentur
400 225 547 274 guttae
583 221 729 262 decem
763 221 938 262 laudaui
976 221 1125 274 liquidi
1166 220 1342 274 singulis
1383 222 1446 262 vel
1483 224 1540 264 al-
1561 230 1746 262 Dssszm-

82 288 215 329 ternis
234 289 409 339 vicibus,
431 293 526 343 post
547 289 880 342 assumptionem
901 289 999 339 boli,
1022 294 1071 330 ut
1092 303 1195 343 opus
1217 290 1358 331 fuerit.
1568 274 1737 346 TnEuRsMIIE.

140 357 209 399 Ad
240 358 466 398 recidivam
497 358 830 412 praecavendam
862 358 1099 412 (praecipue
1126 359 1173 399 in
1202 359 1452 412 Quartana)
1477 375 1541 402 re-

81 429 254 478 petatur
273 439 492 479 processus
512 425 751 479 praedictus
773 426 951 480 singulis
973 427 1218 480 septimanis
1238 442 1314 482 per
1333 432 1419 470 tres
1441 429 1542 470 alias

82 492 206 534 vices.

143 560 221 600 Sin
239 560 377 600 forma
396 560 624 613 pilularum
646 561 779 614 magis
802 561 984 603 arrideat
1003 579 1071 603 :—

85 631 216 676 [Form.
238 632 333 673 151.]
345 636 358 656 ‘³
393 631 431 683 R
462 633 611 667 Corticis
629 632 814 667 Peruviani
833 635 1002 679 pulverati
1020 637 1163 670 unciam
1183 647 1300 678 unam,

464 701 544 723 cum
562 691 752 724 sufficiente
770 693 968 735 quantitate
989 694 1114 738 Syrupi
1133 694 1444 739 Cal-yophyllorum
1460 709 1468 736 ;

270 740 375 780 Fiant
400 747 529 791 pilulae
545 747 730 782 mediocris
752 749 1019 793 magnitudinis,
1037 762 1184 794 quarum
1204 752 1319 796 capiat
1338 764 1398 785 sex
1416 759 1540 797 quarta

269 815 409 848 quaque
427 804 523 837 hora.

83 882 216 923 [Form.
236 886 355 928 152.]r
388 881 429 933 R
457 884 605 917 corticis
624 884 809 917 Pcrnviani
827 884 996 929 pulvcrati
1015 887 1136 920 uncias
1154 887 1252 929 duas,

454 940 537 974 Vini
556 941 719 975 Rhenani
736 942 841 975 libras
858 942 966 983 duas3

268 998 369 1032 Stent
385 998 488 1031 simul
510 999 546 1032 in
570 998 742 1032 infusione
765 999 904 1043 frigida,
921 1006 955 1033 et
977 1001 1108 1034 coletur
1131 1013 1192 1046 per
1207 1003 1383 1036 manicam
1405 1003 1542 1049 Hippo-

265 1057 380 1090 cratis.
438 1055 532 1089 Usus
564 1062 718 1101 tempore
750 1058 933 1101 capiantur
961 1059 1086 1092 unciae
1115 1064 1183 1092 tres
1211 1061 1313 1094 tertia
1339 1060 1392 1094 vel
1419 1067 1541 1105 quarta

265 1124 403 1158 quaque
419 1112 513 1146 hora.

144 1192 223 1247 [4.]
238 1200 253 1219 Ξ
286 1192 362 1232 Sin
387 1192 440 1233 ob
471 1191 836 1234 vomitm-itionem
860 1193 948 1235 fere
970 1196 1217 1237 continuam
1241 1198 1440 1238 corticem
1469 1198 1538 1239 de-

79 1262 235 1315 glutire
266 1266 450 1314 nequeat
481 1275 617 1314 aeger,
646 1266 739 1301 tum
772 1261 903 1302 sexies
936 1263 1000 1303 vel
1032 1264 1161 1304 octies
1193 1265 1328 1318 spatio
1358 1265 1538 1305 duarum

76 1329 279 1371 horarum
310 1330 423 1370 succi
443 1329 652 1369 limonum
673 1343 820 1369 recens
841 1331 1025 1383 expressi
1046 1332 1262 1373 cochleare
1283 1347 1419 1373 unum
1441 1348 1538 1374 cum

78 1399 175 1439 salis
211 1399 413 1440 absinthii
449 1398 645 1451 scrupulo
677 1412 765 1438 uno
801 1405 1002 1450 assumat,
1045 1400 1145 1441 dein
1177 1402 1349 1443 laudani
1388 1403 1539 1457 liquidi

77 1471 221 1520 guttas
243 1466 425 1507 sedecim
441 1479 540 1506 cum
561 1479 694 1518 aquae
715 1466 976 1507 cinnamomi
991 1468 1177 1510 fortioris
1198 1469 1407 1511 cochleari
1428 1486 1535 1521 uno3

77 1549 125 1576 ac
145 1535 261 1576 brevi
280 1539 388 1589 post,
411 1539 601 1575 cessante
622 1534 797 1584 vomitu,
821 1535 987 1576 corticis
1008 1550 1133 1576 usum
1156 1537 1441 1590 aggrediatur.

123 1603 203 1657 [5.]
214 1603 228 1630 t
244 1603 299 1643 In
306 1601 702 1658 Intermittentibus
709 1602 968 1643 Vernalibus
981 1617 1293 1658 nonnunquam
1308 1606 1534 1647 emeticum
1556 1615 1695 1664 Emetici

74 1672 321 1726 tempestive
350 1670 623 1725 propinatum
648 1671 712 1723 (ut
738 1685 893 1724 nempe
921 1680 1019 1712 ante
1042 1687 1339 1727 paroxysmum
1363 1675 1534 1728 negotio
1552 1669 1610 1695 ‘⁷¹⁸'

77 1753 153 1780 suo
194 1739 368 1792 defungi
406 1739 567 1793 possit,)
611 1739 877 1780 foelicissime
923 1741 1134 1781 successit.
1206 1742 1531 1797 Nonnunquam

76 1821 227 1848 enema
241 1808 287 1848 in
301 1807 449 1848 diebus
469 1807 854 1848 intermittentibus
875 1822 950 1861 per
970 1808 1161 1849 triduum
1175 1810 1240 1850 vel
1257 1810 1530 1863 quatriduum
1550 1822 1717 1865 epenema-

75 1861 281 1930 injectum
303 1875 566 1915 curationem
587 1874 775 1915 absolvit.
1550 1864 1599 1890 us·

135 1943 257 1985 Quae
278 1942 472 1996 sequenti
494 1957 661 1996 quoque
681 1942 807 1983 modo
828 1943 983 1983 tentari
1004 1948 1144 1997 potest
1159 1961 1226 1984 :—
1550 1956 1726 1989 Methodus

1549 2009 1557 2028 l
1685 2021 1692 2031 ι

78 2032 212 2073 [Form.
234 2033 352 2074 153.]¹¹
380 2031 419 2081 R
450 2031 625 2076 [Radicis]
647 2032 887 2077 Serpentariae
913 2032 1141 2077 Virginianae
1166 2034 1389 2069 subtilissime
1414 2036 1531 2081 pulve-
1549 2007 1741 2083 plaiigggiiiliil.

496 2095 589 2123 ratae
607 2101 715 2133 grana
732 2089 942 2134 quindecim,

448 2146 530 2180 Vini
548 2147 628 2180 Albi
645 2148 766 2180 uncias
783 2153 850 2180 tres
865 2160 872 2187 3

262 2204 387 2238 Sumat
412 2203 547 2237 duabus
579 2203 670 2237 horis
696 2209 777 2237 ante
806 2214 1074 2248 pai·0xysnium;
1106 2210 1140 2238 et
1165 2205 1328 2249 stragulis
1354 2212 1533 2251 coopertus

261 2273 364 2305 aeger
389 2260 489 2294 sudet
506 2271 566 2306 per
582 2267 649 2294 tres
672 2261 724 2294 vel
749 2266 896 2305 quatuor
921 2260 1040 2294 horas:
1068 2261 1161 2295 idem
1183 2261 1342 2296 faciendo
1365 2274 1425 2307 per
1447 2263 1533 2297 duas

260 2320 346 2352 alias
363 2320 453 2352 vices
471 2325 551 2352 ante
569 2330 826 2363 paroxysmum.

138 2399 217 2454 [6.]
257 2399 302 2439 Si
338 2397 389 2438 ab
422 2398 696 2451 ingeminatis
731 2399 991 2452 paroxysmis
1025 2413 1189 2440 summe
1223 2399 1373 2441 debilis
1403 2401 1531 2442 fuerit

72 2481 269 2521 aeger,—

74 2555 206 2596 [Fnrm.
228 2557 346 2596 154.l¹
374 2554 413 2598 R
442 2556 637 2590 consen-ae
655 2555 777 2590 florum
797 2556 1010 2600 Borraginis,

446 2616 659 2660 [conservae
676 2616 817 2660 florum]
838 2617 1012 2659 Buglossi‚
1029 2627 1097 2650 ana
1114 2619 1254 2651 unciam
1272 2628 1391 2659 unam,

445 2673 640 2707 conservae
657 2674 790 2707 Anthos
808 2674 1048 2715 semiunciam,

113 2757 126 2777 ⁹
151 2752 200 2783 Cf.
223 2752 314 2782 form.
333 2753 382 2782 51.
830 2756 942 2790 tiana-⁸⁴,
960 2753 1072 2783 deinde
1090 2753 1180 2783 form.
1202 2755 1271 2784 153.

113 2799 124 2813 ¹'
148 2795 196 2825 Cf.
215 2796 316 2834 Epist.
332 2796 476 2833 Res-pons.
494 2796 520 2825 I.
540 2797 554 2834 §
574 2795 613 2827 27
630 2805 674 2835 sq.
874 2797 883 2816 t
910 2796 958 2825 Cf.
980 2798 1098 2826 Observ.
1118 2798 1199 2827 Med.
1219 2797 1237 2826 i.
1257 2798 1284 2827 5.
1306 2797 1353 2828 17.

113 2838 123 2852 ⁸
148 2838 276 2868 Desunt
305 2840 338 2876 ἓξ
368 2838 450 2869 -1—7
479 2838 510 2867 in
541 2838 590 2867 ecl.
616 2839 678 2874 '93,
715 2848 770 2878 pro
873 2837 886 2850 ¹¹
914 2839 964 2868 Cf.
982 2839 1073 2868 form.
1091 2840 1143 2870 57.

70 2880 187 2920 quibus
208 2883 317 2910 Altera
348 2882 499 2910 methodus
532 2883 660 2910 curandi
695 2882 767 2910 Ter·
874 2887 886 2901 Χ
913 2881 962 2911 Cf.
982 2881 1071 2911 form.
1092 2883 1137 2911 14.
