1985 3308
391 172 477 213 260
795 173 1051 215 THOMAE
1085 173 1427 215 SYDENHAM

197 285 372 314 Runmm-
393 280 564 333 quidem
589 294 677 321 non
702 280 754 321 de
779 280 1000 322 arthritide
1028 285 1207 330 tantum,
1231 280 1305 321 sed
1335 285 1378 321 et
1411 280 1463 321 de
1494 280 1685 335 hydrope
1709 280 1849 323 adhuc

215 336 375 378 *ff-‘E-
394 348 639 402 incipiente,
670 348 833 389 dictum
853 349 946 390 volo
960 366 971 399 ;
1004 349 1055 389 de
1087 363 1169 402 quo
1199 348 1348 389 morbo
1374 348 1473 388 licet
1496 348 1624 401 vulgo
1649 349 1849 403 jactetur,

188 386 354 469 fflgfsty-
398 416 527 457 “Ubi
568 416 724 457 desinit
760 417 995 466 scorbutus,
1031 417 1090 457 ibi
1121 416 1271 469 incipit
1302 415 1530 469 hydrops,”
1563 416 1668 458 haec
1702 422 1850 458 tamen

396 485 544 538 regula
574 499 697 539 saepe
725 486 890 538 saepius
916 499 1003 525 non
1035 485 1157 525 aliter
1187 489 1251 525 est
1282 484 1539 537 accipienda,
1566 499 1693 538 quam
1723 485 1850 539 quod,

394 553 469 594 ubi
499 553 684 606 primum
712 567 754 594 se
785 553 970 606 hydrops
1002 551 1238 592 manifestis
1267 551 1408 604 prodit
1439 551 1621 603 indiciis,
1648 566 1849 606 praecon-

395 625 517 673 cepta
537 619 589 660 de
620 619 817 660 scorbuto
839 619 981 673 opinio
1009 619 1154 659 statim
1180 618 1435 659 collabascit.
1497 619 1644 660 Potest
1666 623 1709 660 et
1735 619 1851 661 idem

393 687 473 728 1100
513 687 712 728 affirmari
749 687 800 728 de
832 701 958 740 quam
990 686 1183 740 plurimis
1214 686 1305 727 aliis
1335 686 1494 727 morbis
1530 687 1752 738 chronicis,
1784 687 1852 728 vel

395 755 533 796 adhuc
557 756 604 795 in
631 769 803 808 corpore
830 755 1019 795 humano
1049 754 1338 805 nascentibus,
1361 755 1516 808 quique
1540 755 1718 808 proinde
1742 769 1849 796 non-

395 824 496 864 dum
519 830 681 864 certum
704 823 886 876 aliquem
908 822 989 863 sibi
1009 822 1218 863 cuderunt
1239 827 1414 876 typum3
1442 823 1508 864 vel
1529 823 1658 864 etiam
1679 823 1732 864 de
1753 823 1852 874 illis,

395 891 479 944 qui,
501 891 599 932 licet
619 891 775 944 partim
795 890 933 943 fugati
954 890 1052 940 sint,
1075 890 1269 931 nondum
1293 896 1440 932 tamen
1460 891 1631 945 penitus
1652 891 1852 932 debellati

395 958 749 1012 exterminatique
789 958 1001 998 videntur.
1073 958 1130 998 Et
1171 973 1272 999 sane
1312 959 1396 1000 nisi
1434 959 1515 1000 hoc
1555 959 1851 1009 concedamus,

396 1027 584 1067 Seorbuti
599 1040 770 1077 nomen,
787 1026 853 1066 uti
866 1026 991 1067 hodie
1011 1027 1072 1076 fit,
1087 1026 1132 1066 in
1152 1026 1409 1068 immensum
1427 1033 1598 1078 crescet,
1617 1033 1659 1069 et
1681 1040 1853 1069 omnem

192 1102 366 1151 Methodus
395 1095 482 1136 fere
509 1094 754 1135 morborum
778 1108 1007 1135 numerum
1039 1095 1240 1136 absolvet.
1301 1096 1424 1146 Cum,
1453 1096 1487 1136 si
1511 1095 1555 1136 id
1580 1095 1727 1137 sedulo
1754 1109 1853 1149 aga-

191 1145 358 1217 ἓζρηάᾙὲῇ
395 1178 491 1203 mus
511 1168 561 1204 ut
583 1163 727 1204 abdita
748 1164 952 1218 cujusque
972 1163 1111 1204 morbi
1130 1164 1365 1217 penetralia
1383 1169 1712 1217 perscrutemur,
1735 1177 1852 1205 eum-

191 1230 379 1260 terinisillis
398 1245 479 1285 que
499 1236 594 1285 post
619 1231 916 1285 irregularium
942 1237 1277 1286 symptomatum
1297 1232 1389 1273 vela
1413 1232 1619 1273 latentem
1639 1246 1852 1282 eruamus,

192 1280 367 1350 Jssssssjfimssed
399 1313 475 1339 sua
496 1313 539 1340 se
560 1314 658 1340 mox
680 1300 815 1353 specie
842 1300 896 1341 sit
925 1300 1171 1354 proditurus
1196 1306 1238 1341 et
1260 1300 1313 1341 ad
1333 1301 1450 1341 illam
1472 1301 1526 1341 ad
1548 1315 1675 1354 quam
1696 1300 1853 1342 attinet

193 1358 378 1397 ipsimoer
397 1367 601 1407 familiam
622 1367 737 1408 haud
754 1368 978 1409 difficulter
993 1368 1260 1421 relegandus.
1324 1368 1441 1410 Quin
1463 1374 1506 1410 et
1522 1369 1749 1410 methodus
1770 1382 1855 1422 qua

193 1410 248 1429 scu
266 1411 336 1440 pel*-

192 1444 274 1472 fecte
291 1444 352 1473 for·
398 1434 691 1488 hujuscemodi
717 1435 856 1476 morbi
877 1441 977 1476 sunt
1005 1436 1217 1489 abigendi,
1240 1450 1328 1477 non
1356 1436 1606 1477 adulterinis
1631 1436 1713 1477 illis
1740 1450 1853 1490 sym-

193 1492 373 1558 ζὲίξζζὶζῗζ
397 1503 611 1556 ptomatis,
644 1503 717 1543 sed
746 1503 826 1556 ipsi
861 1503 1022 1554 inorbo,
1055 1505 1292 1557 qualisnam
1326 1504 1362 1544 is
1399 1504 1571 1545 demum
1601 1504 1742 1555 fuerit,
1775 1518 1854 1546 ceu

195 1571 306 1601 danda.
398 1570 582 1623 perfecte
603 1570 798 1621 formato,
816 1571 989 1624 jamque
1011 1577 1111 1612 actu
1131 1571 1342 1622 existenti,
1366 1572 1736 1613 accommodanda.

195 1635 368 1708 ᾇζᾏῐξῖξζξέ·
460 1636 501 1693 [1
513 1638 571 1694 1.]
609 1639 692 1679 Sed
713 1639 781 1679 1110
801 1639 1050 1690 notandum,
1069 1654 1156 1680 non
1173 1639 1277 1680 adeo
1299 1640 1543 1681 consultum
1563 1654 1665 1691 esse,
1684 1639 1857 1694 quando

194 1720 369 1751 inveterato
401 1705 747 1747 Rheumatismus
783 1707 942 1760 aliquot
979 1721 1190 1748 annorum
1225 1707 1507 1749 diuturnitate
1548 1709 1654 1749 altas
1693 1708 1856 1750 radices

193 1762 335 1845 Ῑδῖξζῖξέξῖ
401 1773 500 1823 egit,
533 1773 784 1827 sanguinem
816 1780 906 1814 tam
944 1774 1155 1825 bren'bus,
1192 1789 1240 1816 ac
1275 1775 1354 1816 sub
1395 1776 1585 1830 ejusdem
1617 1776 1856 1830 primordiis

194 1848 275 1878 inter
291 1859 348 1898 νεῖ
401 1842 541 1892 fiebat,
588 1843 818 1883 intervallis
863 1843 1060 1894 mittere,
1112 1844 1215 1897 quin
1254 1849 1480 1898 praestare,
1522 1845 1856 1898 septimanarum

193 1899 371 1974 ἓζξὸὃξζῐξζ,
401 1910 561 1963 aliquot
596 1910 910 1964 intercapedine
942 1911 1142 1964 repetitas
1175 1911 1267 1951 illas
1306 1911 1666 1952 venae-sectiones
1706 1911 1856 1952 dister-

193 1976 274 2048 Ιῐῐῑὶῐῗΐ
285 1984 331 2047 ξεῖ
400 1979 585 2028 minare,
619 1992 725 2032 quae
746 1978 920 2019 tandem
941 1979 1007 2019 vel
1026 1979 1196 2032 penitus
1217 1979 1438 2020 materiam
1459 1978 1720 2020 morbificam
1741 1993 1856 2020 aver—

192 2030 344 2093 nendiffss.
400 2045 656 2096 runcabunt,
678 2047 744 2087 vel
766 2046 915 2087 saltem
937 2060 986 2087 eo
1007 2047 1260 2098 conducent,
1283 2053 1332 2088 ut
1353 2047 1587 2088 fontanella
1607 2048 1653 2088 in
1682 2061 1856 2089 crurum

196 2117 384 2165 'fontanella
400 2115 604 2155 alterutro
632 2114 826 2164 excitata,
849 2120 891 2155 et
913 2115 1063 2168 spiritu
1085 2113 1251 2169 quovisd
1273 2115 1430 2156 volatili
1458 2115 1504 2155 in
1524 2115 1622 2156 vino
1643 2114 1858 2156 Canarino

194 2170 225 2232 ἓξ
243 2171 373 2243 ξζξζξῖυς
400 2197 525 2223 mane
547 2189 589 2224 et
611 2197 703 2224 sero
725 2182 923 2233 exhibito,
947 2184 1147 2237 reliquiae
1168 2184 1258 2237 ejus
1280 2183 1558 2236 extirpentur.

196 2247 382 2319 {Effi'ifh‘i'g-
461 2248 592 2304 [12.]f
621 2250 647 2290 J
651 2264 719 2290 am
750 2264 848 2291 vero
880 2256 1258 2304 quantumcunque
1287 2251 1537 2292 discriminis
1568 2251 1681 2291 inter
1709 2264 1857 2292 verum

196 2313 338 2372 prosam.
401 2318 774 2359 Rheumatismum
810 2319 874 2371 (ut
910 2333 1036 2372 supra
1070 2319 1222 2371 innui,)
1255 2324 1298 2360 et
1331 2319 1578 2359 scorbutum
1604 2317 1856 2368 intercedat,

400 2386 524 2426 aliam
550 2392 696 2427 tamen
724 2387 904 2440 speciem
932 2400 1020 2427 esse
1041 2385 1365 2436 Rheumatismi,
1390 2399 1494 2438 quae
1525 2385 1578 2426 ad
1609 2385 1858 2426 scorbutum

401 2468 527 2507 quam
547 2454 736 2507 proxime
767 2455 941 2504 accedit,
964 2454 1138 2495 omnino
1168 2454 1459 2496 confitendum
1480 2459 1557 2504 est,
1579 2458 1729 2507 utpote
1750 2467 1858 2507 quae

400 2522 632 2575 insigniora
665 2523 793 2576 hujus
826 2522 963 2563 morbi
1003 2527 1289 2577 symptomata
1328 2522 1580 2572 aemulatur,
1618 2527 1661 2563 et
1700 2522 1859 2576 pariter

402 2592 547 2632 eadem
570 2592 701 2632 ferme
722 2592 909 2632 remedia
933 2591 1011 2632 sibi
1038 2591 1245 2640 vendicat,
1267 2590 1444 2644 ideoque
1471 2590 1576 2630 mihi
1599 2589 1858 2630 Rlzeumatz's-

401 2673 488 2698 mus
511 2659 772 2699 Scor-baticus
793 2660 925 2700 audit.
984 2659 1117 2700 Dolor
1137 2673 1253 2699 nunc
1274 2659 1397 2708 hanc,
1419 2672 1535 2698 nunc
1556 2658 1673 2698 illam
1693 2662 1859 2711 partem

404 2727 580 2777 obsidet,
604 2728 676 2768 sed
698 2728 877 2768 eandem
898 2728 942 2767 in
964 2733 1188 2777 tumorem,
1212 2740 1259 2767 ac
1281 2726 1325 2766 in
1347 2726 1427 2767 alia
1448 2725 1594 2779 specie,
1617 2739 1712 2766 raro
1733 2724 1857 2766 attol-

449 2863 460 2881 '³
486 2868 585 2902 quovis
612 2865 717 2905 salah]
744 2869 857 2897 rolalili
886 2869 935 2896 D¹¹¹
964 2869 1102 2897 Ductor-is
1164 2867 1447 2899 Gmldm·de‹l.'71›'.

410 2909 555 2936 Gadda-⁷1!
570 2908 616 2937 cd.
636 2910 696 2939 ¹7⁴5.
1205 2910 1213 2929 f
1240 2911 1335 2940 I)re.<t
1355 2913 1368 2948 ξ
1392 2912 1427 2941 12
1445 2910 1477 2939 ill
1500 2909 1547 2939 ed.
1572 2910 1634 2942 76.
1655 2908 1704 2939 Cf.
1722 2911 1855 2940 Process-

450 2957 459 2971 ί
485 2952 577 2988 quivi.»
607 2951 714 2990 salat.)
742 2954 868 2982 volatili..
887 2954 936 2982 l)“'
963 2954 1101 2983 Docloris
1164 2955 1220 2983 lut.
1239 2964 1263 2983 e.
1282 2954 1331 2983 59.
