1985 3308
308 179 830 222 OBSERVATIONUM
862 178 1239 219 MEDICARUM
1274 188 1302 221 Ι.
1334 193 1361 222 1.
1506 181 1560 220 27

107 287 193 328 tius
229 287 355 340 longe
392 301 519 340 quam
555 286 645 327 fieri
680 286 904 335 cernimus,
941 285 1075 333 illum,
1113 284 1166 324 ad
1203 297 1330 337 quem
1365 285 1562 325 remediis
1582 296 1763 326 DnMonn.

106 354 221 395 hisce
252 354 429 407 ingratis
460 354 659 403 collimat,
692 353 886 394 sanitatis
917 366 1091 406 scopum
1122 352 1366 405 attingeret,
1395 352 1478 392 nisi
1509 353 1561 393 ab
1592 340 1754 411 ἓὲζῖὶζζῇ

106 421 266 474 ignaris
307 436 332 461 a
372 426 488 462 recto
524 435 650 474 quem
685 425 804 461 tenet
846 434 972 460 eursu
1015 420 1339 473 detorqueretur
1352 437 1364 470 ;
1410 434 1561 460 verun-

106 493 264 539 tamen,
292 502 391 529 cum
418 489 497 529 sibi
528 489 687 538 relicta,
714 489 780 528 vel
810 488 1044 541 nimiopere
1075 487 1308 540 satagendo
1335 487 1400 528 vel
1431 487 1561 528 etiam

107 558 188 599 sibi
209 558 455 608 deficiendo,
478 559 695 598 hominem
716 558 832 598 letho
862 557 947 607 dat,
969 557 1130 597 ferreae
1157 557 1219 596 illi
1247 561 1375 610 atque
1402 556 1562 597 insolu-

106 625 181 666 bili
211 626 482 666 mortalitatis
518 625 602 678 legi
637 625 885 679 obsequitur
920 625 989 665 cui
1033 623 1299 664 “debemuse
1341 638 1419 664 nos
1464 638 1561 664 nos-

107 697 256 746 traque
272 693 310 732 :”
342 698 456 734 recte
478 693 592 733 enim
614 692 833 742 Boethius,
857 697 984 746 atque
1005 705 1055 732 ex
1076 704 1220 732 rerum
1242 705 1381 741 sensu,

412 785 431 799 ‘⁴
446 783 588 819 Constat,
605 788 732 813 aeterna
747 783 952 823 positumque
967 782 1037 821 lege
1053 786 1110 818 est,

487 837 619 866 Constet
638 840 673 866 ut
688 836 833 875 genitum
850 835 960 866 11ihil.”
1009 834 1075 875 [De
1091 837 1204 865 Consol.
1224 836 1336 865 Philas.
1353 835 1384 865 ii.
1404 834 1452 874 3]

115 900 193 953 [3.]
234 899 317 940 Sed
347 905 397 940 ut
426 900 632 941 instantia
662 914 749 940 una
779 900 962 940 alterave
988 901 1078 952 jam
1111 899 1321 939 dictorum
1343 898 1565 939 veritatem

107 982 341 1008 asseramus
355 985 365 1017 3
400 968 491 1021 ipsa
518 968 648 1021 pestis
671 967 772 1021 quid
797 967 1016 1020 (obsecro,)
1043 966 1159 1006 aliud
1186 971 1250 1006 est
1272 980 1398 1019 quam
1425 981 1565 1019 symp-
1584 972 1689 1002 Pestis

106 1039 317 1075 tomatum
353 1036 632 1089 complicatio,
669 1035 823 1088 quibus
863 1035 1002 1075 utitur
1037 1035 1209 1075 Natura
1249 1034 1303 1074 ad
1337 1033 1564 1087 inspiratas

106 1115 194 1141 una
221 1115 318 1142 cum
345 1105 440 1142 ae‘re
460 1102 688 1155 particulas
715 1099 983 1153 μιασμώδεις,
1005 1114 1080 1154 per
1101 1100 1377 1149 emunctoria,
1401 1104 1565 1153 aposte-

106 1173 271 1209 matum
302 1170 451 1222 specie,
480 1170 546 1210 vel
577 1169 755 1209 aliarum
786 1169 1058 1221 eruptionum
1090 1182 1228 1222 opera,
1258 1168 1563 1209 excutiendas?

108 1235 223 1278 Quid
264 1236 467 1286 arthritiS,
509 1236 592 1276 nisi
631 1236 825 1276 Naturae
869 1236 1134 1289 providentia
1174 1236 1225 1276 ad
1269 1235 1564 1289 depurandum
1583 1247 1613 1291 et
1628 1243 1742 1272 arthri-

107 1317 257 1343 senum
285 1303 551 1356 sanguinem,
574 1307 701 1356 atque
727 1303 1052 1355 expurgandum
1079 1303 1262 1355 corporis
1289 1285 1750 1357 Ρ1”01“1111(111111,ξζζ1ξῃῗ(ᾒζ

106 1376 155 1412 ut
186 1385 284 1412 eum
316 1372 577 1425 Hippocrate
607 1371 864 1425 loquamur?
915 1371 1063 1412 Potest
1085 1375 1128 1411 et
1155 1371 1270 1411 idem
1291 1371 1490 1411 affirmari
1513 1371 1564 1411 de
1583 1370 1765 1428 catricisiq·

106 1440 317 1494 plerisque
339 1440 430 1480 aliis
451 1440 610 1481 morbis
632 1440 816 1493 perfecte
837 1440 1042 1480 formatis.
1581 1416 1768 1442 strumenta.

171 1507 249 1561 [4.]
288 1508 314 1547 J
318 1521 387 1548 am
407 1521 504 1548 vero
525 1521 643 1548 nunc
663 1507 744 1548 hoc
764 1520 943 1547 munere
965 1506 1142 1547 celerius
1163 1506 1361 1560 fungitur
1380 1507 1563 1557 Natura,

108 1589 225 1616 nunc
252 1588 351 1616 vero
378 1575 555 1625 tardius,
578 1589 654 1629 pro
682 1576 797 1616 varia
827 1575 1030 1616 methodo
1063 1589 1147 1628 qua
1179 1588 1350 1615 causam
1377 1574 1564 1615 morbifi-

107 1659 199 1686 cam
235 1645 461 1686 deturbare
496 1645 663 1686 nititur.
736 1646 852 1686 Nam
894 1659 992 1686 cum
1027 1644 1157 1685 febris
1198 1659 1322 1698 opem
1363 1645 1564 1698 deposcit,
1585 1650 1682 1680 Ratio

107 1727 190 1766 qua
210 1713 416 1767 adjutrice
436 1713 664 1767 particulas
685 1713 931 1766 inquinatas
954 1728 978 1754 a
999 1713 1208 1766 sanguine
1230 1712 1414 1763 divellat,
1432 1712 1566 1752 divul-
1585 1693 1768 1765 rggfflgfum

108 1794 257 1834 sasque
294 1795 521 1835 progressu
557 1781 696 1822 adhuc
734 1781 926 1821 ulteriori
958 1795 1033 1834 per
1064 1780 1251 1829 sudores,
1284 1780 1566 1830 diarrhoeam,
1588 1788 1668 1808 ”²¹¹¹-

107 1848 364 1902 eruptiones,
380 1853 454 1889 aut
470 1849 596 1890 aliam
617 1848 859 1889 istiusmodi
873 1848 1206 1898 evacuationem,
1225 1848 1426 1901 expellat,
1449 1862 1567 1888 cum-

107 1929 188 1969 que
231 1916 278 1956 in
318 1917 538 1969 sanguinis
579 1931 730 1966 massa,
772 1929 946 1969 corpore
985 1915 1183 1969 pertenui
1224 1929 1272 1955 ac
1311 1915 1459 1965 fluido,
1500 1929 1567 1955 res

107 1984 245 2024 omnis
274 1988 515 2037 peragatur,
546 1984 675 2037 idque
709 1989 830 2024 motu
863 1984 1051 2038 partium
1081 1983 1354 2024 violentiore:
1395 1996 1567 2024 necesse

107 2051 281 2090 omnino
313 2056 390 2100 est,
412 2065 500 2091 non
528 2052 664 2091 solum
685 2056 735 2091 ut
763 2051 904 2092 subito
924 2051 990 2091 vel
1015 2051 1062 2091 in
1089 2050 1271 2091 salutem
1296 2050 1414 2103 aegri
1434 2051 1500 2090 vel
1520 2050 1567 2090 in

106 2123 288 2158 mortem
319 2117 638 2167 determinetur,
675 2119 815 2171 (prout
851 2119 1010 2158 scilicet
1041 2118 1213 2158 Natura
1243 2118 1308 2157 vel
1342 2118 1566 2157 materiam

106 2186 369 2226 morbificam
391 2186 534 2226 critice
555 2185 670 2225 norit
691 2185 860 2234 solvere,
883 2185 949 2225 vel
977 2184 1028 2224 ab
1061 2183 1209 2224 eadem
1231 2173 1428 2236 oppressa
1448 2183 1565 2224 fatis-

106 2255 203 2305 cat‚)
238 2253 312 2294 sed
347 2253 476 2294 etiam
512 2257 562 2293 ut
594 2253 739 2305 pejora
767 2251 1167 2303 vehementioraque
1204 2254 1490 2304 symptomata
1521 2265 1565 2292 se

105 2320 264 2374 ubique
304 2321 479 2361 comites
515 2320 766 2373 adjungant.
842 2319 986 2372 Atque
1020 2317 1266 2372 hujusmodi
1300 2317 1426 2370 plane
1462 2323 1564 2358 sunt

106 2389 243 2429 morbi
263 2389 334 2429 isti
352 2403 455 2442 quos
476 2389 632 2428 Acutos
653 2388 929 2441 appellamus,
945 2387 1018 2440 qui
1038 2386 1236 2427 velociter
1257 2385 1416 2426 scilicet
1438 2390 1565 2439 atque

109 2470 206 2497 cum
236 2457 400 2510 impetu
435 2461 478 2497 et
512 2455 700 2509 periculo
732 2455 786 2495 ad
817 2459 978 2495 statum
1008 2458 1259 2502 moventur;
1292 2453 1482 2506 quamvis
1515 2453 1564 2506 (si
1585 2460 1764 2508 Febrpsi11-

107 2524 249 2565 minus
271 2528 479 2573 accurate,
496 2523 612 2564 haud
632 2528 779 2563 tamen
799 2522 942 2563 minus
956 2535 1051 2562 vere
1072 2522 1324 2575 loquamur,)
1342 2521 1414 2561 isti
1435 2521 1564 2562 etiam
1583 2507 1766 2583 ἷξξὲᾞιῖξζ,

106 2591 243 2632 morbi
273 2606 348 2645 pro
369 2592 520 2632 Acutis
553 2591 638 2632 sint
669 2589 869 2640 habendi,
900 2590 985 2643 qui,
1013 2589 1113 2630 licet
1143 2593 1338 2642 respectu
1367 2587 1735 2643 paroxys,licet1ni-

107 2673 294 2709 morum,
329 2659 364 2699 si
403 2672 551 2699 omnes
593 2658 720 2698 simul
761 2662 998 2707 sumantur,
1040 2656 1203 2696 tardius
1250 2661 1459 2706 moveant,
1499 2670 1564 2697 re·
1583 2639 1732 2712 xm?

108 2732 255 2780 spectu
288 2731 434 2768 tamen
469 2725 708 2780 paroxysmi
745 2724 971 2778 cujuslibet
1006 2723 1285 2777 particularis,
1318 2724 1402 2765 cito
1437 2729 1563 2778 atque
1582 2714 1770 2744 censendae.

107 2795 237 2834 etiam
264 2794 407 2835 critice
435 2794 488 2834 ad
514 2795 644 2833 finem
670 2792 937 2846 perveniunt,
961 2792 1105 2844 quales
1134 2796 1235 2831 sunt
1265 2790 1402 2832 febres
1432 2792 1562 2833 inter-

108 2861 327 2902 mittentes
349 2875 509 2902 omnes.

153 2943 165 2957 ²
188 2942 206 2956 “
219 2940 382 2970 Debemur
399 2940 452 2977 (al.
467 2940 600 2974 —-m11.v,)
616 2938 708 2968 morti
725 2947 781 2968 nos
799 2940 1002 2976 nostraque.''
1049 2937 1174 2976 (Horat.
1197 2939 1240 2967 De
1258 2939 1333 2968 Arte
1352 2939 1432 2968 Pois.
1451 2939 1519 2976 63.)
