1985 3308
404 168 486 207 184
812 166 1068 207 THOMAE
1102 165 1440 206 SYDENHAM

201 283 382 313 Mortuum
403 278 570 327 pectore
592 278 736 314 tamen
757 287 844 314 non
865 278 955 313 tam
979 271 1291 322 exanthemata,
1315 286 1441 325 quam
1463 272 1654 313 maculae
1678 273 1789 314 latae
1815 278 1857 314 et

207 327 302 355 Axxl
316 327 376 358 70.

197 761 227 786 et
244 756 309 786 his-

197 800 286 829 toria.

403 341 568 391 rubrae,
620 341 884 395 superficiem
929 340 1038 381 cutis
1082 353 1170 380 non
1215 344 1476 393 superantes,
1519 340 1853 394 conspiciuntur.

404 410 627 450 Sternutat
663 423 788 462 aeger
822 414 1028 462 tanquam
1063 421 1088 448 a
1123 413 1316 461 suscepto
1352 407 1519 461 frigore,
1562 407 1858 450 intumescunt

400 477 637 531 palpebrae,
674 476 814 530 (paulo
850 476 1007 516 scilicet
1045 480 1145 515 ante
1180 475 1476 528 emptionem)
1516 476 1660 526 vomit,
1692 477 1858 530 saepius

400 550 546 585 tamen
567 545 731 585 laborat
753 544 973 584 diarrhoea
998 557 1095 583 cum
1117 543 1425 596 dejectionibus
1448 544 1597 584 coloris
1620 544 1856 594 subviridis,

401 613 694 655 dentientibus
735 617 879 653 autem
919 612 1103 652 maxime
1143 611 1187 651 id
1228 613 1425 653 convenit
1438 630 1450 662 3
1500 613 1687 654 infantes
1728 613 1858 654 etiam

399 696 474 736 per
500 682 616 722 hunc
643 680 841 721 morbum
869 680 992 720 solito
1021 684 1122 720 sunt
1153 679 1413 720 morosiores.
1475 680 1783 734 Ingravescunt
1808 687 1858 722 ut

398 750 631 804 plurimum
654 753 940 803 symptomata
961 747 1014 788 ad
1040 753 1241 801 quartum
1261 762 1394 800 usque
1416 748 1541 799 diem,
1565 763 1647 802 quo
1668 755 1859 804 tempore

398 818 647 870 plerumque
686 816 799 869 (licet
835 816 889 857 ad
925 816 1037 856 diem
1074 815 1274 868 quintum
1310 816 1538 868 aliquando
1573 815 1855 870 differantur,)

399 885 509 925 circa
542 885 729 925 frontem
764 891 806 924 et
841 884 1045 937 reliquam
1083 883 1234 924 faciem
1272 883 1463 924 maculae
1503 898 1655 937 parvae
1689 884 1857 935 rubrae,

397 953 585 1007 pulicum
617 951 827 992 morsibus
862 951 1108 1005 persimiles,
1138 951 1306 1005 prodire
1333 951 1570 1005 incipiunt3
1615 966 1734 1006 quae,
1767 957 1858 993 tam

397 1035 576 1061 numero
598 1035 724 1074 quam
749 1019 1048 1073 magnitudine
1076 1024 1238 1069 auctae,
1261 1021 1509 1061 racematim
1538 1021 1793 1072 coalescunt,
1816 1027 1858 1063 et

397 1089 547 1130 faciem
561 1088 737 1129 maculis
753 1088 892 1128 rubris
909 1088 1154 1141 majusculis
1170 1088 1308 1129 variae
1321 1089 1482 1142 figurae
1498 1089 1856 1143 interstinguunt.

399 1157 520 1199 Quae
546 1156 717 1210 quidem
744 1156 935 1197 maculae
963 1156 1117 1197 rubrae
1148 1170 1171 1196 e
1199 1157 1384 1210 parvulis
1414 1157 1668 1210 quibusdam
1692 1159 1858 1212 papulis

396 1225 535 1265 rubris
557 1225 672 1265 haud
691 1225 818 1277 longe
840 1224 891 1265 ab
913 1224 1094 1265 imicem
1121 1224 1292 1274 dissitis,
1316 1239 1442 1278 supra
1463 1225 1572 1266 cutis
1593 1226 1858 1279 superficiem

397 1292 618 1346 paululum
649 1293 834 1343 elevatis,
871 1293 1124 1342 conflantur,
1158 1307 1338 1346 quarum
1371 1293 1693 1346 protuberantia
1723 1294 1858 1348 digito

397 1361 544 1402 lexiter
560 1361 726 1401 admoto
748 1365 866 1401 tactu
882 1365 1018 1414 potest
1041 1361 1314 1414 deprehendi,
1331 1361 1430 1402 licet
1447 1362 1667 1402 oculorum
1688 1362 1857 1415 longius

397 1434 657 1469 remotorum
680 1429 811 1469 aciem
833 1428 920 1468 fere
942 1428 1130 1481 effugiat.
1174 1429 1215 1469 A
1235 1428 1375 1479 facieS,
1399 1431 1545 1482 quamt
1565 1430 1702 1483 primo
1725 1430 1858 1471 solam

397 1501 619 1550 occupant,
652 1497 811 1537 sensim
851 1496 904 1536 ad
943 1502 1090 1551 pectus
1130 1503 1421 1551 ventremque,
1453 1512 1577 1538 crura
1616 1498 1769 1539 deinde
1810 1512 1858 1539 ac

394 1566 533 1616 tibias,
557 1579 599 1605 se
625 1565 869 1605 diffundunt
890 1565 969 1605 hae
996 1565 1186 1605 maculae
1199 1583 1210 1615 3
1243 1565 1339 1605 licet
1360 1571 1562 1606 truncum
1591 1572 1717 1619 atque
1742 1571 1858 1606 artus

395 1634 548 1675 rubore
569 1633 758 1674 inficiant
780 1638 962 1683 tautum,
981 1633 1098 1673 nulla
1119 1633 1351 1673 eminentia
1368 1634 1555 1674 sensibili
1576 1634 1684 1674 cutis
1706 1649 1857 1688 aequa-

395 1702 604 1743 bilitatem
646 1707 944 1754 transgressae.
1029 1700 1110 1756 [5]
1149 1701 1385 1754 Eruptionc
1427 1702 1727 1742 Morbillorum
1770 1716 1857 1742 non

396 1770 568 1823 perinde
590 1769 852 1810 deliniuntur
873 1775 1169 1823 symptomata,
1196 1776 1322 1822 atque
1343 1769 1619 1819 variolarum,
1651 1770 1858 1810 vomitum

395 1844 540 1878 tamen
564 1844 658 1891 post
687 1838 951 1890 eruptionem
973 1852 1193 1890 nunquam
1218 1837 1432 1878 observavi
1445 1855 1456 1887 ;
1487 1838 1691 1878 tussicula
1706 1838 1856 1878 nihilo—

397 1905 537 1945 minus
558 1905 767 1958 febrisque
788 1905 1084 1954 intenduntur,
1108 1918 1204 1944 cum
1228 1905 1414 1957 spirandi
1435 1905 1694 1955 difficultate,
1717 1905 1857 1946 oculo-

396 1987 493 2013 rum
518 1973 746 2022 debilitate,
769 1972 1088 2025 defluxioncque
1109 1972 1154 2011 in
1179 1972 1349 2012 cosdem
1371 1972 1667 2024 decumbente,
1690 1987 1857 2014 somno-

396 2041 527 2081 lentia
546 2046 762 2094 perpetua,
785 2047 911 2093 atque
938 2040 1238 2093 inappetentia,
1261 2040 1325 2080 uti
1352 2040 1480 2094 prius,
1502 2040 1641 2081 adhuc
1666 2054 1856 2095 perseve-

396 2109 600 2149 rantibus.
662 2108 744 2149 Die
772 2113 889 2148 sexto
910 2114 984 2148 aut
1012 2108 1187 2158 circiter,
1209 2108 1324 2148 frons
1352 2114 1393 2149 et
1419 2108 1545 2149 facies
1573 2114 1856 2163 asperescunt,

396 2176 698 2217 emorientibus
728 2176 909 2229 pustulis
939 2181 1147 2229 ruptaque
1178 2176 1373 2225 cuticula,
1407 2181 1448 2216 et
1478 2190 1553 2229 per
1584 2176 1626 2216 id
1657 2177 1858 2230 temporis

396 2245 585 2285 maculae
615 2258 689 2298 per
715 2244 926 2297 reliquum
955 2258 1104 2297 corpus
1135 2249 1177 2284 et
1202 2243 1428 2284 latissimae
1460 2249 1573 2294 sunt,
1603 2249 1644 2284 et
1675 2245 1858 2286 maxime

395 2312 639 2353 rubescunt.
702 2312 862 2352 Octavo
884 2312 1061 2362 circiter,
1084 2311 1150 2351 die
1171 2312 1362 2352 maculae
1389 2311 1434 2351 in
1458 2312 1562 2352 facie
1587 2318 1857 2363 evanescunt,

397 2386 438 2421 et
459 2381 526 2421 vix
552 2381 596 2420 in
622 2381 783 2434 reliquo
815 2394 988 2434 corpore
1014 2385 1248 2420 cernuntur
1261 2396 1272 2429 3
1304 2393 1418 2420 nono
1449 2393 1559 2430 vero,
1586 2380 1729 2421 nullae
1757 2386 1858 2422 sunt

397 2463 578 2502 prorsus,
600 2450 705 2490 facie
726 2456 852 2502 atque
874 2448 1062 2498 artubus,
1087 2447 1337 2501 quandoque
1359 2454 1401 2488 et
1421 2453 1513 2488 toto
1535 2462 1720 2502 corpore,
1739 2449 1858 2503 quasi

396 2518 532 2558 farina
553 2517 798 2571 conspersis,
815 2517 1030 2571 particulis
1047 2516 1202 2556 scilicet
1225 2516 1439 2569 disruptae
1456 2516 1664 2557 cuticulae
1684 2517 1859 2571 paulum

398 2586 567 2626 elevatis
589 2592 630 2627 et
650 2586 719 2626 vix
742 2585 1077 2634 cohaerentibus,
1101 2598 1219 2638 quae,
1243 2584 1390 2624 morbo
1406 2585 1496 2638 jam
1521 2585 1790 2637 abitus-iente,
1811 2585 1859 2626 in

397 2653 532 2694 frusta
548 2654 807 2704 distrahitur,
825 2659 866 2694 et
886 2658 1032 2707 postea
1048 2667 1072 2693 a
1091 2658 1182 2693 toto
1199 2666 1370 2706 corpore
1393 2653 1709 2705 squamularum
1724 2654 1860 2695 forma

400 2721 567 2762 decidit.
636 2721 716 2777 [4.]
750 2722 1019 2762 Evanescunt
1040 2721 1182 2774 itaque
1199 2720 1390 2761 Morbilli
1410 2720 1476 2761 die
1492 2721 1578 2762 fere
1599 2727 1757 2772 octavo,
1776 2735 1859 2775 quo

399 2793 587 2841 tempore
608 2789 758 2842 wilgus
784 2790 823 2841 (a
844 2789 981 2843 spacio
1003 2802 1085 2842 quo
1105 2788 1332 2842 perdurare
1354 2788 1489 2828 solent
1510 2788 1689 2828 variolae
1710 2788 1858 2842 decep-

401 2857 523 2907 tum,)
550 2857 716 2896 cosdem
748 2857 857 2897 intro
883 2858 985 2897 verli
1017 2856 1210 2907 affirmat,
1237 2856 1349 2909 (licet
1370 2869 1513 2896 revera
1542 2855 1603 2895 illi
1633 2870 1804 2896 cursum
1835 2871 1860 2896 a

487 2944 496 2957 ⁵
511 2939 615 2979 facie‘]
635 2943 714 2970 vultu
732 2941 778 2970 ed.
797 2942 858 2972 76.
1254 2939 1262 2954 ¹
1287 2939 1545 2980 quam—sensim]
1564 2950 1624 2970 om.
1643 2941 1690 2970 ed.
1707 2942 1770 2972 76.
