1985 3308
184 283 238 312 Dr.
256 281 369 312 Vam-

183 335 262 356 (ηις
278 326 370 355 Cos-

209 378 354 399 FLUENT.

386 167 472 207 356
802 167 1059 209 THOMAE
1093 166 1435 208 SYDENHAM

389 287 560 314 omnem
593 273 913 315 sudorificorum
947 274 1032 315 vim
1065 273 1308 315 eluderent:
1341 273 1482 314 oleum
1513 272 1677 313 interea
1716 271 1843 313 febris

388 340 480 394 igni
510 340 753 391 affuderat2‚
786 355 868 394 quo
895 341 967 381 illa
995 342 1182 381 multum
1212 341 1458 380 increverat.
1519 340 1612 392 Ego
1638 339 1728 392 jam
1758 340 1844 380 Va-

388 409 514 449 riolas
543 408 660 449 brevi
690 409 920 449 exorituras
948 408 1202 461 suspicabar,
1225 420 1377 460 easque
1405 406 1633 460 insigniter
1659 407 1845 447 conflux-

386 489 499 526 uraS,
532 480 627 516 tum
659 477 712 516 ob
747 476 897 516 aetatis
928 476 1129 528 vigorem,
1158 480 1253 514 tum
1281 474 1412 514 etiam
1447 474 1562 527 quod
1592 474 1845 527 sanguinem

389 543 575 583 multum
596 543 894 583 excalefecerat
915 542 1034 582 irrito
1065 541 1228 582 sudoris
1250 541 1530 594 extorquendi
1549 546 1719 592 conatu,
1746 542 1845 595 (quo

389 611 576 665 quidem,
592 610 626 650 si
646 610 773 650 modo
794 615 954 650 aestate
975 614 1276 662 aegrotaverat,
1299 614 1341 649 et
1363 609 1541 649 mictum
1563 609 1846 663 sanguineum

390 682 432 718 et
462 677 648 718 maculas
673 690 905 730 purpureas
933 681 1048 717 certo
1079 676 1382 728 advocaverat,)
1406 680 1502 716 tum
1520 689 1618 716 vero
1647 676 1844 727 maxime,

389 745 504 800 quod
540 758 704 798 semper
737 743 1042 785 observaverim
1068 744 1115 784 in
1140 743 1368 797 juvenibus
1398 744 1576 784 immani
1601 743 1844 794 vomitione,

389 812 668 865 aegritudine,
695 817 735 852 et
764 811 907 852 dolore
931 815 1099 864 praeter
1127 811 1298 852 solitum
1319 811 1491 861 vexatis,
1513 810 1708 851 Variolas
1734 811 1846 852 inse-

390 886 568 933 quentes
598 880 713 919 ultra
740 879 916 919 modum
944 880 1208 921 confluxisse.
1269 880 1422 920 Meum
1442 879 1588 934 itaque
1616 893 1707 920 esse
1727 884 1846 920 ratus

388 953 436 987 ut
454 947 622 986 nullum
641 961 730 987 non
749 947 934 1000 lapidem
954 953 1190 988 moverema
1207 961 1289 1001 quo
1305 960 1629 1000 praeproperam
1644 947 1846 988 materiae

387 1014 632 1054 Variolosae
653 1014 999 1055 assimilationem
1020 1015 1297 1065 obstruerem,
1321 1029 1345 1055 a
1364 1015 1474 1055 lecto
1494 1014 1616 1055 illum
1637 1014 1845 1065 arcebam,

387 1082 470 1122 nisi
501 1082 622 1122 statis
653 1082 769 1135 prius
797 1082 911 1123 horis
943 1082 1094 1123 somni.
1155 1083 1238 1124 Die
1259 1083 1454 1136 sequenti
1479 1083 1645 1135 (tertius
1665 1083 1701 1123 is
1722 1084 1842 1135 erat,)

388 1149 570 1190 Yariolis
610 1149 804 1190 nondum
844 1150 1202 1203 comparentibus,
1243 1150 1461 1203 sanguinis
1500 1150 1648 1191 uncias
1689 1156 1784 1191 octo
1823 1164 1846 1191 e

389 1217 536 1258 dextro
570 1217 745 1258 brachio
777 1231 903 1258 mane
937 1217 1102 1258 extrahi
1138 1217 1363 1258 curabam:
1411 1218 1596 1271 optimus
1637 1222 1727 1259 erat
1761 1218 1845 1269 ille,

388 1285 656 1338 floridusque,
694 1299 792 1325 cum
833 1285 971 1325 adhuc
1007 1286 1282 1338 spirituosum
1316 1290 1489 1326 tantum
1522 1285 1692 1337 μίασμα
1727 1299 1846 1326 exce-

387 1357 520 1406 perat,
543 1353 736 1393 nondum
756 1367 854 1394 vero
874 1353 1146 1406 putredinem
1175 1353 1293 1393 illam
1315 1367 1443 1406 quam
1464 1353 1660 1393 conciliat
1681 1353 1847 1406 longior

387 1420 526 1461 morbi
555 1434 686 1470 mora,
709 1425 751 1461 et
778 1420 824 1460 in
853 1434 1001 1461 eorum
1032 1421 1239 1473 sanguine
1259 1425 1308 1461 ut
1329 1420 1560 1474 plurimum
1589 1421 1847 1474 conspicitur

389 1488 463 1542 qui
494 1501 631 1540 nuper
666 1487 718 1528 ab
751 1487 831 1528 lioc
863 1487 1012 1528 morbo
1047 1488 1350 1528 convaluerint.
1418 1486 1537 1528 Hora
1570 1487 1718 1540 quinta
1751 1493 1846 1541 post

387 1555 608 1595 meridiem
641 1555 724 1595 diei
752 1555 955 1608 ejusdem,
977 1555 1202 1596 infusionis
1234 1556 1344 1596 croci
1374 1555 1644 1596 metallorum
1674 1555 1847 1595 unciam

386 1637 518 1663 unam
541 1623 724 1672 exhibui,
747 1637 796 1663 ex
819 1637 901 1676 qua
922 1623 1023 1663 satis
1045 1623 1264 1664 commode
1284 1623 1492 1672 vomebat,
1516 1627 1558 1663 et
1580 1623 1846 1676 aegritudine

387 1691 549 1731 levatus
570 1691 696 1743 longe
717 1691 867 1731 melius
887 1690 1043 1731 habere
1060 1691 1170 1730 visus
1187 1696 1263 1740 cst,
1276 1691 1367 1744 jam
1387 1690 1502 1730 haud
1518 1690 1676 1730 invitus
1693 1704 1718 1730 a
1736 1690 1847 1731 lecto

388 1757 618 1808 abstinens,
641 1772 665 1798 a
696 1773 778 1811 quo
809 1758 924 1811 prius
957 1758 1188 1811 aegerrime
1210 1772 1253 1797 se
1276 1757 1416 1798 divelli
1436 1756 1689 1811 patiebatur,
1712 1757 1845 1811 aegri-

386 1824 537 1864 tudine
570 1830 611 1864 et
647 1825 853 1877 vertigine
886 1830 1110 1865 mactatus.
1172 1825 1253 1865 Die
1291 1830 1440 1878 quarto
1472 1838 1598 1865 mane
1629 1825 1845 1876 accedens,

389 1892 700 1942 exanthemata,
724 1892 877 1945 quibus
901 1892 1200 1945 praecavendis
1229 1897 1352 1932 tanta
1381 1892 1547 1932 fueram
1578 1892 1764 1943 molitus,
1797 1906 1846 1933 eo

386 1974 565 2000 numero
593 1960 846 2013 prodeuntia
870 1959 1081 2013 conspexi,
1104 1965 1167 2009 ut,
1190 1959 1242 1999 ab
1270 1958 1492 2012 insigniori
1520 1973 1646 2012 quem
1675 1959 1845 1999 minita-

387 2027 545 2067 bantiu·
566 2028 777 2077 confluxu,
801 2027 916 2079 aegri
936 2027 1046 2067 vitae
1067 2026 1348 2073 metuendum
1369 2031 1446 2067 est.
1507 2026 1747 2079 Diligenter
1765 2026 1844 2067 ita-

388 2108 469 2146 que
497 2094 696 2134 cavebam
726 2109 781 2135 ne
811 2095 922 2135 lecto
952 2094 1142 2134 interdiu
1172 2094 1509 2135 committeretur
1524 2111 1536 2143 ;
1573 2093 1846 2134 consulebam

387 2162 515 2201 etiam
546 2167 593 2201 ut
625 2162 867 2202 cerevisiam
897 2167 1073 2202 tenuem
1104 2161 1254 2215 spiritu
1285 2161 1441 2202 vitrioli
1471 2161 1678 2202 instillato
1703 2161 1845 2202 acidu-

386 2229 516 2269 latam
537 2234 716 2282 potaret.
778 2230 832 2269 In
862 2229 928 2269 hjs
960 2229 1013 2269 ad
1044 2234 1211 2270 sextum
1231 2243 1365 2282 usque
1387 2229 1500 2270 diem
1520 2229 1843 2282 perseverabat5

388 2296 539 2348 quibus
561 2296 708 2337 diebus
728 2296 827 2337 licet
857 2310 946 2337 non
977 2302 1228 2350 aegrotaret,
1252 2297 1325 2337 sed
1355 2310 1459 2336 aura
1478 2296 1652 2337 liberius
1672 2309 1845 2337 vescens

386 2364 572 2404 multum
603 2365 858 2413 reficeretur,
894 2370 1040 2404 tamen
1072 2365 1163 2404 alvo
1195 2364 1374 2405 subinde
1404 2364 1560 2404 laxiore
1590 2364 1683 2404 fuit.
1745 2365 1845 2405 Jam

388 2431 465 2471 sub
486 2432 660 2472 meridie
681 2446 769 2472 non
790 2431 955 2472 valebat
977 2432 1155 2472 ulterius
1181 2432 1308 2485 (quod
1338 2432 1405 2472 hic
1436 2432 1528 2472 fieri
1548 2432 1730 2485 assolet‚)
1756 2445 1800 2473 se
1821 2447 1847 2473 a

386 2499 496 2539 lecto
528 2499 764 2549 abstinere,
797 2499 996 2539 decubuit
1026 2499 1170 2553 itaque
1194 2514 1328 2553 usque
1360 2500 1413 2540 ad
1444 2501 1575 2540 finem
1604 2499 1754 2550 morbi,
1775 2514 1846 2541 me

388 2581 473 2605 non
504 2567 754 2617 reluctante,
777 2582 875 2608 cum
906 2581 1022 2608 nunc
1053 2568 1291 2620 erupissent
1321 2568 1518 2621 pustulae
1540 2582 1700 2618 omnes,
1723 2581 1843 2621 quae,

387 2648 474 2673 non
510 2634 706 2675 obstante
739 2649 835 2675 meo
871 2635 987 2675 omni
1019 2635 1255 2686 conamine,
1289 2636 1383 2689 plus
1415 2635 1515 2676 satis
1547 2635 1843 2676 confluebant:

389 2701 577 2752 quamvis
605 2701 718 2741 enim
749 2702 946 2754 pauciora
977 2707 1098 2743 erant
1129 2703 1430 2743 exanthemata
1456 2703 1506 2742 iis
1533 2717 1640 2756 quae
1665 2703 1711 2742 in
1737 2716 1844 2743 non-

389 2768 515 2807 nullis
545 2769 758 2809 observavi
789 2770 840 2810 ab
871 2770 951 2810 hoc
979 2770 1126 2811 morbo
1162 2770 1370 2820 extinctis,
1402 2771 1521 2823 plura
1550 2776 1672 2811 erant
1698 2775 1844 2811 tamen

432 2876 441 2887 ⁷
459 2875 550 2901 ulrum
563 2876 628 2911 igni
642 2875 813 2914 aff11d.]Cs.
824 2887 892 2916 sup.
905 2888 934 2916 p.
946 2878 1016 2907 280.
1026 2888 1055 2906 11.
1066 2880 1083 2907 ι’.
1147 2879 1223 2907 nihil
1238 2880 1415 2907 intentatum
1439 2879 1643 2916 relinquerem.
1674 2877 1723 2907 Cf.
1743 2876 1840 2907 Eras-

432 2917 442 2929 ⁸
467 2917 577 2943 nullum
605 2928 658 2945 non
683 2919 810 2955 lapidem
838 2919 995 2958 mot-mem]
1023 2920 1040 2949 i.
1059 2930 1083 2948 e.
1147 2920 1189 2949 mi
1207 2922 1311 2959 Adag.
1330 2920 1346 2949 ἰ.
1368 2921 1395 2948 4.
1415 2921 1463 2948 30.
