1985 3308
411 146 806 189 DISSERTATIO
837 143 1242 186 EPISTOLARIS.
1464 142 1546 181 333

90 271 168 311 ego
184 257 358 312 judico,)
382 257 572 298 maculae
596 268 830 310 purpureae
850 255 1021 308 plenam
1046 252 1396 294 exanthematum
1425 263 1547 302 erup-
1568 261 1621 290 Da
1642 261 1750 290 Vmu-

88 325 249 365 tionem
266 324 380 366 haud
395 338 489 364 raro
504 322 844 378 praeveniebant,
863 326 917 372 et,
934 335 1040 374 quae
1057 334 1126 361 eas
1143 317 1407 367 extrudebat,
1424 316 1547 356 vehc-
1568 304 1752 376 ‘'ffzg’ff‘

89 393 274 433 mentior
302 391 594 440 inflammatio,
622 390 809 431 debitam
834 388 1054 441 sanguinis
1090 386 1229 427 crasin
1253 383 1547 424 interturbans
1566 392 1751 434 sfigwgl‘ffl‘

90 464 217 513 atque
239 459 498 513 disperdens,
522 459 650 500 etiam
681 462 780 498 ante
797 457 958 511 justam
984 454 1187 495 materiae
1215 451 1456 493 morbificae
1477 464 1546 491 ex·
1566 456 1744 519 Efftrffilfessae

89 527 340 581 pulsionem,
362 531 676 581 praematuram
700 529 881 566 mortem
910 522 1161 565 accersebat.
1224 520 1277 561 Id
1302 533 1400 560 vero
1429 532 1545 559 max·
1565 531 1697 566 bantu1·;

89 595 173 636 ime
208 595 393 635 fatorum
421 594 637 635 saevitiam
665 591 950 647 promovebat,
980 589 1094 644 quod
1129 589 1219 642 jam
1247 585 1548 627 exanthemata
1565 582 1754 662 ξῐξζιέᾇῑὶἵέἳθ

90 662 144 703 ob
177 676 304 716 supra
339 662 497 702 dictam
530 675 699 702 causam
731 661 793 700 ita
823 659 1021 699 facillime
1055 656 1330 703 confluerent,
1362 653 1427 693 vel
1457 652 1550 705 ipsa
1566 667 1704 697 conflue-

91 729 197 770 aeris
229 729 480 784 intemperie
511 729 556 769 id
587 729 687 769 mali
719 732 868 781 sponte
900 741 975 767 sua
1004 729 1271 780 procmantc,
1299 721 1413 776 quod
1443 721 1547 761 alias
1565 709 1650 740 bant.

89 797 176 838 fere
197 797 333 838 solent
355 797 470 837 scioli
492 802 534 838 ct
556 796 798 837 medicastri
818 794 1025 848 regimine
1047 798 1089 833 et
1111 790 1312 833 cardiacis
1340 788 1547 830 calidiori-

88 864 170 905 bus
190 864 341 917 inipso
362 864 501 904 morbi
521 864 667 905 limine
688 864 950 917 inauspicato
965 861 1182 915 imperatis
1204 864 1331 912 atque
1352 857 1547 898 admotis.

89 930 275 981 Etenim,
295 930 422 984 (quod
439 930 666 984 diligenter
682 930 1106 970 animadvertendum
1127 928 1220 979 est,)
1240 931 1335 981 post
1356 925 1549 967 omnium

89 997 154 1038 vel
174 997 520 1050 exquisitissimas
542 997 867 1048 observationes,
890 998 951 1038 rei
972 997 1097 1038 cardo
1118 997 1164 1036 in
1184 996 1264 1036 hoc
1285 994 1477 1044 vertitur,
1499 997 1548 1033 ut

89 1065 135 1105 in
150 1064 381 1105 Variolosis
398 1065 544 1105 salutis
563 1079 655 1120 spes
672 1065 810 1106 omnis
826 1065 871 1105 in
888 1065 1237 1105 exanthematum
1253 1062 1468 1117 paucitate
1483 1075 1548 1101 re-

89 1137 286 1187 ponatur,
310 1133 536 1173 discrimen
557 1133 603 1173 in
624 1133 857 1174 eorundem
879 1132 1157 1173 multitudine
1170 1148 1182 1181 3
1215 1135 1257 1170 et
1278 1133 1405 1183 prout
1426 1129 1550 1182 plura

91 1205 191 1241 sunt
212 1200 316 1241 haec
336 1200 402 1240 vel
420 1201 632 1254 pauciora,
656 1206 729 1241 aut
751 1201 932 1242 moritur
953 1206 1027 1242 aut
1048 1201 1149 1241 vivit
1177 1213 1314 1252 aeger.
1376 1198 1550 1238 Interea
1569 1204 1741 1245 Sanguinis

90 1268 312 1309 fatendum
329 1274 404 1319 est,
419 1273 460 1309 et
475 1269 694 1322 sanguinis
710 1269 901 1319 mictum,
917 1273 958 1309 ct
974 1269 1160 1309 maculas
1180 1279 1426 1321 purpureas,
1443 1278 1550 1318 quae
1567 1253 1743 1321 ffisstplsazeet

89 1336 150 1376 ita
170 1341 285 1377 certo
305 1341 487 1376 mortem
514 1337 837 1390 praenunciant,
861 1337 1115 1390 quandoque
1144 1335 1345 1384 accidere,
1367 1334 1435 1373 vix
1461 1333 1549 1374 ullo
1566 1343 1756 1405 pulrpureae,

91 1404 229 1445 adhuc
250 1409 520 1457 comparente
544 1405 815 1444 Variolarum
841 1404 1012 1454 indicio,
1034 1404 1099 1444 vel
1130 1403 1259 1443 etiam
1286 1401 1549 1455 paucissimis
1567 1386 1668 1448 {122³
1671 1387 1755 1448 ¹22¹?

90 1472 271 1526 pustulis
296 1471 618 1525 erumpentibus
631 1489 643 1522 3
674 1472 778 1512 haec
801 1486 899 1512 vero
924 1477 974 1512 ut
998 1472 1192 1512 Variolas
1222 1470 1352 1510 denso
1381 1468 1551 1522 agmine
1568 1461 1754 1543 ἓὲᾆξέῒξὲζς

91 1541 353 1582 confluentes
373 1546 422 1580 ut
442 1540 675 1594 plurimum
697 1539 968 1590 comitantur,
991 1539 1053 1580 ita
1073 1537 1300 1592 aliquando
1321 1540 1411 1577 tam
1432 1549 1550 1589 prae·
1569 1546 1724 1585 pustulis,

91 1623 266 1662 propere
286 1608 508 1658 invadunt,
525 1613 574 1648 ut
591 1622 766 1661 aegrum
783 1613 882 1648 ante
904 1608 1073 1662 plenam
1089 1607 1356 1661 eruptionem
1373 1620 1395 1646 e
1413 1605 1552 1646 medio
1570 1599 1750 1662 ffiffiffi‘sso‘j·

91 1676 256 1727 tollant,
276 1676 383 1717 sicut
399 1677 488 1730 jam
513 1676 699 1730 [Obsera
717 1677 831 1716 Med.
846 1676 902 1716 iii.
919 1678 958 1717 2.
975 1679 1043 1726 24,
1058 1676 1146 1730 25]
1170 1674 1530 1730 praemonuimus.
1569 1674 1650 1704 lunt.

157 1744 235 1798 [5.]
274 1745 330 1785 In
349 1744 522 1798 proclivi
543 1750 606 1785 est
629 1750 772 1785 autem
798 1746 862 1798 (ut
883 1745 990 1785 mihi
1009 1745 1206 1798 videtur,)
1226 1744 1436 1784 rationem
1457 1742 1551 1783 red·
1571 1745 1638 1793 (3131·
1653 1747 1756 1785 magis

92 1812 189 1853 dere
211 1826 339 1866 quare
364 1827 488 1865 aeger
507 1813 602 1866 plus
630 1813 822 1854 minusve
849 1813 1114 1867 periclitetur
1134 1828 1210 1867 pro
1235 1812 1394 1866 majore
1414 1811 1550 1852 mino·
1568 1797 1727 1870 Εὲἓέᾗζέ-

91 1892 187 1919 reve
218 1879 564 1919 exanthematum
597 1894 789 1921 numero.
851 1881 961 1921 Cum
991 1882 1106 1922 enim
1138 1880 1349 1935 quaelibet
1379 1880 1550 1934 pustula
1569 1878 1625 1955 3ζὲ
1636 1885 1730 1946 ἶίἕὶζιῑ

92 1945 346 1998 phlegmone
367 1946 502 1998 primo
524 1946 590 1996 sit,
611 1947 711 1987 licet
733 1947 810 1988 sub
833 1949 985 2001 exigua
1004 1949 1128 1998 mole,
1151 1963 1249 1989 mox
1269 1948 1315 1988 in
1336 1953 1553 2001 apostema
1569 1959 1748 1989 thematum

94 2014 254 2064 evadat,
277 2014 367 2054 fieri
387 2029 475 2054 non
503 2019 642 2067 potest
664 2016 766 2068 quin
787 2016 915 2056 febris
938 2016 1198 2066 secundaria,
1221 2030 1246 2056 a
1265 2030 1370 2069 pure
1396 2016 1486 2069 jam
1506 2016 1552 2054 in
1569 2011 1712 2034 numero.

94 2082 184 2123 fieri
218 2082 420 2136 pendens,
457 2082 592 2134 magis
626 2083 819 2123 minusve
855 2083 1130 2124 exacerbetur
1171 2097 1247 2136 pro
1282 2083 1398 2136 puris
1432 2096 1552 2123 exco-

94 2151 251 2205 quendi
285 2151 523 2204 quantitate
551 2151 641 2204 jam
674 2151 719 2191 in
751 2151 889 2192 morbi
925 2157 1066 2202 statu3
1099 2151 1211 2205 quod
1247 2152 1293 2191 in
1327 2150 1552 2191 mitissimo
1571 2160 1744 2191 Statusdi-

94 2219 414 2260 Confluentium
435 2233 588 2272 genere
617 2219 684 2260 die
706 2234 730 2260 a
749 2220 884 2273 primo
906 2220 1043 2261 morbi
1067 2220 1231 2260 insultu
1251 2219 1489 2268 undecimo,
1507 2219 1552 2258 in
1569 2213 1660 2233 verso
1676 2209 1756 2234 tem-

1570 2256 1644 2285 pore
1660 2257 1716 2287 pro

94 2287 295 2328 mediocri
316 2287 479 2328 decimo
503 2292 666 2341 quarto,
688 2288 734 2327 in
762 2288 1011 2328 crudissima
1031 2301 1126 2328 vero
1148 2292 1189 2327 et
1212 2286 1379 2340 aegrius
1408 2285 1551 2326 doma·
1568 2289 1689 2320 ratione

94 2354 169 2396 bili
200 2355 336 2409 specie
361 2355 522 2396 decimo
554 2355 746 2408 septimo,
768 2356 860 2396 fieri
886 2355 1115 2396 consucvit.
1178 2354 1554 2396 Quemadmodum
1570 2332 1746 2415 Ῑέζὲζζθῃ-

95 2423 209 2466 enim
235 2423 360 2476 (quod
393 2428 455 2463 est
488 2423 755 2476 notandum,)
782 2423 1103 2463 Confluentium
1124 2422 1393 2462 Variolarum
1418 2435 1553 2473 genus
1571 2431 1617 2474 tes
1634 2432 1724 2476 περηο-

97 2492 359 2542 Distinctum‚
383 2492 495 2545 quod
523 2492 691 2542 dicitur,
713 2492 879 2532 ratione
899 2491 1075 2545 periculi
1105 2489 1370 2530 imminentis
1391 2489 1437 2529 in
1457 2494 1552 2529 tan-
1571 2471 1758 2553 3523}ssss-

95 2565 190 2602 tum
207 2564 376 2613 superat
394 2564 601 2613 quantum
618 2559 670 2600 ab
687 2559 777 2613 ipsa
798 2565 914 2612 peste
936 2564 1171 2612 superatur,
1186 2558 1247 2597 ita
1262 2556 1392 2597 etiam
1409 2569 1553 2609 supra-
1571 2566 1759 2628 ἳῑθέψῆω·

97 2628 234 2670 djctae
255 2633 341 2669 tres
363 2627 682 2669 Confluentium
705 2627 860 2681 species
883 2627 987 2667 aliae
1010 2626 1100 2666 aliis
1122 2624 1386 2679 praesentius
1408 2623 1552 2664 discri-
1571 2609 1697 2671 Εῗιῑῑὴῗὲ
1719 2609 1757 2629 u-

96 2710 195 2738 men
217 2697 428 2737 adferunt.
478 2696 604 2738 Quod
624 2695 798 2749 insuper
816 2700 906 2735 tarn
927 2695 971 2734 in
994 2699 1131 2734 aetate
1148 2707 1274 2746 quam
1291 2705 1394 2732 sexu
1413 2691 1554 2731 locum
1571 2684 1689 2754 pesas..
1726 2737 1732 2742 ‚

96 2764 225 2807 habet
241 2782 252 2815 3
285 2779 382 2806 cum
403 2764 565 2805 nemini
581 2778 667 2804 non
689 2764 744 2803 sit
764 2762 1048 2812 notissimum,
1067 2761 1377 2802 adolescentem
1397 2759 1444 2799 in
1465 2759 1555 2812 ipso
1573 2737 1760 2810 {gssasssssflffi

94 2832 332 2887 juventutis
353 2833 454 2874 flore
481 2832 617 2873 multo
645 2831 780 2884 magis
807 2830 1034 2884 periclitari
1056 2829 1107 2870 ab
1136 2829 1214 2870 hoc
1242 2827 1405 2877 morbo,
1429 2840 1556 2881 quam
1575 2823 1761 2896 Ξὲᾚῗιῑέῑῐῐ

99 2901 163 2941 vel
184 2901 412 2942 foeminam
436 2900 500 2939 vel
522 2899 752 2952 impubem.
817 2898 900 2938 Scd
922 2897 1025 2938 haec
1047 2896 1195 2936 obiter.
1578 2908 1736 2948 periclita-

1581 2962 1641 2982 lur-
