1985 3308
522 154 860 196 PROCESSUS
894 156 1162 198 INTEGRI.
1485 163 1566 201 585

485 271 562 294 cum
580 261 772 295 sufficiente
791 263 984 306 quantitate
1004 262 1130 308 Syrupi
1144 275 1162 296 e
1176 263 1340 308 Quinque
1358 265 1566 306 Radicibus;
1599 276 1651 306 ΒΕ
1670 276 1755 307 Sup-

297 317 377 351 Fiat
409 318 652 352 electuarium:
695 320 810 364 capiat
842 320 886 354 ad
919 320 1202 365 magnitudinem
1236 323 1334 355 nucis
1366 322 1564 357 moschatac
1584 327 1775 349 PRES⁵¹0NE

297 380 422 418 quarta
447 386 586 419 quaque
610 376 705 417 hora,
731 377 981 422 superbibendo
1006 379 1183 422 sequentis
1209 378 1338 423 julapii
1372 379 1565 414 cochlearia
1589 361 1767 410 L⁰CH¹⁰RZ

295 437 444 475 quatuor
460 433 514 467 vel
532 434 688 478 quinque
702 449 758 467 :—

110 524 243 568 [Form.
261 526 385 566 210.]¹‘
413 525 453 576 R
481 528 604 572 Aquae
623 529 737 562 Rutae
755 531 875 564 uncias
892 536 1051 574 quatuor,

482 586 638 629 [Aquae]
660 586 833 631 Bryoniae
851 588 1071 632 Compositae
1089 589 1208 622 uncias
1225 589 1323 630 duas,

481 642 644 677 Saccliari
663 644 777 678 Caudi
796 646 1029 688 quantitatem
1048 646 1297 686 sufficientem3

295 698 376 733 Fiat
387 700 573 745 julapium.

108 794 188 836 Vel
217 800 357 836 sumat
376 796 682 837 trochiscorum
705 797 757 838 de
788 798 960 852 myrrha
986 799 1230 852 scrupulum
1257 815 1392 840 unum
1416 805 1565 854 quarta

108 876 275 916 quaque
295 863 411 903 hora.

168 930 214 970 Si
229 935 320 971 tota
334 930 646 984 praedictorum
661 932 877 985 quantitas
891 938 1179 984 consumatur,
1195 939 1237 975 et
1254 935 1414 976 Lochia
1427 935 1565 976 adhuc

107 998 438 1051 supprimantur,
460 999 693 1039 laudanum
718 1000 845 1040 unica
871 1001 1021 1041 saltem
1048 1001 1135 1042 vice
1162 1002 1449 1043 exhibendum
1462 1020 1473 1052 ;
1500 1007 1562 1052 ut,

106 1066 280 1106 laudani
307 1067 455 1120 liquidi
486 1072 634 1120 guttae
667 1068 986 1121 quatuordecim
1013 1068 1059 1108 in
1088 1083 1198 1121 aqua
1224 1069 1426 1122 bryoniae
1451 1083 1564 1109 com-

106 1134 255 1187 posita,
292 1135 357 1175 vel
388 1134 564 1175 laudaui
596 1134 718 1175 solidi
755 1136 1080 1188 sesquigranum
1116 1150 1213 1176 cum
1251 1150 1345 1177 asae
1381 1136 1564 1177 foetidae

107 1202 248 1255 granis
269 1201 412 1243 decem
432 1203 479 1243 in
499 1203 651 1257 pilulas
673 1203 777 1243 duas
798 1203 1030 1244 redactum.

166 1269 212 1309 Si
242 1269 346 1310 haec
376 1270 483 1310 nihil
518 1270 752 1324 proficiant,
785 1275 878 1311 tum
915 1284 1066 1311 enema
1096 1284 1146 1310 cx
1180 1270 1290 1310 lacte
1321 1270 1563 1310 saccharato

105 1335 231 1377 unica
251 1337 401 1378 saltem
421 1338 509 1378 vice
530 1338 757 1392 injiciatur.

641 1545 766 1586 CAP.
790 1544 1024 1586 XXXIII.¹

686 1650 750 1690 De
770 1650 980 1702 Hydrope.

87 1790 93 1794 η
161 1739 380 1779 Fovmssm
399 1753 423 1779 a
439 1738 672 1792 digitorum
688 1740 962 1794 impressione
978 1741 1023 1780 in
1046 1755 1240 1781 surarum
1256 1745 1376 1794 parte
1392 1740 1562 1780 inferio·
1582 1753 1689 1783 Morbi
1703 1754 1756 1783 de-

101 1806 151 1856 ri,
169 1806 248 1847 sub
264 1810 434 1846 noctem
453 1807 718 1860 conspicuae,
735 1822 861 1848 mane
876 1813 1187 1859 evanescentes,
1206 1809 1284 1849 hoc
1305 1809 1466 1849 malum
1480 1809 1562 1862 pri·
1582 1797 1720 1836 scriptia

101 1888 221 1914 mum
248 1873 454 1923 indicant,
483 1875 666 1915 maxime
695 1876 730 1915 si
758 1875 930 1928 spiritus
958 1875 1128 1916 interim
1159 1876 1326 1929 aegrius
1357 1877 1539 1917 ducatur
1551 1893 1562 1927 3

106 1942 237 1995 (haud
257 1956 352 1982 raro
373 1947 519 1982 tamen
539 1943 749 1983 foeminae
770 1949 1066 1996 praegnantes,
1089 1948 1131 1983 et
1154 1943 1307 1996 quibus
1328 1944 1565 1983 catamenia

103 2010 329 2059 sistuntur,
347 2015 396 2050 ut
413 2015 455 2050 et
472 2010 548 2049 viri
571 2010 622 2050 ab
645 2010 855 2050 asthmate
876 2011 1111 2052 inveterato
1133 2011 1360 2064 derepente
1381 2010 1562 2061 liberati,

102 2078 251 2119 eodem
273 2083 440 2118 tumore
461 2083 686 2118 tentantur
698 2079 726 2131 3)
760 2079 938 2132 pedibus
955 2078 1231 2133 cruribusque
1252 2079 1306 2119 ad
1326 2084 1563 2119 extremum

100 2146 298 2196 extensis,
320 2145 365 2185 in
387 2145 598 2186 abdomen
625 2151 758 2186 ruunt
780 2160 925 2200 aquae,
949 2151 991 2187 et
1013 2147 1066 2187 ad
1093 2147 1292 2187 ultimum
1320 2147 1562 2200 capacitatis

101 2226 202 2253 suae
236 2212 369 2253 limen
398 2213 605 2266 paulatim
636 2214 911 2264 distendunt;
956 2215 1089 2255 donec
1124 2215 1298 2256 tandem
1328 2215 1374 2254 in
1404 2215 1564 2255 viscera

101 2281 310 2322 nobiliora
339 2281 503 2334 impetu
531 2282 583 2322 ab
611 2282 662 2322 iis
695 2282 807 2323 facto
840 2296 965 2336 aeger
997 2283 1296 2336 submergitur.
1359 2284 1442 2324 Pro
1471 2288 1564 2323 rata

101 2364 183 2403 qua
222 2354 364 2402 partes
406 2364 430 2389 a
470 2350 619 2391 morbo
659 2350 853 2391 obsessae
883 2351 994 2392 mole
1025 2356 1249 2404 augentur,
1282 2351 1387 2391 aliae
1428 2351 1563 2403 magis

100 2417 321 2470 magisque
339 2417 634 2470 gracilescunt,
651 2418 904 2471 urgentibus
927 2418 1152 2473 dyspnoea,
1169 2419 1318 2459 minae
1335 2419 1562 2471 paucitate,

103 2489 145 2525 et
182 2485 251 2524 siti
287 2485 467 2525 intensa.
550 2485 674 2526 Viros
710 2486 1029 2539 ingravescente
1065 2490 1216 2536 aetate,
1248 2486 1453 2526 foeminas
1488 2486 1563 2526 ubi

97 2552 188 2606 jam
209 2566 355 2605 parere
378 2552 593 2603 desierint,
616 2558 665 2593 ut
686 2554 917 2607 plurimum
940 2554 1142 2594 adoritur.

167 2619 245 2673 [2.]
261 2626 279 2644 ¹¹
311 2618 599 2661 Indicationes
639 2621 850 2662 curativae
891 2622 1134 2675 dirigendae
1181 2626 1282 2661 sunt
1327 2621 1463 2675 primo
1510 2621 1563 2662 ad
1582 2632 1751 2662 Cunmxo.

103 2701 307 2740 aquarum
344 2688 675 2737 evacuationem,
709 2689 861 2730 deinde
897 2690 950 2730 ad
980 2689 1307 2730 instaurandum
1344 2689 1563 2742 sanguinis

101 2755 232 2795 robur
254 2770 336 2808 quo
358 2770 490 2796 novus
511 2771 716 2810 aquarum
738 2762 966 2810 proventus
986 2757 1223 2811 praecaveri
1243 2757 1387 2810 possit.

145 2872 159 2892 ¹‘
185 2873 234 2903 Cf.
253 2874 344 2904 form.
362 2876 413 2904 83.
907 2881 933 2897 ¹¹¹
959 2878 1071 2905 Fal-em
1089 2875 1156 2915 Se]
1177 2876 1225 2907 Cf.
1244 2878 1315 2906 ibid.
1334 2879 1348 2915 ξ
1369 2877 1382 2906 l
1402 2886 1446 2916 sq.

147 2914 155 2937 Ῑ
180 2916 228 2946 Cf.
250 2918 350 2947 Tract.
371 2919 412 2947 Il.
907 2924 922 2939 ¹¹
950 2919 997 2948 Cf.
1017 2921 1088 2948 ibid.
1107 2921 1121 2956 ξ
1141 2922 1168 2948 S.

797 2976 824 3012 4
849 2988 869 3012 1··
