1985 3308
246 145 767 186 OBSERVATIONUM
801 146 1174 187 MEDICARUM
1210 151 1283 184 ΙΙΙ.
1310 154 1341 183 2.
1444 148 1524 186 125

138 251 247 305 [12.]
286 252 340 292 In
371 252 686 292 Confluentium
719 265 872 305 genere
901 253 1059 306 ubique
1092 251 1306 292 observavi
1337 251 1528 304 pustulas
1546 262 1730 291 νΛιιιοωε

73 333 278 359 manuum
299 323 426 372 atque
446 319 602 372 pedum
635 319 814 372 majores
842 318 970 359 fuisse
992 332 1118 372 quam
1145 318 1295 370 reliqui
1316 318 1500 370 corporis
1516 334 1527 367 3
1548 304 1729 375 ξξξζξζῖζι

72 391 115 427 et
136 400 219 439 quo
239 386 364 427 altius
396 385 447 426 ab
479 391 650 427 artuum
681 387 948 426 extremitate
977 391 1178 426 truncum
1209 399 1352 426 versus
1384 398 1528 425 ascen·
1569 389 1698 419 '67-‘69-

73 453 200 503 ditur,
228 467 277 494 eo
313 454 468 494 sensim
502 454 686 494 minores
722 458 764 494 et
797 453 1096 494 contractiores
1129 466 1295 505 semper
1326 452 1526 492 extitisse.

72 522 215 575 Atque
236 521 339 562 haec
361 521 412 562 de
433 521 613 575 pustulis
634 521 780 561 censui
802 520 992 560 dicenda.

136 589 245 642 [13.]
286 589 396 629 Sunt
431 602 528 629 vero
559 592 601 628 et
642 588 723 628 alia
758 591 1043 641 symptomata
1073 587 1170 637 duo,
1207 600 1313 640 quae
1345 586 1527 627 Variolis
1547 597 1698 646 salivatiq

73 654 396 695 Confluentibus
437 655 647 704 accidunt,
684 654 798 694 haud
838 654 1014 694 minoris
1050 655 1255 695 momenti
1296 668 1423 707 quam
1463 653 1527 694 vel
1545 650 1577 687 3¹¹
1594 640 1722 675 θάψ’*

1545 692 1577 711 111
1598 682 1729 713 infanti-

71 721 266 775 pustulae
295 722 422 775 ipsae,
454 721 518 762 vel
547 726 702 770 tumor,
733 721 798 761 vel
828 721 942 762 aliud
974 722 1190 774 quodlibet
1221 736 1244 763 e
1274 721 1498 775 praedictis
1514 740 1525 771 ,-
1545 724 1604 754 bus
1619 725 1702 754 diar-

73 788 260 829 salivatio
299 802 451 841 nempe
486 789 531 828 in
567 788 734 838 adultis,
772 793 898 841 atque
938 789 983 828 in
1022 789 1257 829 infantibus
1293 789 1524 830 diarrhoea.
1544 767 1731 839 {qlffift‘gw

74 853 242 895 Horum
262 854 378 907 prius
397 855 458 894 ita
477 859 728 908 perpetuum
757 869 799 895 se
827 857 1023 896 comitem
1053 856 1260 910 adjungit,
1282 862 1331 897 ut
1352 857 1527 898 unicum
1546 851 1609 882 fere
1625 862 1707 913 fem?

71 927 241 962 tantum
281 922 456 962 viderim
496 922 677 962 Variolis
719 923 1042 964 Confluentibus
1088 924 1364 975 laborantem,
1411 925 1528 965 nulla
1545 904 1718 967 &tart-onu-

72 990 393 1042 superveniente
411 990 654 1030 salivatione
668 1007 679 1040 ς
701 991 908 1043 posterius
916 997 942 1013 ¹¹¹
961 996 1116 1041 autem,
1127 1005 1279 1044 nempe
1293 992 1526 1043 diarrhoea,

71 1057 255 1098 infantes
271 1057 350 1098 hac
367 1058 502 1111 specie
523 1057 762 1098 laborantes
779 1073 865 1098 non
886 1059 947 1099 ita
967 1065 1081 1099 certo
1098 1059 1335 1100 discruciat.
1369 1060 1528 1100 Utrum

71 1124 293 1178 providens
317 1125 487 1166 Natura
507 1125 583 1165 has
606 1126 898 1166 cvacuationes
928 1127 1083 1167 idcirco
1115 1127 1393 1177 substituerit,
1416 1129 1530 1181 quod

70 1191 116 1232 in
137 1192 288 1245 pusillo
309 1192 388 1233 hoc
413 1206 461 1233 ac
488 1193 640 1232 humili
661 1206 813 1245 genere
844 1194 1021 1233 materia
1042 1193 1258 1233 morbifica
1278 1194 1339 1234 ita
1358 1194 1529 1247 penitus

70 1265 253 1314 nequeat
278 1262 561 1310 exterminari,
584 1275 631 1301 ac
659 1262 703 1300 in
734 1262 915 1314 pustulis
942 1262 1033 1302 istis
1060 1263 1291 1316 majoribus
1315 1277 1364 1304 ac
1392 1264 1529 1317 magis

70 1329 294 1382 fastigiatis
343 1330 508 1382 generis
549 1329 746 1379 Discreti,
778 1330 920 1370 nullus
961 1330 1128 1380 definio,
1170 1345 1267 1371 cum
1308 1331 1528 1372 historiam

70 1402 238 1437 tantum
270 1397 462 1447 scribam,
494 1411 580 1438 non
613 1397 769 1438 solvam
798 1397 1072 1450 problemata.
1156 1399 1251 1439 Hoc
1283 1404 1398 1440 certo
1429 1400 1528 1450 scio,

71 1463 182 1518 quod
201 1478 290 1505 non
310 1465 447 1505 solum
460 1464 652 1505 Variolas
670 1465 941 1506 Confluentes
962 1466 1237 1519 plerumquen
1254 1467 1526 1517 comitantur,

70 1531 143 1572 sed
167 1532 295 1572 etiam
331 1532 442 1585 quod
474 1545 580 1585 quae
610 1546 684 1585 per
716 1532 808 1572 illas
837 1532 886 1573 fit
917 1533 1133 1574 evacuatio
1165 1538 1255 1574 tam
1291 1539 1354 1575 est
1384 1549 1529 1575 neces-

71 1600 190 1649 saria,
214 1614 340 1652 quam
368 1604 467 1640 sunt
489 1600 552 1640 vel
573 1599 780 1652 pustulae,
803 1600 867 1639 vel
891 1599 1012 1640 faciei
1043 1606 1085 1641 et
1116 1615 1322 1641 manuum
1343 1602 1528 1642 intume-

71 1667 242 1708 scentia.

135 1734 242 1788 [14]
282 1735 409 1775 Dicta
429 1735 616 1775 salivatio
644 1749 954 1788 nonnunquam
983 1735 1060 1775 sub
1089 1736 1273 1789 primum
1297 1737 1530 1790 eruptionis

69 1806 238 1855 tempus
268 1816 312 1842 se
342 1803 494 1856 prodit,
526 1817 837 1856 nonnunquam
875 1817 963 1843 non
992 1803 1075 1843 nisi
1104 1803 1319 1856 postridie,
1350 1804 1530 1845 biduove

70 1870 366 1923 praeterlapso.
428 1870 614 1910 Materia
640 1870 777 1922 primo
806 1870 947 1910 tenuis
979 1871 1233 1921 excernitur,
1255 1886 1303 1912 ac
1334 1871 1456 1913 facile
1477 1872 1530 1912 ad

70 1942 239 1990 tempus
269 1937 439 1990 aliquod
468 1938 670 1990 rejicitur,
697 1951 822 1990 aegro
852 1938 1024 1978 interim
1054 1939 1191 1979 multa
1220 1939 1353 1980 lintea
1383 1940 1530 1980 eadem

72 2010 196 2045 nocte
227 2011 558 2057 conspurcante3
609 2019 746 2057 neque
782 2019 882 2045 sane
917 2007 1102 2046 multum
1137 2008 1249 2048 cedit
1279 2009 1530 2062 ptyalismus

71 2072 140 2112 hic
171 2073 293 2113 alteri
324 2073 382 2112 illi
414 2073 486 2126 qui
517 2086 595 2125 ope
626 2073 823 2112 mercurii
854 2073 1076 2123 excitatur,
1098 2075 1180 2114 nisi
1211 2075 1323 2128 quod
1353 2090 1441 2116 non
1470 2077 1531 2116 ita

72 2139 181 2180 male
211 2139 333 2180 oleat.
397 2140 477 2179 Die
509 2144 651 2179 autem
680 2139 766 2179 fere
801 2139 1026 2180 undecimo
1059 2141 1187 2181 saliva
1215 2142 1410 2182 viscidior
1439 2143 1531 2195 jam

70 2207 182 2247 facta
209 2207 440 2260 aegerrime
468 2212 688 2247 excreatur
701 2224 712 2256 3
755 2207 993 2247 siticulosus
1023 2213 1085 2248 est
1114 2221 1250 2262 aeger,
1278 2209 1404 2249 tussit
1433 2209 1530 2250 sub-

70 2274 171 2315 inde
201 2274 313 2315 inter
341 2274 588 2324 bibendum,
621 2279 663 2315 et
694 2280 818 2327 potus
859 2288 934 2327 per
972 2289 1096 2315 nares
1135 2276 1371 2326 revertitur,
1403 2282 1531 2332 atque

72 2341 124 2383 ab
163 2341 243 2383 hoe
284 2342 350 2383 die
391 2347 524 2383 cessat
559 2347 608 2382 ut
643 2341 874 2395 plurimum
917 2342 1104 2383 salivatio
1118 2359 1129 2393 ς
1160 2343 1258 2384 licet
1289 2344 1530 2398 aliquando,

75 2409 226 2463 (rarius
265 2415 411 2450 tamen
450 2410 493 2449 id
535 2409 717 2461 accidit,)
756 2409 831 2449 ubi
866 2423 940 2462 per
976 2409 1088 2450 diem
1124 2425 1259 2451 unum
1299 2411 1531 2452 alterumve

73 2478 246 2518 omnino
276 2478 511 2528 cessaverit,
542 2478 716 2518 tandem
746 2477 1005 2530 postliminio
1035 2479 1313 2519 recrudescat.
1376 2480 1529 2521 Dicto⁰

73 2550 215 2585 autem
246 2545 313 2586 die
347 2545 586 2598 (undecimo
609 2545 794 2597 scilieet,)
822 2550 966 2586 tumor
987 2546 1108 2586 faciei
1138 2561 1225 2587 una
1255 2561 1352 2587 cum
1383 2548 1529 2588 saliva-

70 2612 186 2653 tione
225 2613 423 2653 imminui
461 2613 624 2666 incipit,
661 2627 708 2653 ac
747 2617 852 2653 tunc
891 2613 1076 2666 primum
1116 2614 1206 2667 ejus
1246 2615 1337 2655 loco
1377 2630 1528 2657 manus

70 2680 352 2722 intumescere
374 2681 522 2732 solent,
545 2687 618 2722 aut
640 2681 809 2722 debent.
1547 2719 1657 2750 Febfis
1673 2723 1711 2751 ab

136 2748 243 2802 [15.]
281 2749 516 2790 Diarrhoea
547 2763 633 2789 non
669 2750 729 2789 ita
765 2755 928 2790 mature
964 2749 1147 2790 infantes
1179 2751 1283 2791 solet
1314 2751 1524 2803 invadere,
1544 2764 1666 2795 insultu

115 2854 136 2867 ¹¹¹
156 2849 458 2889 poster..-.di.s·cruc.]
478 2861 537 2880 om.
557 2851 602 2881 ed.
622 2852 683 2882 7⁶.
869 2855 881 2868 ⁰
907 2850 1164 2890 Diclo—rlrlwnt]
1185 2863 1244 2881 oni.
1264 2853 1311 2882 etl.
1331 2854 1392 2884 '76.

114 2895 128 2909 '¹
149 2892 340 2932 plerumque]
361 2895 469 2932 ubique
486 2893 531 2923 ed.
552 2895 613 2925 ’76.
