1985 3308
173 270 354 300 Monmrm

174 314 269 342 Axm
293 313 357 344 70.

376 155 458 194 188
787 153 1042 194 THOMAE
1078 152 1419 194 SYDENHAM

374 260 417 296 et
446 254 777 305 medicamentis,
809 268 916 308 quae
952 254 1052 295 satis
1081 254 1216 295 multa
1245 260 1530 307 usurpaverat,
1565 251 1832 293 calidioribus

374 324 456 364 ista
504 323 647 364 omnia
684 323 928 373 tribuerem,
969 322 1217 376 sanguinem
1253 336 1276 362 e
1315 321 1486 362 brachio
1527 320 1834 361 extrahendum

376 391 530 442 curavi,
570 398 613 432 et
652 391 862 445 ptisanam
901 391 1154 445 pectoralem
1191 396 1316 444 atque
1350 389 1671 443 refrigerantem
1712 402 1835 442 saepe

377 459 673 500 assumendam
712 458 971 513 praescripsi,
1013 473 1191 512 quorum
1232 471 1322 512 ope,
1365 463 1407 498 et
1447 456 1664 510 regiminis
1710 455 1835 496 simul

378 527 700 581 temperatioriS,
745 533 787 568 et
831 526 1021 567 maculae
1068 532 1192 579 atque
1236 525 1318 566 alia
1363 524 1505 566 omnia
1551 528 1838 578 symptomata

377 595 639 648 pedetentim
661 594 980 635 evanescebant.

442 663 550 717 [10.]
580 663 712 703 Hicce
727 662 912 712 morbus,
929 675 1075 702 mense
1093 661 1119 701 J
1123 661 1295 701 anuario
1313 661 1374 713 (ut
1404 661 1447 715 [ᾧ
1472 660 1531 714 1.]
1560 660 1722 700 dictum
1739 659 1832 710 est‚)

377 737 515 781 natus,
533 730 587 770 ad
606 730 917 784 aequinoctium
938 743 1070 783 usque
1090 743 1267 769 vernum
1289 729 1499 770 crescebat
1520 728 1654 768 indies
1666 745 1678 777 ;
1711 741 1735 767 a
1754 739 1836 780 quo

377 805 579 851 tempore,
593 797 818 838 imminuta
832 797 1037 851 paulatim
1053 797 1105 846 vi,
1120 796 1311 850 sequenti
1327 797 1354 836 J
1358 796 1440 836 ulio
1455 796 1580 850 plane
1596 794 1717 836 desiit
1723 811 1737 845 ;
1756 807 1837 835 nec

378 872 440 906 est
461 879 648 906 reversus
668 879 744 920 per
759 879 905 906 omnes
926 879 1060 906 annos
1077 865 1229 919 quibus
1249 865 1352 905 haec
1369 863 1626 905 Constitutio
1647 862 1836 903 dominae

377 934 515 983 batur,
547 934 627 974 nisi
659 934 770 987 quod
805 934 1044 987 insequenti
1073 947 1169 974 vere
1197 932 1436 974 nonnuHibi
1460 932 1571 985 (licet
1604 930 1767 983 rarius,)
1792 944 1837 971 se

379 1001 630 1042 ostenderet.
694 1002 758 1042 De
780 1002 991 1042 Morbiflis
1011 1002 1115 1042 haec
1137 1001 1249 1042 dicta
1269 1006 1409 1041 sunto.

984 1186 1109 1227 CAP.
1144 1186 1243 1227 Ylfl

548 1310 738 1349 Variolae
760 1309 987 1349 Anomalae
1009 1308 1227 1349 αηηοναπηΓ
1247 1309 1371 1360 1670,
1398 1309 1521 1360 1671,
1547 1310 1671 1352 1672.

435 1417 674 1457 MORBILLI
696 1416 898 1470 praedicti
923 1416 1049 1470 (quod
1065 1417 1154 1471 jam
1176 1431 1303 1471 supra
1331 1417 1384 1470 [c.
1404 1418 1442 1457 1.
1463 1418 1484 1471 ξ
1502 1416 1563 1470 4.]
1586 1414 1835 1469 innuimus‚)

378 1485 646 1525 Variolarum
660 1485 840 1538 speciem
854 1485 905 1525 ab
920 1485 991 1525 illa
1007 1499 1133 1538 quam
1147 1490 1448 1539 propagaverat
1461 1484 1708 1526 constitutio
1719 1497 1837 1537 prae-

379 1553 531 1593 cedens
552 1553 757 1594 diversam
780 1552 1121 1602 introducebant,
1145 1553 1292 1593 eodem
1312 1552 1399 1593 fere
1421 1566 1518 1593 cum
1538 1552 1620 1592 illis
1646 1557 1838 1605 tempore

378 1620 701 1674 ingredientem,
734 1621 869 1673 (initio
901 1620 1056 1661 scilicet
1088 1621 1293 1670 Januarii,
1328 1621 1556 1673 1669-705)
1592 1634 1712 1674 quae,
1739 1619 1839 1660 licet

378 1703 465 1729 non
486 1703 616 1742 usque
638 1689 742 1729 adeo
767 1688 997 1742 epidemica
1025 1695 1148 1742 atque
1176 1688 1255 1741 ipsi
1279 1688 1474 1738 morbilli,
1495 1688 1664 1729 eosdem
1691 1693 1839 1728 tamen

377 1756 659 1797 comitabatur
674 1770 749 1809 per
765 1770 890 1797 omne
910 1756 1016 1797 illud
1036 1762 1202 1809 tempus
1224 1770 1305 1809 quo
1326 1755 1677 1803 dominabantur3
1711 1759 1838 1808 atque

377 1824 426 1864 iis
447 1823 575 1864 etiam
590 1824 895 1875 fatiscentibus,
912 1838 987 1878 per
1007 1824 1195 1865 residuos
1215 1825 1342 1878 hujus
1359 1822 1682 1864 Constitutionis
1703 1836 1838 1863 annos

378 1892 684 1946 perseverabat.
721 1892 984 1946 Dysenteriis
999 1892 1272 1933 nihilominus
1293 1892 1450 1946 primas
1470 1890 1741 1941 concedebat,
1758 1890 1838 1932 sub

379 1959 571 2013 auspiciis
598 1960 792 2000 autumni
818 1960 967 2001 iisdem
987 1960 1166 2001 faventis
1188 1965 1314 2013 atque
1335 1958 1587 2009 amicissimi,
1609 1960 1838 2012 grassanti-

378 2027 458 2067 bus
470 2044 481 2077 ,
514 2028 664 2081 hyeme
685 2041 794 2077 vero,
813 2028 1062 2081 dysenteriis
1084 2028 1221 2069 aliena
1240 2033 1494 2081 tempestate
1514 2026 1680 2080 pressis,
1697 2025 1838 2068 denuo

378 2095 697 2136 recrudescebat
724 2095 827 2136 haec
849 2095 900 2136 de
922 2110 1004 2149 qua
1029 2096 1194 2149 agimus
1215 2096 1385 2149 species.
1446 2096 1590 2148 Atque
1617 2094 1731 2135 hunc
1752 2108 1837 2135 ser-

378 2163 533 2204 vabant
560 2164 751 2204 ordinem
770 2178 845 2218 per
872 2164 1060 2217 singulos
1080 2165 1204 2218 hujus
1230 2163 1556 2205 Constitutionis
1588 2176 1735 2213 annOS,
1756 2162 1838 2203 nisi

379 2231 491 2285 quod
511 2238 724 2285 postremo
746 2246 827 2285 quo
857 2232 928 2272 illa
948 2232 1115 2285 vigebat
1138 2238 1358 2281 autumno,
1381 2244 1494 2271 anno
1521 2229 1678 2271 scilicet
1711 2230 1835 2280 1672,

381 2298 691 2351 (languescente
702 2299 792 2352 jam
808 2299 889 2340 ista
903 2299 1230 2348 Constitutione,
1245 2304 1287 2338 et
1304 2297 1562 2352 dysenterias
1573 2297 1662 2350 jam
1679 2297 1836 2338 exoles—

378 2372 521 2406 centcs
543 2366 712 2419 segnius
732 2367 1034 2420 promovente,)
1055 2366 1249 2407 Variolae
1269 2371 1435 2419 praeter
1450 2365 1619 2405 solitum
1639 2364 1719 2405 hoc
1736 2378 1837 2418 quo-

379 2447 457 2486 que
478 2440 666 2487 tempore
688 2434 1002 2487 grassabantur,
1025 2440 1151 2487 atque
1172 2434 1231 2474 ita
1251 2447 1370 2487 pares
1392 2432 1641 2485 dysenteriis
1663 2445 1836 2473 concur-

378 2501 546 2551 rebant,
568 2508 614 2542 ut
636 2502 748 2542 haud
767 2502 889 2543 facile
913 2508 1021 2543 esset
1043 2503 1169 2550 dictu,
1193 2502 1282 2555 quis
1303 2501 1476 2542 morbus
1500 2501 1640 2554 plures
1661 2514 1836 2554 occupa-

377 2575 464 2617 ret;
497 2569 593 2609 licet
619 2570 839 2623 (quantum
861 2584 939 2623 ego
965 2570 1242 2624 conjectando
1262 2569 1403 2621 valui,)
1426 2569 1663 2622 praevalere
1684 2568 1835 2622 dysen-

377 2635 482 2675 teria
503 2637 639 2678 adhuc
660 2638 882 2678 videretur.
945 2637 1059 2679 Quin
1080 2643 1122 2678 et
1143 2638 1222 2678 hae
1243 2637 1370 2678 etiam
1391 2637 1599 2687 Variolae,
1622 2636 1676 2677 ad
1696 2649 1835 2677 exem-

379 2703 492 2755 plum
530 2704 855 2757 epidemicorum
889 2706 1066 2746 aliorum
1103 2705 1397 2759 quorumhbet‚
1427 2704 1564 2758 primo
1596 2703 1740 2744 statim
1771 2702 1835 2744 in-

378 2771 490 2810 sultu
531 2773 754 2813 atrociores
790 2780 924 2824 erant,
957 2780 1083 2828 atque
1123 2774 1257 2814 indies
1292 2772 1658 2814 increbrescebant
1699 2771 1833 2812 donec

377 2838 426 2876 ad
455 2845 609 2879 statum
634 2842 934 2893 pervenissent,
957 2856 1081 2896 quem
1109 2843 1237 2883 semel
1258 2848 1555 2893 transgressae,
1577 2846 1669 2880 tum
1696 2839 1835 2892 quoad

420 2928 428 2937 '
455 2923 550 2953 1300ss
569 2925 625 2953 115¹(-
643 2937 708 2965 vap.
728 2927 758 2955 in
777 2927 845 2956 edd.
865 2929 925 2963 '1543’
945 2928 1005 2957 RS.
1111 2924 1121 2943 s
1145 2939 1246 2958 annor.
1265 2926 1332 2966 Suc]
1351 2926 1439 2964 hujus
1459 2927 1686 2954 mefftntionis
1703 2924 1750 2955 ed.
1770 2923 1833 2955 76.
