1985 3308
371 159 459 200 442
797 158 1055 199 THOMAE
1089 156 1335 199 SYDENH
1339 156 1431 198 AM

179 277 234 307 Da
253 275 341 305 Pon·
372 266 544 307 senibus
565 265 826 316 conceditur,
849 279 892 306 se
919 264 1085 306 abdicat
1100 282 1110 315 3
1143 264 1215 318 qui
1235 265 1324 318 jam
1345 263 1391 302 in
1411 260 1564 302 ultima
1582 259 1695 301 vitae
1716 273 1843 301 scena

213 328 316 348 ΛΕΜ·
373 334 426 375 ab
456 349 604 375 earum
630 334 860 374 libidinum
886 334 1063 387 impetu,
1087 346 1206 386 quac,
1229 346 1307 372 ceu
1333 335 1399 370 tot
1426 329 1598 370 rabidae
1622 329 1749 379 ferae,
1772 343 1842 369 eos

374 416 450 457 per
470 402 694 456 juventam
723 415 891 442 omnem
922 401 996 440 diu
1022 405 1238 452 noctuque
1266 398 1385 452 quasi
1410 397 1645 448 laniabant,
1667 397 1844 438 tandem

378 470 607 524 aliquando
629 475 730 510 sunt
753 468 1034 521 emancipati:
1066 481 1165 507 cum
1190 467 1346 507 horum
1372 466 1642 519 appetituum
1663 465 1844 519 expletio

374 539 495 579 nullo
530 538 658 578 modo
698 538 876 590 longum
911 535 1016 575 illud
1053 535 1264 575 malorum
1299 548 1467 587 agmen,
1503 533 1617 587 quod
1651 548 1745 574 eam
1779 534 1846 574 vel

377 606 661 648 comitabatur
681 605 748 645 vel
768 603 1083 656 insequebatur,
1105 607 1302 656 pensaret
1322 616 1526 655 unquam.
1576 602 1721 656 Atque
1741 601 1846 642 haec

378 673 429 714 de
450 673 669 725 regimine.

172 750 333 790 Regimen
443 741 551 795 [58]
599 739 804 782 Quanm‘s
846 744 991 780 autem
1031 739 1278 793 hujusmodi
1316 739 1489 793 regulae
1528 743 1620 780 tam
1661 737 1846 779 diaetam

170 793 350 873 ξ’(ᾖξὲξὲςὲζ
380 824 507 863 quam
537 813 755 849 caeterum
786 808 978 860 regimen
1009 813 1263 861 spectantes,
1287 809 1321 849 si
1350 808 1401 849 ab
1423 808 1596 848 homine
1626 806 1847 860 Podagrae

174 878 360 950 getffgzrob·
380 876 562 917 obnoxio
597 875 793 929 religiose
825 875 1116 926 observentur,
1151 890 1251 916 eum
1282 876 1334 916 ab
1366 875 1677 916 enormioribus
1708 873 1849 914 morbi

174 964 213 993 ab
230 973 319 992 euor-
379 944 610 984 insultibus
631 957 897 997 praeservare
919 949 1090 997 queant,
1114 949 1241 997 atque
1266 944 1394 984 istam
1422 942 1622 996 sanguini
1648 947 1691 983 et
1716 941 1848 995 parti-

174 1006 338 1078 ῘΙξἏἙξΓῗΕ
379 1012 459 1053 bus
482 1011 625 1052 solidis
647 1011 893 1052 firmitatem
915 1012 1152 1062 conciliare,
1171 1026 1278 1065 quae
1300 1011 1352 1052 ab
1373 1012 1447 1051 illa
1465 1011 1676 1051 malorum
1698 1009 1848 1060 Iliade,

174 1091 348 1121 insultibus
379 1081 494 1121 unde
515 1079 688 1120 morbus
714 1094 802 1120 11011
831 1080 968 1120 solum
997 1095 1123 1134 supra
1144 1081 1357 1120 humanae
1377 1080 1610 1134 patientiae
1629 1078 1751 1128 vireS,
1775 1077 1850 1118 sed

175 1139 319 1207 ξῇξξιῃζὲζ
380 1155 422 1190 et
458 1149 655 1189 funestus
688 1148 866 1188 tandem
899 1148 1107 1198 redditur,
1141 1149 1326 1189 eundem
1361 1148 1600 1188 immunem
1634 1150 1849 1201 praestare

174 1219 325 1291 fflffiiffis
379 1218 538 1271 possit,
571 1232 659 1258 11011
686 1222 833 1258 tamen
861 1218 1044 1258 efficient
1073 1223 1120 1258 ut
1149 1232 1237 1258 non
1264 1222 1359 1271 post
1385 1217 1593 1270 quaedam
1612 1215 1849 1266 intervalla,

176 1305 356 1335 immunem
379 1286 563 1326 maxime
586 1291 768 1326 exeunte
789 1285 955 1339 hyeme,
980 1286 1175 1339 Podagra
1196 1285 1450 1339 quandoque
1471 1289 1677 1325 tentetur.
1728 1283 1850 1324 Licet
1910 1311 1914 1315 -

173 1355 334 1388 prfleStflre

175 1401 239 1420 non
255 1389 348 1420 valet.
381 1354 495 1395 enim
525 1354 683 1394 aestivo
711 1359 914 1407 tempore,
939 1354 1042 1394 dum
1070 1359 1198 1395 tonus
1226 1355 1428 1406 vigorque
1457 1352 1677 1406 sanguinis
1706 1367 1730 1392 a
1751 1351 1851 1392 solis

381 1422 518 1463 calore
551 1422 758 1461 excitatus
786 1422 915 1462 fuerit
944 1427 985 1462 et
1011 1422 1057 1462 in
1086 1427 1202 1462 statu
1227 1426 1512 1471 conservatus,
1535 1426 1578 1461 et
1598 1420 1758 1473 pariter
1779 1419 1849 1460 de-

380 1490 472 1530 bita
491 1489 722 1529 humorum
743 1503 818 1542 per
844 1504 968 1543 poros
997 1490 1232 1530 eliminatio
1254 1503 1329 1542 pro
1349 1494 1447 1529 voto
1477 1488 1690 1538 successit,
1713 1487 1850 1528 omni-

381 1573 438 1599 no
461 1562 627 1611 oportet
654 1563 703 1598 ut
733 1558 944 1598 coctiones
969 1558 1096 1610 longe
1117 1557 1268 1597 melius
1291 1571 1419 1610 quam
1439 1556 1592 1611 hyeme
1613 1556 1851 1596 celebratae

381 1627 543 1667 fuerint
560 1643 570 1676 ;
617 1631 776 1676 tamen,
812 1640 910 1666 cum
941 1631 1168 1679 appetente
1202 1625 1356 1665 bruma
1391 1629 1434 1665 et
1470 1624 1691 1678 sanguinis
1721 1624 1854 1665 robur

382 1696 512 1736 fuerit
541 1695 834 1745 imminutum,
858 1700 897 1734 ct
930 1694 1181 1748 perspiratio
1207 1708 1282 1747 per
1310 1693 1419 1733 cutis
1446 1707 1570 1746 poros
1594 1692 1853 1746 impeditior,

383 1776 555 1804 necesse
584 1767 647 1803 est
675 1768 722 1802 ut
754 1763 906 1815 ingens
938 1762 1141 1802 materiae
1168 1761 1408 1814 indigestae
1436 1760 1632 1801 colluvies
1654 1760 1709 1801 sit
1731 1774 1854 1801 accu-

385 1830 560 1880 mulata,
585 1844 691 1883 quae
724 1830 901 1870 tandem
934 1829 1139 1869 diuturna
1170 1843 1289 1869 mora
1315 1828 1362 1868 in
1391 1828 1571 1882 speciem
1591 1833 1853 1883 prorumpet,

386 1898 564 1953 propriis
600 1912 643 1938 80
675 1912 848 1938 exerens
885 1897 1180 1950 symptomatis
1217 1902 1260 1937 et
1295 1911 1596 1950 paroxysmum
1630 1897 1855 1947 inducens,

389 1966 704 2020 quamprimum
721 1966 786 2006 vel
801 1965 852 2006 ab
870 1965 1100 2006 humorum
1114 1970 1248 2015 motu,
1273 1965 1324 2005 ab
1340 1979 1511 2006 accessu
1528 1966 1625 2006 solis
1645 1965 1854 2019 propiore,

387 2036 475 2076 vini
494 2036 726 2089 potatione,
750 2035 949 2076 exercitio
974 2034 1292 2085 vehementiori,
1316 2040 1389 2075 aut
1415 2035 1497 2075 alia
1522 2049 1648 2076 causa
1668 2034 1857 2076 evidenti

389 2118 654 2157 quacunque,
678 2118 782 2144 ansa
803 2104 939 2144 detur.

184 2184 296 2215 Totius
308 2194 372 2214 cor·
456 2171 563 2225 [59]
602 2172 668 2212 Ex
694 2172 784 2225 jam
816 2171 940 2212 dictis
964 2172 1113 2226 liquet,
1136 2185 1246 2222 eum,
1270 2171 1343 2225 qui
1372 2171 1551 2225 hujusce
1571 2170 1711 2212 morbi
1735 2185 1855 2212 cura-

185 2228 270 2267 poris
286 2228 343 2258 ha·
391 2239 553 2280 tionem
580 2240 768 2290 molitur,
790 2240 833 2280 id
859 2240 1022 2293 negotii
1049 2240 1129 2280 sibi
1157 2240 1247 2280 dari
1274 2240 1427 2281 debere
1449 2240 1632 2290 credere,
1653 2244 1702 2280 ut
1723 2239 1858 2280 totius

186 2270 280 2305 bitus,
296 2281 371 2310 quo-

186 2313 225 2342 ad
243 2314 324 2362 fieri.
393 2308 578 2362 corporis
599 2308 796 2349 habitum
817 2308 1031 2359 immutet,
1055 2313 1181 2362 atque
1203 2308 1309 2348 illud
1331 2308 1383 2348 ad
1404 2308 1630 2358 pristinam
1650 2308 1859 2348 constitu-

186 2363 349 2438 ξὲζὲῗζζῗ
393 2377 556 2417 tionem
577 2377 773 2429 refingat,
793 2382 1003 2430 quantum
1024 2390 1099 2430 per
1114 2382 1300 2417 aetatem
1317 2381 1358 2416 et
1375 2376 1558 2429 reliquas
1580 2376 1858 2417 circumstan-

189 2443 374 2514 ζὲζζέιῐὲδῑη·
394 2445 475 2485 tias
506 2445 597 2485 fieri
624 2444 785 2498 possit,
821 2445 932 2498 quod
964 2444 1010 2484 in
1037 2459 1388 2498 paroxysmorum
1414 2444 1670 2494 interstitiis,
1696 2457 1786 2484 non
1812 2443 1860 2483 in

191 2532 238 2556 est
255 2527 372 2557 immu-
393 2513 493 2565 ipsis
524 2512 798 2566 paroxysmis,
821 2512 1104 2553 annitendum
1133 2516 1209 2553 est.
1272 2512 1382 2553 Cum
1413 2512 1528 2552 enim
1558 2511 1697 2552 morbi
1725 2511 1860 2552 fomes

191 2569 330 2652 {ff‘dgs's
394 2595 483 2621 1100
505 2581 642 2621 solum
665 2586 904 2634 generatus,
923 2580 996 2621 sed
1017 2586 1059 2621 et
1080 2580 1125 2621 in
1147 2581 1346 2621 articulos
1362 2581 1453 2634 jam
1475 2580 1697 2633 ablegatus
1716 2578 1860 2629 fuerit,

189 2633 361 2696 miiislexi'
397 2663 489 2689 sero
522 2649 650 2689 nimis
680 2650 746 2690 vel
777 2649 967 2703 ejusdem
997 2649 1283 2690 mutationem
1311 2649 1378 2689 vel
1413 2648 1751 2689 eliminationem
1784 2660 1861 2701 per

191 2708 382 2788 ᾗζῑέἒῑοο(;’ῐᾶ·
398 2716 498 2756 alias
519 2717 605 2757 vias
627 2717 877 2758 conabimur
889 2734 900 2767 3
933 2731 1031 2758 cum
1052 2731 1141 2757 non
1163 2717 1244 2758 alia
1267 2715 1470 2757 methodo
1489 2716 1601 2756 foras
1628 2714 1860 2770 ejiciendus

191 2792 383 2865 {ntfebrssus
399 2785 465 2834 sit,
489 2800 616 2838 quam
644 2800 693 2826 ea
721 2801 849 2840 quam
876 2786 1046 2827 Natura
1073 2789 1399 2841 praemonstrat,
1422 2785 1491 2826 cui
1512 2784 1589 2825 soli
1609 2784 1861 2837 permitten-

193 2845 226 2865 ῙΓΙ
245 2846 322 2865 erun
342 2855 354 2860 -

195 2878 363 2917 tentibus‚)
400 2851 477 2891 (1118
505 2853 680 2894 omnino
705 2860 781 2895 est.
845 2853 971 2895 Quod
997 2859 1039 2895 et
1070 2854 1116 2894 in
1145 2854 1330 2894 febrium
1359 2853 1742 2894 intermittentium
1765 2865 1860 2906 par-

192 2921 381 2994 ἒὲῑὲἓὲῐῐευ-
397 2921 583 2973 oxysmis
609 2935 691 2961 usu
711 2922 841 2973 venit,
866 2937 969 2976 quas
991 2922 1044 2964 ob
1067 2922 1248 2963 eandem
1269 2935 1440 2963 causam
1460 2921 1657 2962 remediis
1678 2934 1768 2962 non
1788 2934 1860 2974 op-
