1985 3308
264 134 787 174 OBSERVATIONUM
820 132 1193 174 MEDICARUM
1227 139 1302 172 ΙΙΙ.
1329 142 1360 172 2.
1462 136 1542 175 123

90 238 206 288 tudo,
251 239 521 289 vomituritio,
563 244 641 280 etc.
683 239 910 279 immanius
956 240 1162 292 affligunt,
1214 239 1366 293 quibus
1412 240 1542 292 signis
1562 247 1746 276 Vmuomn

90 305 260 348 Medico
276 307 413 360 sagaci
434 307 562 347 etiam
583 312 681 347 ante
703 307 968 360 eruptionem
985 307 1258 347 Confluentes
1280 321 1323 347 se
1343 307 1541 360 produnt.
1562 289 1744 360 ἓζῖζζζῖἱ

89 374 378 415 Nihilominus
402 389 489 415 11011
510 375 571 415 ita
591 379 783 427 prompte
803 374 871 415 hic
899 375 944 414 in
966 375 1137 415 sudores
1159 374 1400 415 dissolvitur
1420 388 1544 427 aeger
1584 373 1719 404 ’67-’69.

88 454 135 481 ac
164 441 210 481 in
240 442 321 482 alio
349 455 501 494 genere
523 442 614 495 jam
644 455 769 494 supra
798 441 1018 494 descripto,
1041 440 1127 482 ubij
1150 455 1318 494 magua,
1340 445 1388 481 ut
1415 442 1477 491 fit,
1497 441 1543 481 in

87 508 255 549 eosdem
288 510 511 562 propensio
543 514 592 550 ut
622 509 853 562 plurimum
883 509 1161 562 praenunciat
1199 509 1403 559 Variolas,
1437 523 1542 562 quae

87 589 183 615 mox
223 582 457 629 erumpent,
504 577 679 616 minime
725 577 1005 617 confluxuras.
1089 576 1323 616 Diarrhoea
1371 576 1543 628 insuper

86 656 394 696 nonnunquam
425 644 689 696 eruptionem
730 644 953 697 praecedit,
976 647 1018 683 et
1052 643 1104 683 ad
1140 643 1252 683 diem
1278 657 1413 683 unum
1441 643 1541 683 altc-

86 723 230 750 rumve
245 714 338 763 post
359 710 474 750 illam
490 710 751 763 protrahitm·
763 728 774 760 3
798 710 909 763 quod
926 710 1096 763 quidem
1117 710 1162 749 in
1184 710 1377 750 Discreto
1393 710 1542 751 Vario-

86 776 222 817 larum
244 791 396 830 genere
417 778 609 818 nondum
630 778 735 818 mihi
757 778 935 830 contigit
957 777 1189 818 observare.

151 844 229 897 [7.]
267 845 408 885 Tertio
442 850 491 885 111
522 845 752 898 plurimum
783 845 849 885 die
880 845 1063 898 erumpit
1094 845 1250 898 species
1290 845 1406 895 haec,
1443 850 1542 886 antc

85 912 206 952 illum
237 912 474 965 aliquando,
502 913 569 952 vix
596 927 785 966 unquam
811 917 906 966 post
935 913 1055 952 illum
1069 930 1079 962 3
1114 927 1211 953 cum
1240 913 1456 953 Discretae
1478 914 1542 954 vel

85 980 175 1032 ipso
199 979 265 1020 (110
296 986 445 1032 quarto
475 981 676 1021 inclusive
708 995 731 1020 a
761 981 897 1034 primo
927 981 1090 1020 insultu
1119 980 1267 1030 morbi,
1290 981 1354 1021 vel
1383 986 1540 1034 postea,

85 1052 184 1087 ante
214 1047 333 1087 illum
360 1062 454 1088 raro
482 1048 723 1097 admodum,
755 1062 797 1088 se
825 1053 1087 1089 monstrent:
1132 1053 1375 1101 quantoque
1407 1050 1541 1104 magis

86 1119 283 1167 quartum
303 1115 422 1154 illum
454 1115 565 1155 diem
597 1116 900 1168 praeverterint
922 1115 1130 1164 Variolae‚
1151 1120 1272 1155 tanto
1294 1116 1421 1156 etiam
1443 1130 1541 1156 con-

84 1181 217 1222 fluent
256 1183 404 1235 magiS.
467 1182 669 1224 Quamvis
711 1187 854 1223 autem
898 1183 960 1235 (ut
997 1183 1248 1234 generaliter
1286 1183 1538 1236 loquamur)

85 1249 356 1290 Confluentes
401 1249 512 1290 diem
557 1255 755 1303 quartum
797 1250 864 1290 vix
898 1250 1224 1303 praestolentur,
1263 1265 1453 1304 unquam
1493 1252 1541 1291 fit

83 1322 227 1358 tamen
252 1317 363 1370 (licet
386 1317 538 1370 oppido
559 1318 679 1369 raro,)
697 1322 745 1357 ut
762 1318 814 1357 ob
838 1318 1019 1358 atrocius
1041 1317 1209 1370 aliquod
1231 1323 1469 1371 symptoma
1490 1319 1543 1358 ad

85 1389 281 1438 quartum
310 1385 377 1425 vel
408 1385 605 1438 quintum
635 1399 768 1438 usque
799 1385 910 1424 diem
942 1385 1162 1425 differatur
1192 1386 1382 1438 erupti03
1427 1385 1543 1426 verbi

84 1452 230 1506 gratia,
267 1453 534 1493 acutissimus
575 1452 705 1502 dolor,
746 1466 861 1493 nunc
896 1453 942 1492 in
982 1453 1154 1505 regione
1193 1452 1435 1493 lumborum
1470 1467 1542 1506 pa-

82 1520 266 1574 roxysmi
292 1520 518 1573 nephritici
546 1521 748 1570 aemulus,
771 1534 886 1561 nunc
916 1521 962 1560 in
992 1521 1122 1560 latere
1147 1521 1280 1574 qualis
1300 1521 1542 1574 pleuriticos

82 1592 216 1638 vexat,
249 1587 389 1628 nunck
421 1588 467 1627 in
497 1588 673 1628 artubus
711 1593 756 1628 ut
789 1588 835 1628 in
866 1588 1184 1638 rheumatismo,
1206 1602 1322 1628 nunc
1358 1588 1541 1641 denique

81 1655 127 1695 in
146 1655 378 1696 ventriculo
399 1669 496 1696 cum
524 1655 689 1707 ingenti
714 1656 978 1708 aegritudine
1000 1660 1041 1695 et
1062 1656 1224 1696 vomitu
1245 1657 1419 1706 enormi,
1442 1662 1541 1697 ante

83 1723 347 1777 eruptionem
368 1737 541 1776 aegrum
568 1723 719 1776 fatigat
745 1724 960 1776 angitque.
1024 1724 1153 1764 Hisce
1173 1724 1219 1764 111
1240 1725 1404 1765 casibus
1430 1725 1541 1777 (licet

82 1790 369 1844 infrequentes
391 1791 504 1843 sint,)
521 1790 713 1831 Variolas
730 1791 852 1831 soh‘to
869 1791 1000 1831 serius
1014 1805 1233 1846 erumpere
1250 1793 1539 1843 animadverti,

82 1863 229 1912 utpote
269 1858 320 1898 ab
361 1858 536 1898 immani
577 1863 910 1911 symptomatum
954 1859 1164 1900 dictorum
1203 1860 1402 1901 violentia
1441 1875 1539 1902 con-

84 1927 249 1967 strictas
289 1931 415 1978 atque
449 1926 699 1979 impeditas,
742 1941 848 1980 (111110
889 1927 1058 1980 (1111(10111
1095 1933 1378 1982 symptomata
1409 1929 1540 1969 solitis

83 1993 397 2034 vehementiora
424 2007 521 2033 cum
549 2007 703 2046 agmen
730 1993 900 2044 ducant,
922 1995 1028 2034 mihi
1056 1996 1155 2035 satis
1184 2002 1326 2050 aperte
1349 1997 1541 2037 indicant

85 2066 301 2101 secuturas
322 2060 525 2109 Variolasj
548 2065 589 2100 et
612 2073 633 2099 e
656 2059 973 2101 Confluentium
995 2075 1147 2114 genere
1169 2076 1269 2112 esse,
1292 2068 1333 2104 et
1354 2064 1540 2116 periculo

85 2130 259 2169 minime
279 2142 437 2169 vacare.

143 2197 221 2251 [8.]
259 2198 317 2238 At
335 2211 430 2238 vero
449 2196 575 2250 (quod
586 2197 675 2250 jam
688 2196 877 2249 proxime
891 2196 1145 2249 dicendum,)
1162 2197 1259 2238 licet
1276 2198 1321 2237 in
1337 2198 1541 2238 Discretis

84 2279 180 2306 mox
216 2265 268 2305 ab
305 2265 525 2317 eruptione
566 2263 643 2316 (uti
684 2263 846 2304 dictum
887 2266 978 2316 est,)
1023 2278 1128 2317 quae
1163 2265 1300 2305 morbi
1335 2265 1541 2306 insultum

85 2333 396 2374 comitabantur
440 2336 724 2385 symptomata
768 2330 933 2370 nullum
974 2331 1064 2384 jam
1111 2332 1290 2384 amplius
1334 2332 1543 2373 facessant

84 2401 316 2454 negotium,
330 2401 375 2440 in
392 2398 716 2440 Confluentibus
737 2397 862 2450 longe
883 2397 1004 2437 aliter
1025 2411 1067 2437 se
1087 2411 1152 2437 res
1175 2398 1314 2448 habet,
1337 2412 1434 2439 cum
1454 2404 1543 2439 tam

84 2469 212 2510 febris
233 2483 359 2522 quam
388 2468 469 2508 alia
489 2471 774 2520 symptomata
801 2466 929 2506 etiam
951 2466 1003 2506 ad
1024 2466 1179 2507 multos
1202 2467 1289 2507 dies
1311 2481 1335 2507 a
1354 2467 1542 2520 pustula-

84 2551 180 2577 rum
201 2536 420 2590 eruptione
445 2549 619 2588 aegrum
641 2533 908 2574 discrucient.

149 2602 228 2657 [9.]
266 2602 461 2642 Variolae
482 2601 618 2641 dictae
646 2614 761 2640 nunc
789 2600 1049 2653 erysipelatis
1073 2601 1172 2652 ritu,
1194 2616 1309 2642 nunc
1330 2602 1542 2644 morbillo-

85 2683 180 2710 rum
208 2673 450 2722 erumpunt,
483 2682 508 2708 a
538 2667 689 2721 quibus
723 2681 810 2707 non
841 2667 924 2707 nisi
957 2681 981 2707 a
1013 2668 1185 2709 Medico
1214 2670 1259 2709 in
1291 2670 1356 2710 his
1385 2670 1543 2711 morbis

84 2736 364 2776 versatissimo
395 2735 730 2788 distinguuntur,
763 2733 911 2773 saltem
943 2735 1080 2787 quoad
1115 2735 1266 2776 faciem
1297 2741 1542 2787 externam,

85 2817 184 2844 nam
206 2803 277 2856 qui
299 2802 351 2843 ad
372 2802 512 2856 dispar
532 2802 576 2841 in
598 2806 777 2853 utroque
799 2800 945 2840 morbo
967 2802 1199 2854 eruptionis
1221 2808 1400 2857 tempus,
1424 2804 1543 2845 alias-

167 2888 177 2914 J
202 2886 442 2926 ubi-confluam]
461 2897 520 2917 om.
540 2887 586 2916 ed.
606 2885 666 2917 '702
911 2883 923 2903 ¹*
949 2887 1233 2927 ›ennc—rlwnma!.]
1251 2898 1310 2919 0111.
1330 2889 1376 2918 ed.
1396 2889 1456 2920 765.
