<?xml version="1.0" encoding="UTF-8"?>
<!DOCTYPE html PUBLIC "-//W3C//DTD XHTML 1.0 Transitional//EN"
    "http://www.w3.org/TR/xhtml1/DTD/xhtml1-transitional.dtd">
<html xmlns="http://www.w3.org/1999/xhtml" xml:lang="en" lang="en">
 <head>
  <title>
</title>
<meta http-equiv="Content-Type" content="text/html;charset=utf-8" />
  <meta name='ocr-system' content='tesseract 3.04.00' />
  <meta name='ocr-capabilities' content='ocr_page ocr_carea ocr_par ocr_line ocrx_word'/>
</head>
<body>
  <div class='ocr_page' id='page_1' title='image "./thomaesydenhammd00sydeuoft_0608.png"; bbox 0 0 1985 3308; ppageno 0'>
   <div class='ocr_carea' id='block_1_1' title="bbox 392 138 1447 179">
    <p class='ocr_par' dir='ltr' id='par_1_1' title="bbox 392 138 1447 179">
     <span class='ocr_line' id='line_1_1' title="bbox 392 138 1447 179; baseline 0.001 -1"><span class='ocrx_word' id='word_1_1' title='bbox 392 138 476 178; x_wconf 85' lang='lat'>572</span> <span class='ocrx_word' id='word_1_2' title='bbox 801 138 1060 179; x_wconf 84' lang='lat' dir='ltr'><strong>THOMAE</strong></span> <span class='ocrx_word' id='word_1_3' title='bbox 1102 138 1447 179; x_wconf 88' lang='lat' dir='ltr'><strong>SYDENHAM</strong></span> 
     </span>
    </p>
   </div>
   <div class='ocr_carea' id='block_1_2' title="bbox 192 243 1856 910">
    <p class='ocr_par' dir='ltr' id='par_1_2' title="bbox 192 243 1856 420">
     <span class='ocr_line' id='line_1_2' title="bbox 200 243 1855 296; baseline 0.001 -14"><span class='ocrx_word' id='word_1_4' title='bbox 200 252 253 282; x_wconf 64' lang='lat' dir='ltr'>Dr:</span> <span class='ocrx_word' id='word_1_5' title='bbox 276 252 372 282; x_wconf 71' lang='lat' dir='ltr'>opu·</span> <span class='ocrx_word' id='word_1_6' title='bbox 454 243 500 283; x_wconf 88' lang='lat' dir='ltr'>Si</span> <span class='ocrx_word' id='word_1_7' title='bbox 519 243 584 283; x_wconf 87' lang='lat' dir='ltr'>his</span> <span class='ocrx_word' id='word_1_8' title='bbox 605 243 803 284; x_wconf 82' lang='lat' dir='ltr'><strong>remediis</strong></span> <span class='ocrx_word' id='word_1_9' title='bbox 831 244 1008 284; x_wconf 85' lang='lat' dir='ltr'>affectus</span> <span class='ocrx_word' id='word_1_10' title='bbox 1033 243 1149 284; x_wconf 86' lang='lat' dir='ltr'>haud</span> <span class='ocrx_word' id='word_1_11' title='bbox 1177 244 1313 293; x_wconf 86' lang='lat' dir='ltr'>cedat,</span> <span class='ocrx_word' id='word_1_12' title='bbox 1334 247 1553 296; x_wconf 81' lang='lat' dir='ltr'>repetatur</span> <span class='ocrx_word' id='word_1_13' title='bbox 1573 244 1855 285; x_wconf 85' lang='lat' dir='ltr'>venae-sectio</span> 
     </span>
     <span class='ocr_line' id='line_1_3' title="bbox 192 303 1856 366; baseline 0.001 -15"><span class='ocrx_word' id='word_1_14' title='bbox 192 303 368 345; x_wconf 63' lang='lat' dir='ltr'>mmm.</span> <span class='ocrx_word' id='word_1_15' title='bbox 395 311 525 352; x_wconf 86' lang='lat' dir='ltr'>semel</span> <span class='ocrx_word' id='word_1_16' title='bbox 545 312 609 351; x_wconf 74' lang='lat' dir='ltr'>vel</span> <span class='ocrx_word' id='word_1_17' title='bbox 631 311 708 361; x_wconf 87' lang='lat' dir='ltr'>bis,</span> <span class='ocrx_word' id='word_1_18' title='bbox 735 311 972 365; x_wconf 84' lang='lat' dir='ltr'>(praecipue</span> <span class='ocrx_word' id='word_1_19' title='bbox 993 311 1028 352; x_wconf 93' lang='lat' dir='ltr'>si</span> <span class='ocrx_word' id='word_1_20' title='bbox 1049 311 1222 364; x_wconf 86' lang='lat' dir='ltr'>sanguis</span> <span class='ocrx_word' id='word_1_21' title='bbox 1242 311 1490 364; x_wconf 84' lang='lat' dir='ltr'><strong>pleuriticus</strong></span> <span class='ocrx_word' id='word_1_22' title='bbox 1511 311 1782 366; x_wconf 53' lang='lat' dir='ltr'>apparuerit)</span> <span class='ocrx_word' id='word_1_23' title='bbox 1805 315 1856 352; x_wconf 85' lang='lat' dir='ltr'>ut</span> 
     </span>
     <span class='ocr_line' id='line_1_4' title="bbox 395 379 763 420; baseline -0.003 0"><span class='ocrx_word' id='word_1_24' title='bbox 395 379 523 420; x_wconf 83' lang='lat' dir='ltr'>etiam</span> <span class='ocrx_word' id='word_1_25' title='bbox 545 380 763 420; x_wconf 82' lang='lat' dir='ltr'>catharsis.</span> 
     </span>
    </p>

    <p class='ocr_par' dir='ltr' id='par_1_3' title="bbox 393 445 1856 636">
     <span class='ocr_line' id='line_1_5' title="bbox 451 445 1855 500; baseline -0.001 -12"><span class='ocrx_word' id='word_1_26' title='bbox 451 446 681 488; x_wconf 87' lang='lat' dir='ltr'>Abstineat</span> <span class='ocrx_word' id='word_1_27' title='bbox 703 446 754 487; x_wconf 90' lang='lat' dir='ltr'>ab</span> <span class='ocrx_word' id='word_1_28' title='bbox 776 461 857 486; x_wconf 91' lang='lat' dir='ltr'>usu</span> <span class='ocrx_word' id='word_1_29' title='bbox 878 446 965 486; x_wconf 66' lang='lat' dir='ltr'>vini</span> <span class='ocrx_word' id='word_1_30' title='bbox 990 451 1032 487; x_wconf 93' lang='lat' dir='ltr'>et</span> <span class='ocrx_word' id='word_1_31' title='bbox 1054 446 1236 500; x_wconf 68' lang='lat' dir='ltr'>cujusvis</span> <span class='ocrx_word' id='word_1_32' title='bbox 1263 446 1438 500; x_wconf 88' lang='lat' dir='ltr'>liquoris</span> <span class='ocrx_word' id='word_1_33' title='bbox 1460 446 1668 499; x_wconf 84' lang='lat' dir='ltr'>generosi,</span> <span class='ocrx_word' id='word_1_34' title='bbox 1692 445 1745 486; x_wconf 91' lang='lat' dir='ltr'>ab</span> <span class='ocrx_word' id='word_1_35' title='bbox 1771 460 1855 487; x_wconf 90' lang='lat' dir='ltr'>usu</span> 
     </span>
     <span class='ocr_line' id='line_1_6' title="bbox 394 513 1856 564; baseline -0.001 -8"><span class='ocrx_word' id='word_1_36' title='bbox 394 515 523 556; x_wconf 88' lang='lat' dir='ltr'>etiam</span> <span class='ocrx_word' id='word_1_37' title='bbox 544 514 735 555; x_wconf 87' lang='lat' dir='ltr'>ciborum</span> <span class='ocrx_word' id='word_1_38' title='bbox 751 519 873 554; x_wconf 89' lang='lat' dir='ltr'>coctu</span> <span class='ocrx_word' id='word_1_39' title='bbox 891 513 1125 554; x_wconf 89' lang='lat' dir='ltr'>difficilium</span> <span class='ocrx_word' id='word_1_40' title='bbox 1146 519 1189 554; x_wconf 91' lang='lat' dir='ltr'>et</span> <span class='ocrx_word' id='word_1_41' title='bbox 1211 514 1296 554; x_wconf 88' lang='lat' dir='ltr'>sale</span> <span class='ocrx_word' id='word_1_42' title='bbox 1318 514 1588 554; x_wconf 88' lang='lat' dir='ltr'>conditorum</span> <span class='ocrx_word' id='word_1_43' title='bbox 1600 531 1612 564; x_wconf 79' lang='lat'><em>3</em></span> <span class='ocrx_word' id='word_1_44' title='bbox 1644 518 1684 554; x_wconf 90' lang='lat' dir='ltr'>et</span> <span class='ocrx_word' id='word_1_45' title='bbox 1706 513 1856 554; x_wconf 85' lang='lat' dir='ltr'>diebus</span> 
     </span>
     <span class='ocr_line' id='line_1_7' title="bbox 393 581 1437 636; baseline 0 -14"><span class='ocrx_word' id='word_1_46' title='bbox 393 583 507 623; x_wconf 89' lang='lat' dir='ltr'>inter</span> <span class='ocrx_word' id='word_1_47' title='bbox 526 582 801 636; x_wconf 82' lang='lat' dir='ltr'>purgationes</span> <span class='ocrx_word' id='word_1_48' title='bbox 821 581 941 622; x_wconf 82' lang='lat' dir='ltr'>bibat</span> <span class='ocrx_word' id='word_1_49' title='bbox 963 582 1240 636; x_wconf 78' lang='lat' dir='ltr'>hydrogalam</span> <span class='ocrx_word' id='word_1_50' title='bbox 1261 586 1437 623; x_wconf 86' lang='lat' dir='ltr'>coctam.</span> 
     </span>
    </p>

    <p class='ocr_par' dir='ltr' id='par_1_4' title="bbox 395 649 1856 910">
     <span class='ocr_line' id='line_1_8' title="bbox 452 649 1856 704; baseline -0.001 -13"><span class='ocrx_word' id='word_1_51' title='bbox 452 651 582 700; x_wconf 88' lang='lat' dir='ltr'>Nota,</span> <span class='ocrx_word' id='word_1_52' title='bbox 606 649 718 703; x_wconf 91' lang='lat' dir='ltr'>quod</span> <span class='ocrx_word' id='word_1_53' title='bbox 749 663 872 703; x_wconf 89' lang='lat' dir='ltr'>saepe</span> <span class='ocrx_word' id='word_1_54' title='bbox 903 649 1068 701; x_wconf 88' lang='lat' dir='ltr'>accidit,</span> <span class='ocrx_word' id='word_1_55' title='bbox 1097 650 1210 704; x_wconf 90' lang='lat' dir='ltr'>quod</span> <span class='ocrx_word' id='word_1_56' title='bbox 1234 649 1566 690; x_wconf 76' lang='lat' dir='ltr'>venae-sectioni</span> <span class='ocrx_word' id='word_1_57' title='bbox 1597 654 1639 690; x_wconf 89' lang='lat' dir='ltr'>et</span> <span class='ocrx_word' id='word_1_58' title='bbox 1670 649 1856 690; x_wconf 85' lang='lat' dir='ltr'>catharsi</span> 
     </span>
     <span class='ocr_line' id='line_1_9' title="bbox 395 718 1854 772; baseline 0 -14"><span class='ocrx_word' id='word_1_59' title='bbox 395 725 613 771; x_wconf 89' lang='lat' dir='ltr'>utcunque</span> <span class='ocrx_word' id='word_1_60' title='bbox 639 718 831 771; x_wconf 88' lang='lat' dir='ltr'>repetitis</span> <span class='ocrx_word' id='word_1_61' title='bbox 853 718 1132 772; x_wconf 80' lang='lat' dir='ltr'>ophthalmia</span> <span class='ocrx_word' id='word_1_62' title='bbox 1162 732 1251 759; x_wconf 92' lang='lat' dir='ltr'>non</span> <span class='ocrx_word' id='word_1_63' title='bbox 1272 718 1383 759; x_wconf 82' lang='lat' dir='ltr'>cedit</span> <span class='ocrx_word' id='word_1_64' title='bbox 1395 735 1408 768; x_wconf 79' lang='lat'>3</span> <span class='ocrx_word' id='word_1_65' title='bbox 1439 718 1519 758; x_wconf 92' lang='lat' dir='ltr'>hoc</span> <span class='ocrx_word' id='word_1_66' title='bbox 1539 718 1587 758; x_wconf 87' lang='lat' dir='ltr'>in</span> <span class='ocrx_word' id='word_1_67' title='bbox 1614 731 1715 758; x_wconf 89' lang='lat' dir='ltr'>casu</span> <span class='ocrx_word' id='word_1_68' title='bbox 1734 731 1854 771; x_wconf 88' lang='lat' dir='ltr'>pare-</span> 
     </span>
     <span class='ocr_line' id='line_1_10' title="bbox 396 786 1855 840; baseline 0.001 -14"><span class='ocrx_word' id='word_1_69' title='bbox 396 786 585 839; x_wconf 86' lang='lat' dir='ltr'>goricum</span> <span class='ocrx_word' id='word_1_70' title='bbox 616 800 666 827; x_wconf 80' lang='lat' dir='ltr'>ex</span> <span class='ocrx_word' id='word_1_71' title='bbox 697 787 842 840; x_wconf 76' lang='lat' dir='ltr'>syrupi</span> <span class='ocrx_word' id='word_1_72' title='bbox 873 786 925 827; x_wconf 87' lang='lat' dir='ltr'>de</span> <span class='ocrx_word' id='word_1_73' title='bbox 951 787 1146 828; x_wconf 86' lang='lat' dir='ltr'>meconio</span> <span class='ocrx_word' id='word_1_74' title='bbox 1181 787 1308 828; x_wconf 88' lang='lat' dir='ltr'>uncia</span> <span class='ocrx_word' id='word_1_75' title='bbox 1336 800 1425 827; x_wconf 87' lang='lat' dir='ltr'>una</span> <span class='ocrx_word' id='word_1_76' title='bbox 1452 786 1630 840; x_wconf 84' lang='lat' dir='ltr'>singulis</span> <span class='ocrx_word' id='word_1_77' title='bbox 1656 786 1855 827; x_wconf 80' lang='lat' dir='ltr'>noctibus</span> 
     </span>
     <span class='ocr_line' id='line_1_11' title="bbox 395 854 1665 910; baseline 0 -16"><span class='ocrx_word' id='word_1_78' title='bbox 395 854 631 895; x_wconf 76' lang='lat' dir='ltr'>exhibitum</span> <span class='ocrx_word' id='word_1_79' title='bbox 653 854 916 896; x_wconf 85' lang='lat' dir='ltr'>curationem</span> <span class='ocrx_word' id='word_1_80' title='bbox 937 854 1028 895; x_wconf 85' lang='lat' dir='ltr'>sine</span> <span class='ocrx_word' id='word_1_81' title='bbox 1049 855 1230 896; x_wconf 85' lang='lat' dir='ltr'>aliorum</span> <span class='ocrx_word' id='word_1_82' title='bbox 1251 854 1453 910; x_wconf 82' lang='lat' dir='ltr'>suppetiis</span> <span class='ocrx_word' id='word_1_83' title='bbox 1474 854 1665 896; x_wconf 74' lang='lat' dir='ltr'>absolvit.</span> 
     </span>
    </p>
   </div>
   <div class='ocr_carea' id='block_1_3' title="bbox 198 343 376 348">
    <p class='ocr_par' dir='ltr' id='par_1_5' title="bbox 198 343 376 348">
     <span class='ocr_line' id='line_1_12' title="bbox 198 343 376 348; baseline 0 0"><span class='ocrx_word' id='word_1_84' title='bbox 198 343 376 348; x_wconf 95' lang='lat' dir='ltr'> </span> 
     </span>
    </p>
   </div>
   <div class='ocr_carea' id='block_1_4' title="bbox 970 1097 1277 1138">
    <p class='ocr_par' dir='ltr' id='par_1_6' title="bbox 970 1097 1277 1138">
     <span class='ocr_line' id='line_1_13' title="bbox 970 1097 1277 1138; baseline -0.003 0"><span class='ocrx_word' id='word_1_85' title='bbox 970 1097 1096 1138; x_wconf 80' lang='lat' dir='ltr'>CAP.</span> <span class='ocrx_word' id='word_1_86' title='bbox 1130 1098 1277 1138; x_wconf 73' lang='lat' dir='ltr'>XIX.y</span> 
     </span>
    </p>
   </div>
   <div class='ocr_carea' id='block_1_5' title="bbox 869 1205 1374 1246">
    <p class='ocr_par' dir='ltr' id='par_1_7' title="bbox 869 1205 1374 1246">
     <span class='ocr_line' id='line_1_14' title="bbox 869 1205 1374 1246; baseline -0.002 -2"><span class='ocrx_word' id='word_1_87' title='bbox 869 1205 934 1244; x_wconf 87' lang='lat' dir='ltr'>De</span> <span class='ocrx_word' id='word_1_88' title='bbox 961 1205 1076 1244; x_wconf 81' lang='lat' dir='ltr'>Uterz&#39;</span> <span class='ocrx_word' id='word_1_89' title='bbox 1096 1205 1374 1246; x_wconf 73' lang='lat' dir='ltr'>Prociclentia.</span> 
     </span>
    </p>
   </div>
   <div class='ocr_carea' id='block_1_6' title="bbox 186 1290 1853 1859">
    <p class='ocr_par' dir='ltr' id='par_1_8' title="bbox 186 1290 1378 1337">
     <span class='ocr_line' id='line_1_15' title="bbox 186 1290 1378 1337; baseline 0.003 -12"><span class='ocrx_word' id='word_1_90' title='bbox 186 1290 360 1321; x_wconf 79' lang='lat' dir='ltr'><strong>CURATIO·</strong></span> <span class='ocrx_word' id='word_1_91' title='bbox 391 1292 524 1337; x_wconf 83' lang='lat' dir='ltr'>[Form.</span> <span class='ocrx_word' id='word_1_92' title='bbox 547 1294 641 1336; x_wconf 89' lang='lat'>190.]</span> <span class='ocrx_word' id='word_1_93' title='bbox 654 1296 668 1310; x_wconf 84' lang='lat'>²</span> <span class='ocrx_word' id='word_1_94' title='bbox 725 1291 765 1335; x_wconf 70' lang='lat' dir='ltr'>R</span> <span class='ocrx_word' id='word_1_95' title='bbox 792 1293 941 1328; x_wconf 87' lang='lat' dir='ltr'>Corticis</span> <span class='ocrx_word' id='word_1_96' title='bbox 959 1294 1116 1334; x_wconf 86' lang='lat' dir='ltr'>Quercus</span> <span class='ocrx_word' id='word_1_97' title='bbox 1135 1295 1256 1328; x_wconf 83' lang='lat' dir='ltr'>uncias</span> <span class='ocrx_word' id='word_1_98' title='bbox 1272 1294 1378 1335; x_wconf 72' lang='lat' dir='ltr'>‹luas3</span> 
     </span>
    </p>

    <p class='ocr_par' dir='ltr' id='par_1_9' title="bbox 577 1343 1851 1442">
     <span class='ocr_line' id='line_1_16' title="bbox 577 1343 1851 1396; baseline 0.002 -13"><span class='ocrx_word' id='word_1_99' title='bbox 577 1350 698 1394; x_wconf 89' lang='lat' dir='ltr'>Coque</span> <span class='ocrx_word' id='word_1_100' title='bbox 717 1351 754 1384; x_wconf 89' lang='lat' dir='ltr'>in</span> <span class='ocrx_word' id='word_1_101' title='bbox 771 1362 883 1396; x_wconf 86' lang='lat' dir='ltr'>aquae</span> <span class='ocrx_word' id='word_1_102' title='bbox 907 1351 1071 1386; x_wconf 85' lang='lat' dir='ltr'>fontanae</span> <span class='ocrx_word' id='word_1_103' title='bbox 1088 1352 1185 1385; x_wconf 86' lang='lat' dir='ltr'>libris</span> <span class='ocrx_word' id='word_1_104' title='bbox 1203 1359 1353 1396; x_wconf 82' lang='lat' dir='ltr'>quatuor</span> <span class='ocrx_word' id='word_1_105' title='bbox 1371 1350 1415 1385; x_wconf 84' lang='lat' dir='ltr'>ad</span> <span class='ocrx_word' id='word_1_106' title='bbox 1431 1351 1535 1385; x_wconf 87' lang='lat' dir='ltr'>libras</span> <span class='ocrx_word' id='word_1_107' title='bbox 1553 1343 1651 1393; x_wconf 55' lang='lat' dir='ltr'>duim,</span> <span class='ocrx_word' id='word_1_108' title='bbox 1668 1352 1730 1385; x_wconf 91' lang='lat' dir='ltr'>sub</span> <span class='ocrx_word' id='word_1_109' title='bbox 1746 1351 1851 1385; x_wconf 87' lang='lat' dir='ltr'>finem</span> 
     </span>
     <span class='ocr_line' id='line_1_17' title="bbox 577 1406 738 1442; baseline 0.012 -2"><span class='ocrx_word' id='word_1_110' title='bbox 577 1406 738 1442; x_wconf 82' lang='lat' dir='ltr'>addendo</span> 
     </span>
    </p>

    <p class='ocr_par' dir='ltr' id='par_1_10' title="bbox 767 1466 1623 1507">
     <span class='ocr_line' id='line_1_18' title="bbox 767 1466 1623 1507; baseline 0.002 -9"><span class='ocrx_word' id='word_1_111' title='bbox 767 1466 915 1499; x_wconf 82' lang='lat' dir='ltr'>Corticis</span> <span class='ocrx_word' id='word_1_112' title='bbox 934 1466 1172 1500; x_wconf 83' lang='lat' dir='ltr'>Granatorum</span> <span class='ocrx_word' id='word_1_113' title='bbox 1190 1467 1328 1500; x_wconf 87' lang='lat' dir='ltr'>contusi</span> <span class='ocrx_word' id='word_1_114' title='bbox 1346 1466 1486 1500; x_wconf 87' lang='lat' dir='ltr'>unciam</span> <span class='ocrx_word' id='word_1_115' title='bbox 1503 1477 1623 1507; x_wconf 88' lang='lat' dir='ltr'>unam,</span> 
     </span>
    </p>

    <p class='ocr_par' dir='ltr' id='par_1_11' title="bbox 763 1523 1168 1565">
     <span class='ocr_line' id='line_1_19' title="bbox 763 1523 1168 1565; baseline 0.005 -9"><span class='ocrx_word' id='word_1_116' title='bbox 763 1523 936 1557; x_wconf 79' lang='lat' dir='ltr'>Rosarum</span> <span class='ocrx_word' id='word_1_117' title='bbox 956 1524 1168 1565; x_wconf 83' lang='lat' dir='ltr'>Rubrarum,</span> 
     </span>
    </p>

    <p class='ocr_par' dir='ltr' id='par_1_12' title="bbox 762 1579 1584 1625">
     <span class='ocr_line' id='line_1_20' title="bbox 762 1579 1584 1625; baseline 0.001 -12"><span class='ocrx_word' id='word_1_118' title='bbox 762 1580 905 1614; x_wconf 87' lang='lat' dir='ltr'>Florum</span> <span class='ocrx_word' id='word_1_119' title='bbox 923 1582 1172 1622; x_wconf 83' lang='lat' dir='ltr'>Granatorum‚</span> <span class='ocrx_word' id='word_1_120' title='bbox 1190 1593 1257 1615; x_wconf 85' lang='lat' dir='ltr'>ana</span> <span class='ocrx_word' id='word_1_121' title='bbox 1273 1581 1470 1625; x_wconf 84' lang='lat' dir='ltr'>manipulos</span> <span class='ocrx_word' id='word_1_122' title='bbox 1487 1579 1584 1622; x_wconf 88' lang='lat' dir='ltr'>duos,</span> 
     </span>
    </p>

    <p class='ocr_par' dir='ltr' id='par_1_13' title="bbox 573 1638 1853 1859">
     <span class='ocr_line' id='line_1_21' title="bbox 761 1638 1547 1678; baseline -0.001 -6"><span class='ocrx_word' id='word_1_123' title='bbox 761 1638 842 1672; x_wconf 86' lang='lat' dir='ltr'>dein</span> <span class='ocrx_word' id='word_1_124' title='bbox 860 1639 949 1672; x_wconf 86' lang='lat' dir='ltr'>adde</span> <span class='ocrx_word' id='word_1_125' title='bbox 967 1639 1051 1672; x_wconf 78' lang='lat' dir='ltr'>Vini</span> <span class='ocrx_word' id='word_1_126' title='bbox 1071 1638 1182 1672; x_wconf 84' lang='lat' dir='ltr'>Rubri</span> <span class='ocrx_word' id='word_1_127' title='bbox 1201 1639 1326 1672; x_wconf 84' lang='lat' dir='ltr'>libram</span> <span class='ocrx_word' id='word_1_128' title='bbox 1345 1638 1547 1678; x_wconf 80' lang='lat' dir='ltr'>di1nidian1;</span> 
     </span>
     <span class='ocr_line' id='line_1_22' title="bbox 576 1694 1853 1741; baseline -0.001 -12"><span class='ocrx_word' id='word_1_129' title='bbox 576 1696 746 1730; x_wconf 82' lang='lat' dir='ltr'>Colatura</span> <span class='ocrx_word' id='word_1_130' title='bbox 772 1697 816 1729; x_wconf 87' lang='lat' dir='ltr'>sit</span> <span class='ocrx_word' id='word_1_131' title='bbox 840 1707 902 1741; x_wconf 89' lang='lat' dir='ltr'>pro</span> <span class='ocrx_word' id='word_1_132' title='bbox 931 1696 1018 1736; x_wconf 86' lang='lat' dir='ltr'>fotu,</span> <span class='ocrx_word' id='word_1_133' title='bbox 1048 1697 1205 1741; x_wconf 87' lang='lat' dir='ltr'>quicum</span> <span class='ocrx_word' id='word_1_134' title='bbox 1224 1697 1350 1741; x_wconf 82' lang='lat' dir='ltr'>pannis</span> <span class='ocrx_word' id='word_1_135' title='bbox 1375 1696 1485 1729; x_wconf 86' lang='lat' dir='ltr'>laneis</span> <span class='ocrx_word' id='word_1_136' title='bbox 1507 1696 1598 1739; x_wconf 82' lang='lat' dir='ltr'>parti</span> <span class='ocrx_word' id='word_1_137' title='bbox 1623 1694 1767 1729; x_wconf 86' lang='lat' dir='ltr'>affectae</span> <span class='ocrx_word' id='word_1_138' title='bbox 1792 1694 1853 1728; x_wconf 85' lang='lat' dir='ltr'>ad-</span> 
     </span>
     <span class='ocr_line' id='line_1_23' title="bbox 574 1754 1851 1800; baseline 0.002 -13"><span class='ocrx_word' id='word_1_139' title='bbox 574 1760 756 1788; x_wconf 78' lang='lat' dir='ltr'>moveatur</span> <span class='ocrx_word' id='word_1_140' title='bbox 772 1765 876 1788; x_wconf 86' lang='lat' dir='ltr'>mane</span> <span class='ocrx_word' id='word_1_141' title='bbox 893 1754 987 1788; x_wconf 86' lang='lat' dir='ltr'>horis</span> <span class='ocrx_word' id='word_1_142' title='bbox 1003 1754 1139 1788; x_wconf 84' lang='lat' dir='ltr'>duabus</span> <span class='ocrx_word' id='word_1_143' title='bbox 1157 1761 1346 1799; x_wconf 83' lang='lat' dir='ltr'>antequam</span> <span class='ocrx_word' id='word_1_144' title='bbox 1364 1766 1382 1788; x_wconf 91' lang='lat' dir='ltr'>e</span> <span class='ocrx_word' id='word_1_145' title='bbox 1398 1754 1488 1788; x_wconf 88' lang='lat' dir='ltr'>lecto</span> <span class='ocrx_word' id='word_1_146' title='bbox 1512 1761 1682 1800; x_wconf 84' lang='lat' dir='ltr'>assurgat,</span> <span class='ocrx_word' id='word_1_147' title='bbox 1697 1760 1732 1789; x_wconf 87' lang='lat' dir='ltr'>et</span> <span class='ocrx_word' id='word_1_148' title='bbox 1748 1761 1851 1790; x_wconf 86' lang='lat' dir='ltr'>nocte</span> 
     </span>
     <span class='ocr_line' id='line_1_24' title="bbox 573 1812 1584 1859; baseline 0 -13"><span class='ocrx_word' id='word_1_149' title='bbox 573 1820 651 1857; x_wconf 86' lang='lat' dir='ltr'>post</span> <span class='ocrx_word' id='word_1_150' title='bbox 668 1812 882 1853; x_wconf 81' lang='lat' dir='ltr'>decubitum,</span> <span class='ocrx_word' id='word_1_151' title='bbox 900 1812 1010 1847; x_wconf 87' lang='lat' dir='ltr'>donec</span> <span class='ocrx_word' id='word_1_152' title='bbox 1028 1819 1223 1858; x_wconf 71' lang='lat' dir='ltr'>symptoma</span> <span class='ocrx_word' id='word_1_153' title='bbox 1241 1814 1379 1859; x_wconf 88' lang='lat' dir='ltr'>penitus</span> <span class='ocrx_word' id='word_1_154' title='bbox 1397 1815 1584 1848; x_wconf 81' lang='lat' dir='ltr'>evanuerit.</span> 
     </span>
    </p>
   </div>
   <div class='ocr_carea' id='block_1_7' title="bbox 812 2022 1429 2183">
    <p class='ocr_par' dir='ltr' id='par_1_14' title="bbox 812 2022 1429 2183">
     <span class='ocr_line' id='line_1_25' title="bbox 991 2022 1266 2063; baseline 0 0"><span class='ocrx_word' id='word_1_155' title='bbox 991 2022 1116 2063; x_wconf 90' lang='lat' dir='ltr'>CAP.</span> <span class='ocrx_word' id='word_1_156' title='bbox 1150 2022 1266 2063; x_wconf 55' lang='grc' dir='ltr'>ΧΧΞι</span> 
     </span>
     <span class='ocr_line' id='line_1_26' title="bbox 812 2130 1429 2183; baseline -0.002 -13"><span class='ocrx_word' id='word_1_157' title='bbox 812 2130 877 2170; x_wconf 80' lang='lat' dir='ltr'>De</span> <span class='ocrx_word' id='word_1_158' title='bbox 898 2131 1155 2183; x_wconf 69' lang='lat' dir='ltr'>Parooeysmo</span> <span class='ocrx_word' id='word_1_159' title='bbox 1176 2130 1429 2182; x_wconf 74' lang='lat' dir='ltr'>Nepkritz&#39;co.</span> 
     </span>
    </p>
   </div>
   <div class='ocr_carea' id='block_1_8' title="bbox 181 2219 1849 2819">
    <p class='ocr_par' dir='ltr' id='par_1_15' title="bbox 184 2219 1848 2278">
     <span class='ocr_line' id='line_1_27' title="bbox 184 2219 1848 2278; baseline 0.001 -20"><span class='ocrx_word' id='word_1_160' title='bbox 184 2228 291 2278; x_wconf 46' lang='lat' dir='ltr'>Morbi</span> <span class='ocrx_word' id='word_1_161' title='bbox 308 2230 358 2261; x_wconf 78' lang='lat' dir='ltr'>de-</span> <span class='ocrx_word' id='word_1_162' title='bbox 443 2220 631 2260; x_wconf 79' lang='lat' dir='ltr'>ADsUNr</span> <span class='ocrx_word' id='word_1_163' title='bbox 659 2220 779 2260; x_wconf 89' lang='lat' dir='ltr'>dolor</span> <span class='ocrx_word' id='word_1_164' title='bbox 809 2221 917 2260; x_wconf 76' lang='lat' dir='ltr'>fixus</span> <span class='ocrx_word' id='word_1_165' title='bbox 945 2220 991 2260; x_wconf 89' lang='lat' dir='ltr'>in</span> <span class='ocrx_word' id='word_1_166' title='bbox 1022 2219 1267 2261; x_wconf 87' lang='lat' dir='ltr'>lumborum</span> <span class='ocrx_word' id='word_1_167' title='bbox 1295 2219 1480 2272; x_wconf 86' lang='lat' dir='ltr'>regione,</span> <span class='ocrx_word' id='word_1_168' title='bbox 1501 2219 1627 2260; x_wconf 81' lang='lat' dir='ltr'>urina</span> <span class='ocrx_word' id='word_1_169' title='bbox 1657 2224 1848 2271; x_wconf 87' lang='lat' dir='ltr'>cruenta,</span> 
     </span>
    </p>

    <p class='ocr_par' dir='ltr' id='par_1_16' title="bbox 183 2278 1849 2615">
     <span class='ocr_line' id='line_1_28' title="bbox 183 2278 1849 2341; baseline 0.001 -15"><span class='ocrx_word' id='word_1_170' title='bbox 183 2278 320 2312; x_wconf 58' lang='lat' dir='ltr'>⁸⁰r¹pt¹⁰&#39;</span> <span class='ocrx_word' id='word_1_171' title='bbox 386 2288 658 2328; x_wconf 84' lang='lat' dir='ltr'>arenularum</span> <span class='ocrx_word' id='word_1_172' title='bbox 680 2291 755 2328; x_wconf 91' lang='lat' dir='ltr'>aut</span> <span class='ocrx_word' id='word_1_173' title='bbox 776 2287 924 2329; x_wconf 89' lang='lat' dir='ltr'>calculi</span> <span class='ocrx_word' id='word_1_174' title='bbox 953 2287 1149 2338; x_wconf 84' lang='lat' dir='ltr'>excretio,</span> <span class='ocrx_word' id='word_1_175' title='bbox 1173 2292 1320 2341; x_wconf 81' lang='lat' dir='ltr'>stupor</span> <span class='ocrx_word' id='word_1_176' title='bbox 1346 2286 1478 2328; x_wconf 84' lang='lat' dir='ltr'>cruris</span> <span class='ocrx_word' id='word_1_177' title='bbox 1505 2301 1528 2327; x_wconf 92' lang='lat' dir='ltr'>e</span> <span class='ocrx_word' id='word_1_178' title='bbox 1555 2287 1715 2328; x_wconf 89' lang='lat' dir='ltr'>directo</span> <span class='ocrx_word' id='word_1_179' title='bbox 1735 2287 1849 2328; x_wconf 86' lang='lat' dir='ltr'>renis</span> 
     </span>
     <span class='ocr_line' id='line_1_29' title="bbox 384 2354 1846 2409; baseline 0.001 -14"><span class='ocrx_word' id='word_1_180' title='bbox 384 2354 632 2406; x_wconf 84' lang='lat' dir='ltr'>laborantis,</span> <span class='ocrx_word' id='word_1_181' title='bbox 670 2356 791 2396; x_wconf 89' lang='lat' dir='ltr'>testis</span> <span class='ocrx_word' id='word_1_182' title='bbox 831 2356 1032 2396; x_wconf 85' lang='lat' dir='ltr'>retractio</span> <span class='ocrx_word' id='word_1_183' title='bbox 1078 2356 1168 2409; x_wconf 86' lang='lat' dir='ltr'>ejus</span> <span class='ocrx_word' id='word_1_184' title='bbox 1208 2356 1352 2396; x_wconf 86' lang='lat' dir='ltr'>lateris</span> <span class='ocrx_word' id='word_1_185' title='bbox 1398 2355 1444 2395; x_wconf 91' lang='lat' dir='ltr'>in</span> <span class='ocrx_word' id='word_1_186' title='bbox 1486 2369 1569 2408; x_wconf 89' lang='lat' dir='ltr'>quo</span> <span class='ocrx_word' id='word_1_187' title='bbox 1610 2360 1674 2396; x_wconf 88' lang='lat' dir='ltr'>est</span> <span class='ocrx_word' id='word_1_188' title='bbox 1715 2355 1846 2406; x_wconf 90' lang='lat' dir='ltr'>dolor,</span> 
     </span>
     <span class='ocr_line' id='line_1_30' title="bbox 384 2424 1846 2478; baseline 0.001 -15"><span class='ocrx_word' id='word_1_189' title='bbox 384 2437 544 2464; x_wconf 89' lang='lat' dir='ltr'>nausea</span> <span class='ocrx_word' id='word_1_190' title='bbox 560 2429 603 2464; x_wconf 89' lang='lat' dir='ltr'>et</span> <span class='ocrx_word' id='word_1_191' title='bbox 625 2424 822 2464; x_wconf 73' lang='lat' dir='ltr'>vomitus.</span> <span class='ocrx_word' id='word_1_192' title='bbox 884 2424 1018 2465; x_wconf 83' lang='lat' dir='ltr'>Dolor</span> <span class='ocrx_word' id='word_1_193' title='bbox 1039 2425 1195 2465; x_wconf 87' lang='lat' dir='ltr'>colicus</span> <span class='ocrx_word' id='word_1_194' title='bbox 1216 2424 1470 2478; x_wconf 85' lang='lat' dir='ltr'>Nephritico</span> <span class='ocrx_word' id='word_1_195' title='bbox 1491 2424 1607 2464; x_wconf 80' lang='lat' dir='ltr'>haud</span> <span class='ocrx_word' id='word_1_196' title='bbox 1628 2424 1846 2476; x_wconf 83' lang='lat' dir='ltr'>absimilis,</span> 
     </span>
     <span class='ocr_line' id='line_1_31' title="bbox 383 2493 1846 2548; baseline 0.002 -16"><span class='ocrx_word' id='word_1_197' title='bbox 383 2493 481 2533; x_wconf 90' lang='lat' dir='ltr'>licet</span> <span class='ocrx_word' id='word_1_198' title='bbox 502 2493 548 2533; x_wconf 92' lang='lat' dir='ltr'>in</span> <span class='ocrx_word' id='word_1_199' title='bbox 572 2493 827 2547; x_wconf 87' lang='lat' dir='ltr'>quibusdam</span> <span class='ocrx_word' id='word_1_200' title='bbox 849 2493 1145 2548; x_wconf 71' lang='lat' dir='ltr'>symptomatis</span> <span class='ocrx_word' id='word_1_201' title='bbox 1173 2494 1299 2547; x_wconf 83' lang='lat' dir='ltr'>plane</span> <span class='ocrx_word' id='word_1_202' title='bbox 1321 2493 1544 2547; x_wconf 86' lang='lat' dir='ltr'>discrepet,</span> <span class='ocrx_word' id='word_1_203' title='bbox 1567 2507 1674 2546; x_wconf 87' lang='lat' dir='ltr'>quae</span> <span class='ocrx_word' id='word_1_204' title='bbox 1700 2507 1846 2535; x_wconf 88' lang='lat' dir='ltr'>recen-</span> 
     </span>
     <span class='ocr_line' id='line_1_32' title="bbox 384 2560 1594 2615; baseline 0.001 -15"><span class='ocrx_word' id='word_1_205' title='bbox 384 2560 465 2601; x_wconf 86' lang='lat' dir='ltr'>sita</span> <span class='ocrx_word' id='word_1_206' title='bbox 485 2561 530 2601; x_wconf 90' lang='lat' dir='ltr'>in</span> <span class='ocrx_word' id='word_1_207' title='bbox 552 2562 690 2615; x_wconf 85' lang='lat' dir='ltr'>capite</span> <span class='ocrx_word' id='word_1_208' title='bbox 711 2562 781 2602; x_wconf 88' lang='lat' dir='ltr'>De</span> <span class='ocrx_word' id='word_1_209' title='bbox 806 2563 943 2602; x_wconf 82' lang='lat' dir='ltr'>Colica</span> <span class='ocrx_word' id='word_1_210' title='bbox 963 2563 1123 2602; x_wconf 79' lang='lat' dir='ltr'>Biliosa</span> <span class='ocrx_word' id='word_1_211' title='bbox 1143 2561 1298 2602; x_wconf 71' lang='lat' dir='ltr'>videas.</span> <span class='ocrx_word' id='word_1_212' title='bbox 1329 2561 1422 2615; x_wconf 87' lang='lat' dir='ltr'>[inf.</span> <span class='ocrx_word' id='word_1_213' title='bbox 1445 2576 1480 2602; x_wconf 89' lang='lat' dir='ltr'>c.</span> <span class='ocrx_word' id='word_1_214' title='bbox 1503 2561 1594 2615; x_wconf 68' lang='lat'>23]</span> 
     </span>
    </p>

    <p class='ocr_par' dir='ltr' id='par_1_17' title="bbox 181 2629 1846 2819">
     <span class='ocr_line' id='line_1_33' title="bbox 181 2629 1846 2683; baseline 0.001 -14"><span class='ocrx_word' id='word_1_215' title='bbox 181 2640 351 2672; x_wconf 59' lang='lat' dir='ltr'>Commo.</span> <span class='ocrx_word' id='word_1_216' title='bbox 443 2629 488 2669; x_wconf 87' lang='lat' dir='ltr'>Si</span> <span class='ocrx_word' id='word_1_217' title='bbox 510 2643 635 2683; x_wconf 82' lang='lat' dir='ltr'>aeger</span> <span class='ocrx_word' id='word_1_218' title='bbox 661 2634 1001 2683; x_wconf 86' lang='lat' dir='ltr'>temperamento</span> <span class='ocrx_word' id='word_1_219' title='bbox 1032 2630 1266 2683; x_wconf 81' lang='lat' dir='ltr'>sanguineo</span> <span class='ocrx_word' id='word_1_220' title='bbox 1287 2629 1430 2679; x_wconf 85' lang='lat' dir='ltr'>fuerit,</span> <span class='ocrx_word' id='word_1_221' title='bbox 1454 2630 1652 2670; x_wconf 86' lang='lat' dir='ltr'>mittatur</span> <span class='ocrx_word' id='word_1_222' title='bbox 1672 2629 1846 2683; x_wconf 74' lang='lat' dir='ltr'>sanguis</span> 
     </span>
     <span class='ocr_line' id='line_1_34' title="bbox 381 2696 1846 2752; baseline 0.001 -15"><span class='ocrx_word' id='word_1_223' title='bbox 381 2710 403 2736; x_wconf 86' lang='lat' dir='ltr'>e</span> <span class='ocrx_word' id='word_1_224' title='bbox 435 2697 610 2738; x_wconf 86' lang='lat' dir='ltr'>brachio</span> <span class='ocrx_word' id='word_1_225' title='bbox 646 2698 797 2739; x_wconf 87' lang='lat' dir='ltr'>affecto</span> <span class='ocrx_word' id='word_1_226' title='bbox 826 2698 938 2739; x_wconf 88' lang='lat' dir='ltr'>Reni</span> <span class='ocrx_word' id='word_1_227' title='bbox 967 2697 1243 2752; x_wconf 89' lang='lat' dir='ltr'>respondenti</span> <span class='ocrx_word' id='word_1_228' title='bbox 1275 2696 1328 2737; x_wconf 88' lang='lat' dir='ltr'>ad</span> <span class='ocrx_word' id='word_1_229' title='bbox 1360 2697 1508 2738; x_wconf 85' lang='lat' dir='ltr'>uncias</span> <span class='ocrx_word' id='word_1_230' title='bbox 1542 2697 1713 2748; x_wconf 78' lang='lat' dir='ltr'>decem3</span> <span class='ocrx_word' id='word_1_231' title='bbox 1746 2697 1846 2739; x_wconf 89' lang='lat' dir='ltr'>dein</span> 
     </span>
     <span class='ocr_line' id='line_1_35' title="bbox 379 2764 1845 2819; baseline 0.003 -14"><span class='ocrx_word' id='word_1_232' title='bbox 379 2764 553 2817; x_wconf 85' lang='lat' dir='ltr'>liquoris</span> <span class='ocrx_word' id='word_1_233' title='bbox 578 2766 786 2819; x_wconf 88' lang='lat' dir='ltr'>possetici,</span> <span class='ocrx_word' id='word_1_234' title='bbox 821 2767 889 2807; x_wconf 88' lang='lat' dir='ltr'>cui</span> <span class='ocrx_word' id='word_1_235' title='bbox 915 2766 1067 2807; x_wconf 87' lang='lat' dir='ltr'>radicis</span> <span class='ocrx_word' id='word_1_236' title='bbox 1104 2766 1294 2808; x_wconf 83' lang='lat' dir='ltr'>althaeae</span> <span class='ocrx_word' id='word_1_237' title='bbox 1329 2767 1480 2808; x_wconf 87' lang='lat' dir='ltr'>unciae</span> <span class='ocrx_word' id='word_1_238' title='bbox 1513 2767 1621 2809; x_wconf 88' lang='lat' dir='ltr'>duae</span> <span class='ocrx_word' id='word_1_239' title='bbox 1652 2768 1845 2810; x_wconf 88' lang='lat' dir='ltr'>incoctae</span> 
     </span>
    </p>
   </div>
   <div class='ocr_carea' id='block_1_9' title="bbox 422 2864 1841 2948">
    <p class='ocr_par' dir='ltr' id='par_1_18' title="bbox 422 2864 1841 2948">
     <span class='ocr_line' id='line_1_36' title="bbox 422 2864 1841 2906; baseline 0.006 -16"><span class='ocrx_word' id='word_1_240' title='bbox 422 2868 437 2890; x_wconf 73' lang='lat' dir='ltr'>‚V</span> <span class='ocrx_word' id='word_1_241' title='bbox 455 2864 504 2894; x_wconf 81' lang='lat' dir='ltr'>Cf.</span> <span class='ocrx_word' id='word_1_242' title='bbox 523 2867 653 2896; x_wconf 67' lang='lat' dir='ltr'>Dissrrt.</span> <span class='ocrx_word' id='word_1_243' title='bbox 672 2868 770 2906; x_wconf 68' lang='lat' dir='ltr'>Epist.</span> <span class='ocrx_word' id='word_1_244' title='bbox 789 2869 803 2904; x_wconf 64' lang='grc' dir='ltr'><strong>ξ</strong></span> <span class='ocrx_word' id='word_1_245' title='bbox 825 2868 892 2897; x_wconf 79' lang='grc'>139.</span> <span class='ocrx_word' id='word_1_246' title='bbox 1185 2872 1201 2888; x_wconf 74' lang='lat'>³</span> <span class='ocrx_word' id='word_1_247' title='bbox 1219 2868 1267 2897; x_wconf 87' lang='lat' dir='ltr'>Cf.</span> <span class='ocrx_word' id='word_1_248' title='bbox 1299 2869 1397 2899; x_wconf 72' lang='lat' dir='ltr'>Tract.</span> <span class='ocrx_word' id='word_1_249' title='bbox 1423 2870 1447 2898; x_wconf 91' lang='lat' dir='ltr'>I.</span> <span class='ocrx_word' id='word_1_250' title='bbox 1473 2870 1487 2906; x_wconf 61' lang='grc' dir='ltr'><strong><em>ξ</em></strong></span> <span class='ocrx_word' id='word_1_251' title='bbox 1513 2869 1572 2902; x_wconf 79' lang='lat'>66:</span> <span class='ocrx_word' id='word_1_252' title='bbox 1599 2871 1702 2899; x_wconf 71' lang='lat' dir='ltr'>Sched.</span> <span class='ocrx_word' id='word_1_253' title='bbox 1732 2870 1841 2899; x_wconf 75' lang='lat' dir='ltr'>Moniae.</span> 
     </span>
     <span class='ocr_line' id='line_1_37' title="bbox 422 2907 1304 2948; baseline 0.003 -12"><span class='ocrx_word' id='word_1_254' title='bbox 422 2910 435 2926; x_wconf 70' lang='lat'><em>2</em></span> <span class='ocrx_word' id='word_1_255' title='bbox 453 2907 500 2937; x_wconf 83' lang='lat' dir='ltr'>Cf.</span> <span class='ocrx_word' id='word_1_256' title='bbox 521 2909 610 2937; x_wconf 80' lang='lat' dir='ltr'>form.</span> <span class='ocrx_word' id='word_1_257' title='bbox 630 2910 679 2938; x_wconf 84' lang='lat'>91.</span> <span class='ocrx_word' id='word_1_258' title='bbox 1142 2912 1236 2948; x_wconf 78' lang='lat' dir='ltr'><em>lll.§</em></span> <span class='ocrx_word' id='word_1_259' title='bbox 1259 2912 1304 2940; x_wconf 91' lang='lat' dir='ltr'>ll.</span> 
     </span>
    </p>
   </div>
   <div class='ocr_carea' id='block_1_10' title="bbox 1926 0 1976 1393">
    <p class='ocr_par' dir='ltr' id='par_1_19' title="bbox 1916 0 1976 2208">
     <span class='ocr_line' id='line_1_38' title="bbox 1926 0 1976 1393; baseline 0 49"><span class='ocrx_word' id='word_1_260' title='bbox 1926 0 1976 1393; x_wconf 73' lang='lat' dir='ltr'><em>s</em></span> 
     </span>
    </p>
   </div>
   <div class='ocr_carea' id='block_1_11' title="bbox 1975 0 1985 3308">
    <p class='ocr_par' dir='ltr' id='par_1_20' title="bbox 1975 0 1985 3308">
     <span class='ocr_line' id='line_1_39' title="bbox 1975 0 1985 3308; baseline 0 0"><span class='ocrx_word' id='word_1_261' title='bbox 1975 0 1985 3308; x_wconf 95' lang='lat' dir='ltr'> </span> 
     </span>
    </p>
   </div>
  </div>
 </body>
</html>
