1985 3308
409 161 700 203 EPISTOLA
732 161 792 201 ΙΙ.
827 160 1260 201 RESPONSORIA.
1481 161 1560 200 321

111 282 364 321 quocunque
400 267 587 308 sistenda
621 271 708 317 est3
753 267 842 307 fieri
879 266 992 306 enim
1028 270 1179 318 potest,
1211 269 1272 313 ut,
1306 264 1433 304 ctiam
1469 268 1563 317 post
1582 272 1658 343 VDx:
1678 272 1752 301 Lur.

1615 323 1764 344 ENEREA.

107 335 374 389 consopitum
399 335 585 376 dolorem
614 340 740 388 atque
768 334 954 374 exiccata
982 333 1134 383 ulcera,
1162 332 1320 386 aliquid
1349 332 1400 372 de
1425 331 1562 371 morbi
1584 361 1652 401 'ii‘
1706 384 1712 389 .

106 402 253 442 fomite
276 402 413 443 adhuc
433 402 479 442 in
500 416 672 456 corpore
694 402 925 452 delitescat,
947 401 1058 441 bella
1079 401 1219 440 denuo
1241 404 1459 440 moturum
1480 399 1563 438 nisi
1581 383 1746 455 Ξιῖζιιιιιὶιυὲὸ-

107 469 187 510 sibi
208 470 481 523 permittatur
497 470 682 524 sputatio
703 469 774 509 illa
793 469 1023 516 moderata,
1043 481 1162 520 quae,
1180 471 1404 520 postquam
1422 464 1562 506 redin-
1581 457 1698 487 hiberi:

107 541 275 589 tegrata
291 537 472 578 sanitate
488 538 615 578 homo
637 551 679 577 se
697 551 823 577 aurae
838 535 1025 576 liberiori
1046 534 1294 587 aliquandiu
1310 532 1562 586 exposuerit,

109 603 297 645 desitura
317 609 393 644 est.
456 605 744 645 Periculosum
766 604 909 656 itaque
931 616 1020 642 esse
1043 601 1224 642 arbitror
1244 599 1458 654 ptyalismi
1475 599 1565 652 jam

109 671 378 712 abiturientis
407 676 448 712 et
470 686 567 712 mox
595 670 802 712 evanituri
829 669 1026 722 reliquias
1048 668 1113 708 vel
1141 666 1323 708 catharsi
1345 665 1563 714 deducere,

109 738 174 779 vel
194 738 410 791 lignorum
431 738 603 779 decocto
629 739 813 779 exiecare
835 737 962 787 velle;
996 751 1020 776 a
1043 750 1126 790 qua
1152 735 1269 789 praxi
1297 735 1420 788 (quae
1441 734 1566 787 vulgo

110 805 288 855 obtinet,
316 806 451 858 specie
479 806 543 845 vel
576 806 773 846 mercurii
805 819 826 845 e
855 819 1026 858 corpore
1058 803 1318 853 eliminandi,
1343 803 1409 843 vel
1439 803 1566 844 corri-

111 872 273 927 gendae
305 873 394 926 ejus
430 873 738 925 malignitatis,)
773 877 1009 913 naseuntur
1044 872 1134 912 sine
1165 871 1294 911 dubio
1324 871 1567 924 frequentes

110 940 217 980 istae
257 940 462 980 recidivae
507 954 613 993 quae
658 940 821 980 miseris
867 939 1078 989 accidunt,
1121 939 1347 979 sanitatem
1392 939 1568 979 tandem

112 1007 339 1061 aliquando
369 1012 464 1061 post
495 1011 664 1047 tantum
695 1008 995 1061 impensarum,
1023 1011 1088 1048 tot
1120 1007 1355 1047 exantlatos
1390 1006 1568 1055 labores,

111 1079 284 1117 tantum
304 1075 434 1116 taedii
456 1075 714 1125 devoratum,
738 1074 1055 1124 anhelantibus3
1082 1074 1135 1114 ad
1157 1088 1283 1127 quam
1305 1074 1433 1114 etiam
1455 1078 1570 1114 certo

113 1144 414 1199 pervenissent,
449 1144 483 1184 si
519 1143 704 1184 salivatio
740 1157 827 1182 non
862 1142 945 1182 nisi
981 1156 1056 1183 suo
1090 1146 1280 1195 tempore
1317 1140 1571 1181 determina-

114 1217 245 1253 retur.
308 1212 456 1265 Longe
496 1212 642 1265 itaque
679 1210 912 1251 consultius
952 1214 1061 1250 esset
1095 1208 1370 1262 ptyalismum
1405 1220 1572 1260 promo-

114 1294 210 1320 vere
251 1280 460 1320 mercurio
501 1279 614 1319 dulci
655 1278 784 1318 semel
823 1277 869 1317 in
909 1276 1173 1317 hebdomade
1209 1274 1409 1324 exhibite,
1443 1274 1573 1314 etiam

115 1351 340 1400 postquam
361 1347 536 1387 omnino
557 1345 816 1387 convaluerit
838 1350 880 1385 et
896 1345 987 1398 jam
1008 1343 1086 1384 sub
1109 1343 1177 1384 dio
1193 1347 1396 1392 versetur,
1415 1340 1574 1396 (quodd

112 1418 158 1454 et
175 1427 252 1467 ego
274 1428 348 1467 per
363 1428 530 1454 menses
553 1414 713 1466 aliquot
730 1413 822 1453 fieri
839 1412 1066 1466 aliquando
1082 1412 1220 1466 jussi,)
1242 1426 1369 1465 quam
1390 1410 1574 1451 eundem

115 1481 427 1535 praematurius
448 1481 653 1521 inhibere.

181 1549 288 1603 [29]
329 1549 657 1591 Quantumlibet
690 1554 834 1590 autem
867 1563 892 1589 a
926 1548 1109 1590 catharsi
1139 1549 1185 1588 in
1216 1546 1473 1588 salivationis
1505 1545 1575 1586 de·
1596 1559 1711 1590 refrae-

116 1617 346 1658 clinatione
363 1617 415 1658 ob
433 1618 523 1671 jam
541 1617 674 1658 dietas
696 1631 842 1658 causas
864 1616 1126 1667 abhorream,
1144 1616 1236 1657 fieri
1258 1621 1402 1656 tamen
1421 1618 1575 1668 potest,
1595 1602 1751 1675 gffi‘gffsm

117 1690 166 1725 ut
193 1685 239 1725 in
270 1685 460 1739 ejusdem
488 1690 603 1726 statu
631 1700 680 1726 ea
706 1700 784 1726 nec
810 1685 1095 1739 praetermitti
1121 1684 1266 1738 possit,
1288 1697 1368 1723 nec
1399 1682 1550 1723 debeat
1563 1699 1575 1732 3
1594 1693 1689 1737 statu,
1707 1689 1734 1736 s}

117 1752 283 1806 quoties
305 1753 475 1804 scilicet,
498 1767 543 1793 re
565 1753 674 1793 male
697 1758 828 1806 gesta,
851 1767 1037 1807 eousque
1057 1752 1186 1792 fuerit
1208 1755 1352 1792 evecta
1372 1731 1779 1803 saliv⁷atio,{1¹1¹3⁵ttg’sst]r¹an

117 1825 166 1861 ut
189 1821 279 1874 jam
307 1821 423 1873 aegri
446 1821 557 1861 vitae
587 1825 828 1862 metuatur:
863 1835 946 1874 quo
970 1821 1017 1860 in
1041 1834 1141 1861 casu
1164 1833 1253 1860 non
1277 1823 1423 1859 tutum
1450 1818 1577 1859 modo
1595 1816 1702 1846 siliret„

118 1893 195 1936 est,
219 1888 293 1928 sed
313 1892 356 1928 et
377 1889 662 1928 necessarium
683 1889 825 1939 etiam,
849 1888 1080 1928 cathartico
1106 1887 1274 1940 ingesto
1301 1886 1577 1940 ptyalismum

118 1954 174 1994 ad
204 1968 301 1994 eum
333 1954 513 2007 gradum
541 1955 788 2008 deprimere,
814 1960 864 1996 ut
893 1969 991 1995 cum
1019 1954 1134 2008 aegri
1165 1953 1336 2010 εὐφορίᾳ
1363 1953 1576 2008 procedat,

116 2022 196 2075 qui
217 2021 369 2062 deinde
391 2036 467 2063 suo
482 2022 571 2076 juri
591 2022 908 2076 relinquendus.

185 2088 292 2142 [30.]
334 2088 380 2128 Si
411 2090 503 2142 quis
530 2090 619 2143 jam
653 2094 838 2143 quaerat,
872 2104 927 2130 an
961 2088 1077 2130 nuda
1109 2089 1351 2130 salivatione
1387 2089 1578 2130 contenti
1596 2099 1672 2148 Post
1689 2098 1762 2129 sali-

119 2170 210 2198 esse
231 2157 470 2207 debeamus,
493 2171 570 2198 nec
598 2157 851 2209 catharticis,
879 2171 957 2199 nee
984 2158 1075 2199 aliis
1101 2158 1298 2199 remediis
1319 2157 1575 2209 solennibus,
1594 2147 1779 2215 {⁵3ss⁰ssssss-

119 2226 166 2267 in
199 2240 325 2266 usum
354 2231 449 2279 post
483 2240 576 2267 eam
611 2231 823 2280 peractam
854 2226 1087 2266 revocatis?
1130 2226 1362 2279 respondeo
1397 2227 1578 2280 (praeter
1594 2227 1677 2258 saria
1692 2231 1740 2275 esp

115 2295 206 2349 jam
242 2294 365 2344 dieta,
403 2293 554 2348 quibus
595 2299 637 2335 et
671 2294 779 2334 ratio
811 2293 1074 2347 astipulatm·,
1107 2298 1148 2333 et
1184 2293 1469 2347 experientia)
1507 2307 1578 2334 me
1594 2270 1756 2301 cat11ars1s.

119 2362 224 2403 velle
246 2362 397 2413 doceri,
421 2376 548 2416 quam
569 2362 622 2402 ob
650 2376 821 2402 causam
846 2361 981 2414 magis
1010 2360 1063 2400 sit
1087 2360 1369 2400 necessarium
1396 2374 1577 2413 purgare

120 2436 215 2484 post
237 2431 538 2481 salivationem,
562 2445 688 2484 quam
715 2430 1005 2471 salivationem
1025 2429 1207 2470 excitare
1236 2434 1330 2483 post
1352 2429 1577 2480 catharsin,

121 2512 219 2538 eum
249 2497 434 2538 remedia
462 2499 691 2552 purgantia
724 2498 1042 2552 (scammonjata
1071 2498 1265 2548 maxime,
1298 2503 1339 2539 et
1370 2499 1414 2538 id
1444 2513 1579 2552 genus

120 2565 259 2619 a.cria,)
303 2565 580 2619 malignitatis
623 2566 838 2620 quidpiam
872 2566 918 2606 in
961 2580 1132 2619 corpore
1173 2566 1429 2619 relinquant,
1468 2566 1580 2619 quod

121 2632 314 2679 Naturae
349 2639 494 2675 tamen
530 2635 847 2685 committimus,
886 2635 1005 2688 eujus
1045 2634 1085 2674 vi
1119 2634 1293 2674 tandem
1329 2634 1582 2687 subjugatur

122 2700 238 2741 istud
274 2701 473 2755 quiequid
503 2707 566 2743 est
597 2703 761 2753 veneni,
795 2716 843 2743 eo
875 2702 1031 2742 scilieet
1067 2702 1139 2755 qui
1168 2706 1373 2755 purgatus
1403 2702 1497 2752 fuit,
1529 2703 1583 2743 ad

123 2768 314 2821 regimen
344 2774 606 2820 consuetum,
630 2770 889 2819 exercitium,
913 2775 955 2810 ct
974 2769 1212 2810 liberiorem
1243 2770 1351 2811 aeris
1377 2783 1516 2820 usum,
1539 2785 1582 2811 se

125 2836 364 2890 recipiente.
426 2838 570 2892 Atque
592 2838 633 2878 id
656 2851 777 2892 porro
804 2838 986 2878 libenter
1014 2838 1118 2878 scire
1142 2838 1279 2888 velim,
1304 2853 1385 2891 qua
1412 2838 1583 2880 demum

608 2925 622 2945 ‘¹
647 2922 863 2962 quod—jussi]
881 2933 942 2953 om.
962 2923 1007 2953 ed.
1026 2924 1086 2953 ¹80.

817 2981 878 3016 rt
