1985 3308
409 182 461 221 12
809 179 889 220 ΤΗ
896 179 1067 220 ΟΜΑΕ
1102 175 1442 218 SYDENHAM

233 303 360 333 Pium.
404 285 581 340 alicujus
612 285 924 339 philosophicae
954 285 999 325 111
1029 284 1220 326 ordinem
1250 282 1356 336 cogi,
1380 296 1427 322 ae
1459 295 1627 335 quoquo
1648 278 1774 320 modo
1795 291 1861 319 ae-

206 345 385 375 Enlrswr.
404 353 663 394 commodari
683 354 829 407 possit.

468 421 576 474 [10.]
615 420 799 473 Expedit
840 424 983 460 autem
1024 419 1166 468 tertio,
1209 423 1257 458 ut
1309 417 1354 457 in
1396 414 1672 457 describendo
1723 413 1863 468 aliquo

402 488 551 529 morbo
567 488 795 541 peculiaria
808 492 850 528 et
871 492 1076 541 perpetua
1091 487 1387 540 phaenomena
1403 484 1577 525 seorsim
1593 482 1645 523 ab
1669 481 1862 522 acciden-

402 555 560 595 talibus
582 561 623 596 et
641 555 884 595 adventitiis
906 555 1062 610 (qualia
1084 559 1198 604 sunt,
1214 567 1321 607 quae
1342 566 1430 593 non
1446 556 1618 592 tantum
1641 549 1694 590 ob
1717 562 1862 602 aegro-

402 623 589 663 tantium
639 623 889 676 temperiem
930 627 972 663 et
1013 627 1210 671 aetatem,
1254 620 1327 662 sed
1368 619 1497 660 etiam
1547 618 1600 660 ob
1652 616 1863 658 rationem

403 690 602 730 medendi
624 690 831 730 diversam
852 691 964 730 varie
992 704 1035 730 se
1056 689 1246 740 habent,)
1272 692 1539 728 enarrentur.
1601 685 1716 726 Nam
1739 697 1863 737 saepe

405 758 555 799 accidit
584 763 633 798 ut
660 758 786 797 facies
811 757 948 797 morbi
977 757 1106 796 variet
1134 770 1209 810 pro
1235 755 1348 795 vario
1379 753 1620 794 medicandi
1650 765 1862 806 processu,

404 839 451 865 ac
482 825 688 864 nonnulla
710 830 995 878 symptomata
1018 837 1106 863 11011
1133 828 1223 863 tam
1257 821 1417 871 morbo,
1441 835 1569 874 quam
1599 819 1764 860 medico
1792 819 1862 860 de-

404 892 585 941 bentur,-
619 891 723 931 adeo
745 898 792 931 ut
816 891 964 931 eodem
985 890 1134 930 morbo
1155 889 1410 939 laborantes,
1433 888 1506 929 sed
1527 887 1641 928 varia
1660 887 1864 928 methodo

403 964 619 1008 tractatos,
657 958 772 998 varia
813 959 941 998 etiam
978 962 1265 1011 symptomata
1306 961 1540 997 exerceant.
1605 955 1747 1004 Unde,
1780 953 1864 994 nisi

403 1027 569 1067 cautela
599 1026 863 1074 adhibeatur,
896 1039 1066 1066 neeesse
1098 1029 1161 1066 est
1197 1030 1246 1065 ut
1277 1024 1508 1065 admodum
1539 1038 1694 1077 vagum
1725 1027 1768 1063 et
1796 1022 1862 1063 111-

404 1100 567 1135 certum
590 1094 643 1134 sit
660 1094 770 1134 circa
791 1093 1038 1134 morborum
1060 1097 1346 1147 symptomata
1358 1092 1581 1147 judicium.
1635 1091 1864 1136 Praetereo

404 1162 517 1216 quod
544 1176 664 1202 casus
691 1162 844 1215 oppido
865 1162 949 1202 rari
975 1161 1028 1201 ad
1049 1161 1295 1202 morborum
1319 1160 1556 1201 Historiam
1587 1159 1754 1213 proprie
1774 1172 1864 1198 non

403 1230 643 1283 pertineant
657 1246 668 1279 3
702 1228 1059 1283 quemadmodum
1088 1234 1129 1269 et
1154 1229 1200 1268 in
1229 1228 1511 1282 descriptione
1540 1227 1705 1276 salviae,
1731 1225 1863 1278 (verbi

404 1297 568 1350 gratia,)
605 1311 829 1337 erucarum
861 1310 1026 1336 morsus
1056 1296 1170 1336 inter
1200 1296 1322 1349 signa
1363 1295 1701 1336 discriminantia
1740 1293 1864 1334 istius

402 1365 573 1418 plantae
595 1364 846 1417 neutiquam
867 1369 1156 1404 recensentur.

468 1432 575 1486 [IL]
614 1433 823 1485 Denique,
876 1433 978 1472 anni
1027 1437 1316 1486 tempestates,
1360 1445 1468 1485 quae
1524 1431 1683 1471 scilicet
1733 1429 1865 1471 cuivis

403 1500 648 1540 morborum
670 1500 815 1553 generi
835 1500 1103 1553 potissimum
1123 1500 1306 1550 faveant,
1325 1500 1552 1553 diligenter
1579 1498 1865 1540 observandae

405 1572 517 1607 sunt.
579 1568 682 1607 Non
722 1567 887 1608 inficior
916 1568 1148 1609 nonnullos
1180 1582 1270 1609 esse
1301 1567 1495 1608 omnium
1535 1567 1760 1616 horarum3
1793 1564 1865 1606 alii

403 1639 562 1684 tamen,
604 1648 682 1675 nec
722 1636 955 1688 pauciores,
988 1636 1154 1676 occulto
1196 1635 1379 1689 quodam
1420 1635 1615 1675 Naturae
1653 1633 1864 1674 instinctu

404 1716 614 1742 annorum
636 1708 841 1755 tempora,
859 1717 947 1744 non
970 1717 1089 1744 secus
1105 1718 1232 1757 quam
1249 1703 1457 1756 quaedam
1471 1716 1566 1743 aves
1588 1707 1661 1742 aut
1677 1701 1863 1755 plantae,

403 1776 652 1822 sequuntur.
717 1771 850 1823 Saepe
873 1770 1044 1824 quidem
1067 1771 1197 1812 subiit
1218 1771 1364 1812 mirari
1385 1772 1466 1811 1100
1491 1770 1738 1811 morborum
1761 1782 1863 1822 quo-

402 1837 587 1878 rundam
614 1838 850 1891 ingenium,
874 1839 975 1879 satis
1006 1839 1191 1890 obvium,
1215 1854 1238 1880 a
1265 1839 1409 1893 paucis
1437 1844 1583 1879 tamen
1607 1838 1737 1878 fuisse
1765 1837 1863 1878 hac-

402 1912 528 1946 tenus
570 1907 867 1958 observatum,
920 1923 1016 1950 cum
1059 1923 1141 1962 quo
1183 1909 1331 1963 sydere
1373 1909 1524 1962 stirpes
1565 1912 1639 1949 aut
1679 1906 1863 1960 pecudes

405 1975 637 2016 solenniter
671 1982 959 2029 procreentur,
996 1978 1170 2031 plurimi
1206 1977 1412 2018 curiosius
1444 1975 1702 2017 adnotarint.
1779 1974 1863 2015 Sed

403 2057 678 2097 quaecunque
695 2045 749 2085 sit
771 2045 898 2099 hujus
921 2046 1182 2086 oscitationis
1204 2060 1342 2095 eausa,
1357 2059 1433 2099 pro
1454 2049 1569 2085 certo
1591 2048 1734 2084 statuo
1754 2047 1863 2084 tem-

402 2116 629 2163 pestatum,
670 2113 716 2152 in
758 2113 911 2166 quibus
960 2114 1249 2168 aegritudines
1275 2114 1490 2167 ·ingruere
1537 2115 1862 2160 consueverunt,

404 2178 599 2219 notitiam
630 2180 818 2221 multum
850 2181 1023 2222 Medico
1055 2182 1266 2235 prodesse,
1298 2186 1389 2222 tam
1420 2180 1473 2222 ad
1510 2180 1691 2234 speciem
1723 2177 1863 2219 morbi

403 2245 747 2298 dignoscendam,
771 2263 898 2301 quam
920 2249 974 2289 ad
994 2249 1135 2302 ipsum
1156 2249 1354 2290 morbum
1375 2247 1674 2301 extirpandum
1690 2264 1702 2296 3
1735 2250 1863 2298 atque

403 2312 554 2354 horum
575 2319 806 2369 utrumque
822 2317 965 2357 minus
979 2317 1157 2358 feliciter
1178 2317 1356 2366 evenire,
1375 2316 1448 2356 ubi
1465 2315 1704 2356 istiusmodi
1721 2314 1863 2355 obser-

404 2381 514 2420 vatio
535 2382 779 2435 negligitur.

469 2448 576 2502 [12]
617 2449 736 2490 Haec
761 2450 945 2504 quidem,
969 2452 1048 2492 etsi
1079 2465 1166 2492 non
1196 2452 1294 2502 sola,
1319 2451 1469 2492 saltem
1496 2450 1730 2504 insigniora
1761 2454 1862 2490 sunt

406 2529 511 2567 quae
552 2517 597 2556 in
637 2518 860 2558 scribenda
893 2519 1139 2560 morborum
1173 2520 1365 2561 Historia
1395 2519 1607 2560 observari
1647 2518 1859 2559 convenit.

407 2583 537 2635 Cujus
571 2585 786 2626 Historiae
819 2586 982 2627 utilitas
1024 2587 1075 2627 ad
1112 2588 1275 2641 praxin,
1308 2602 1480 2628 omnem
1521 2586 1861 2628 aestimationem

405 2651 578 2700 excedit,
601 2666 648 2692 ac
669 2667 768 2706 prae
791 2668 873 2707 qua
894 2654 1070 2695 subtiles
1092 2655 1404 2709 disquisitiones
1427 2670 1474 2697 ac
1500 2655 1746 2709 argutiolae,
1769 2653 1860 2707 qui-

407 2715 484 2755 bus
506 2720 811 2760 neotericorum
835 2721 930 2762 libri
953 2722 1005 2763 ad
1026 2737 1229 2764 nauseam
1251 2724 1338 2765 fere
1358 2724 1654 2773 inferciuntur,
1675 2721 1794 2762 nullo
1814 2721 1861 2761 in

407 2797 583 2824 numero
605 2794 704 2827 sunt
727 2788 959 2830 habendae.
1024 2791 1121 2833 Qua
1150 2792 1263 2832 enim
1287 2797 1359 2833 aut
1391 2790 1762 2845 compendiosiore,
1786 2793 1860 2829 aut

407 2850 533 2890 etiam
557 2853 638 2891 alia
665 2854 741 2903 via,
766 2857 827 2895 vel
856 2872 1005 2898 causae
1034 2859 1274 2901 morbificac
1300 2860 1454 2913 quibus
1483 2859 1648 2901 obviam
1670 2857 1860 2899 eundum

407 2924 468 2958 cst
492 2918 760 2972 deprehendi,
785 2925 847 2963 vel
870 2925 1148 2968 indicationes
1171 2929 1381 2969 cin-ativae
1404 2928 1497 2969 elici
1517 2931 1708 2982 possunt,
1733 2940 1860 2980 quam
