1985 3308
421 161 477 201 96
853 159 1111 200 THOMAE
1145 158 1485 199 SYDENHAM

227 276 392 327 qoxsmr.
420 280 537 308 mero
568 268 735 321 stipata,
767 266 1034 308 carbunculis
1070 265 1276 315 xidelicet,
1310 264 1568 314 bubonibus,
1601 268 1681 304 etc.
1758 264 1879 304 Haec

219 318 401 390 ἱξζζξῖῃ
419 334 555 376 indies
596 335 731 388 magis
773 348 820 375 ac
855 334 990 387 magis
1036 333 1310 383 invalescens,
1353 332 1519 373 circiter
1559 331 1877 385 aequinoctium

243 405 305 439 ’0²2
323 404 386 433 ’66-
420 403 668 443 autumnale
689 401 826 454 ἀκμήν
842 401 985 454 attigit
998 417 1009 451 5
1043 415 1126 454 quo
1143 401 1232 453 jam
1248 401 1451 450 instante,
1468 399 1595 440 unius
1616 398 1878 452 septimanae

219 476 318 506 Varia
335 478 403 517 ejus
422 469 602 510 decursu
633 474 728 510 octo
755 470 850 522 plus
883 469 1026 508 minus
1058 468 1282 508 hominum
1313 468 1447 507 millia
1479 467 1646 517 delevit,
1678 464 1877 506 tametsib

219 523 370 560 tempora.
421 537 504 577 duo
532 537 586 577 ad
616 537 843 577 minimum
874 536 1028 577 civium
1055 535 1233 575 trientes
1262 535 1314 575 ob
1343 539 1509 575 metum
1539 534 1726 587 contagii
1755 547 1798 574 se
1830 533 1878 574 in

419 618 492 645 rus
514 604 804 645 subduxerant
817 621 829 654 ;
862 618 886 644 a
908 617 991 656 quo
1012 607 1205 656 tempore
1225 602 1416 655 receptui
1447 616 1597 642 canere
1611 608 1626 624 0
1657 601 1807 654 coepit,
1834 605 1878 642 et

418 677 600 725 urgente
639 671 825 712 brumali
863 671 1018 723 frigore
1063 675 1236 710 tantum
1282 684 1371 709 non
1412 659 1598 719 evanuit,
1639 669 1724 709 nisi
1763 668 1879 722 quod

419 740 597 793 sparsim
625 753 763 779 unum
794 743 920 791 atquc
952 738 1133 778 alterurn
1163 737 1265 777 hinc
1292 736 1393 777 inde
1420 736 1565 777 feriret
1600 750 1675 789 per
1704 750 1878 776 omnem

417 807 628 859 hyemem,
661 811 703 846 et
738 805 1001 857 insequentis
1031 804 1139 844 veris
1175 803 1419 853 exordium,
1453 817 1536 856 quo
1575 807 1801 856 appetente
1832 808 1876 844 et

417 874 509 927 ipsa
538 874 712 914 omnino
740 877 803 913 est
835 872 997 921 deleta,
1029 871 1186 911 mansit
1216 875 1363 911 tamen
1385 871 1546 921 Febris,
1569 870 1759 924 quamvis
1787 885 1877 911 non

419 942 480 981 ita
516 940 760 994 epidemica‚
794 943 1044 980 excurrente
1088 938 1257 991 integro
1294 952 1406 978 anno
1445 942 1662 991 sequente,
1696 938 1782 979 imo
1823 938 1878 978 ad

416 1021 488 1048 ver
527 1021 662 1060 usque
701 1011 843 1047 ortum
884 1005 986 1047 anni
1028 1005 1152 1047 1667.
1214 1005 1280 1046 Dc
1318 1005 1386 1045 his
1425 1005 1634 1046 nonnulla
1671 1005 1742 1046 hic
1777 1005 1876 1046 sub-

416 1079 598 1116 nectam.

1023 1210 1149 1251 CAP.
1182 1208 1265 1250 115¹

515 1307 656 1348 Febris
677 1307 972 1347 Pestilentialis
994 1310 1033 1347 et
1053 1306 1191 1346 Pestis
1213 1311 1432 1346 annorume
1457 1306 1566 1346 1665
1590 1309 1630 1346 et
1654 1305 1783 1346 1666.

216 1414 367 1445 Febrium
474 1410 528 1450 ΙΝ
552 1396 837 1463 superioribus
861 1407 908 1462 [i.
927 1410 966 1447 4.
982 1406 1074 1462 38]
1103 1407 1240 1447 obiter
1262 1406 1464 1447 admonui
1487 1420 1509 1447 e
1531 1407 1738 1448 Febribus
1759 1421 1879 1448 non--

214 1458 396 1539 ἲιῗζζζίᾛᾷθ
415 1477 554 1518 nullas
586 1478 633 1517 in
667 1476 952 1529 malignarum
994 1475 1124 1515 classe
1164 1475 1291 1527 vulgo
1330 1474 1492 1527 reponi,
1528 1488 1627 1516 cum
1660 1475 1881 1526 indomita,-

214 1552 270 1589 1³3⁰
282 1542 396 1613 ξ’]ῑῖξὲ·
416 1550 749 1600 symptomatum
776 1544 961 1593 saevitia,
985 1557 1091 1596 quae
1119 1543 1218 1583 huie
1249 1542 1440 1596 opinioni
1468 1543 1727 1596 patrocinari
1759 1543 1874 1584 vide-

213 1594 379 1664 iiffiwggtfig
414 1618 498 1664 tur,
521 1627 609 1654 non
634 1627 658 1654 a
684 1626 895 1653 venenosa
924 1611 1063 1651 morbi
1093 1610 1249 1660 indole,
1272 1610 1346 1650 sed
1367 1624 1392 1650 a
1411 1610 1631 1664 therapeia
1650 1625 1873 1666 perperam
1931 1653 1939 1661 ,

212 1674 387 1741 ῗιζζῗὲήζοῃ
417 1680 713 1722 administrata
732 1679 1035 1733 proficiscatur.
1086 1677 1203 1718 Nam
1225 1691 1323 1718 cum
1342 1678 1395 1717 ad
1415 1678 1558 1718 morbi
1579 1679 1834 1720 solutionem
1851 1692 1878 1720 a

213 1753 350 1783 amorbi
415 1749 585 1789 Natura
615 1747 872 1788 destinatam
902 1745 1018 1786 haud
1048 1744 1149 1785 satis
1183 1745 1432 1794 attenditur,
1462 1745 1536 1786 sed
1561 1746 1643 1786 alia
1673 1746 1876 1787 medendi

213 1795 328 1828 indole.
343 1796 397 1825 sed
486 1817 494 1824 .
727 1817 734 1823 .
815 1817 821 1823 .
881 1816 888 1822 .
1033 1815 1040 1822 .
1464 1814 1472 1821 .
1701 1816 1709 1823 .

213 1837 398 1878 athei-apeia
415 1822 523 1858 ratio
544 1821 703 1858 temere
723 1821 976 1865 mstitiutur,
999 1815 1100 1855 hmc
1125 1814 1374 1868 perturbata
1394 1819 1527 1855 totlus
1548 1828 1732 1869 corporis
1753 1830 1875 1858 oeco-

212 1889 378 1952 ffiffilelfias‘?
414 1885 570 1935 nomia,
594 1898 642 1925 ac
662 1884 862 1925 omnibus
884 1896 1038 1936 susque
1061 1883 1195 1935 deque
1217 1883 1440 1933 conversis,
1462 1897 1551 1924 non
1571 1884 1697 1925 modo
1718 1885 1876 1926 tristis-

211 1941 398 2004 {rata,pr0fi-
416 1952 521 1993 sima
550 1966 694 1992 rerum
714 1952 840 1992 facies
861 1951 975 1991 ultra
1002 1955 1255 1991 consuetum
1281 1949 1420 1990 morbi
1450 1964 1613 1992 morem
1639 1951 1871 2003 inducitur,

213 2014 387 2038 efficuntur.
414 2034 561 2060 verum
581 2019 767 2068 morbus,
786 2020 877 2072 jam
903 2033 927 2059 a
948 2018 1080 2071 scipso
1109 2018 1230 2067 alius,
1253 2016 1382 2057 etiam
1411 2018 1615 2059 anomalis
1644 2019 1882 2060 accidenti*

214 2092 323 2122 Febris
413 2086 492 2128 bus
508 2087 623 2128 velut
645 2087 980 2139 alienigenarum
997 2085 1196 2125 satellitio
1213 2085 1407 2137 stipatur.
1458 2085 1594 2139 Atqui
1614 2086 1761 2127 Febris
1776 2101 1882 2128 vere*

209 2145 386 2215 ᾖξζῗᾶᾞῗζῃ
412 2155 602 2208 maligna
630 2168 719 2195 non
749 2159 813 2194 est
844 2154 1037 2194 omnium
1069 2153 1234 2193 dierum
1260 2152 1461 2203 morbus,
1497 2158 1648 2207 utpote
1679 2168 1786 2208 quae
1817 2154 1879 2196 ab«

211 2219 304 2289 {est-‘³
322 2232 392 2283 ⁸135·
413 2223 504 2263 aliis
544 2222 746 2263 Febrium
782 2221 1014 2275 speciebus,
1052 2220 1105 2261 ob
1148 2224 1485 2273 symptomatum
1521 2222 1776 2262 anomaliam
1819 2237 1869 2264 ea

211 2272 394 2339 „¹122ssssssssss
411 2291 733 2331 nomenclatura
761 2293 981 2342 utcunque
1011 2287 1239 2341 insignitiS,
1273 2291 1365 2327 tota
1396 2302 1472 2328 sua
1496 2287 1591 2329 idea
1619 2302 1667 2330 ac
1695 2289 1871 2342 ingenio

209 2347 378 2425 Ξῗέῇἰζξῃοῦ
412 2358 624 2399 dissideat.
686 2358 849 2397 Revera
869 2356 984 2397 enim
1005 2369 1103 2396 cum
1123 2354 1333 2408 ipsissima
1349 2355 1475 2395 Peste
1498 2355 1636 2410 specie
1657 2357 1867 2408 convenit,

210 2431 370 2460 remissio-
411 2439 490 2466 nec
519 2425 570 2466 ab
599 2439 648 2466 ea
668 2425 751 2465 nisi
772 2424 824 2465 ob
848 2423 1028 2477 gradum
1048 2422 1329 2463 remissiorem
1360 2422 1689 2464 discriminatur.
1752 2425 1868 2466 Quo-

208 2474 395 2546 {fiffilssussn
411 2493 522 2533 circa
541 2493 763 2545 utriusque
785 2492 960 2532 affectus
982 2496 1124 2531 ortum
1146 2503 1193 2530 ac
1210 2489 1474 2531 curationem
1494 2491 1541 2531 in
1561 2491 1710 2532 eodem
1731 2492 1868 2547 capite

411 2560 677 2613 complectar.

211 2626 358 2698 {agol-ap
474 2627 553 2680 [2]
591 2628 716 2668 Aeris
738 2641 900 2667 massae
921 2626 1132 2667 occultam
1153 2624 1361 2679 ejusmodi
1389 2625 1474 2666 sive
1496 2626 1647 2677 crasin,
1670 2627 1755 2667 sive
1775 2630 1866 2668 tex·
1904 2665 1912 2673 ,

210 2675 378 2743 ἔζςρξᾶἓξῑ
409 2698 549 2734 turam
572 2694 806 2747 obtingere,
830 2708 937 2748 quae
963 2694 1220 2734 diversarum
1251 2691 1423 2733 diversis
1445 2694 1707 2747 temporibus
1733 2694 1867 2747 aegri-

455 2785 468 2803 b
492 2788 750 2828 rann—subdar]
769 2799 830 2819 om.
848 2790 894 2819 ed.
916 2790 976 2821 76.
1167 2787 1215 2817 ed·
1244 2787 1294 2817 ’68
1327 2789 1424 2817 Seclio
1458 2790 1579 2821 Quinta.
1607 2791 1654 2820 De
1687 2792 1776 2821 Peste
1805 2792 1866 2820 sive

455 2834 465 2847 ⁰
490 2838 598 2868 recep!-
615 2831 698 2870 cam]
717 2832 736 2862 i.
756 2842 779 2861 e.
799 2834 889 2869 finem
907 2831 1014 2871 facere
1031 2845 1039 2861 :
1068 2831 1106 2861 cf.
1167 2832 1264 2860 Febre
1281 2831 1495 2861 Pestilentiali.

413 2872 540 2901 Erasmi
558 2874 658 2912 ming.
676 2873 719 2903 iii.
739 2875 766 2903 5.
786 2875 834 2904 88.
1211 2876 1221 2890 ‘
1246 2883 1387 2902 armorum
1405 2872 1474 2913 Sc]
1492 2883 1552 2903 om.
1571 2874 1618 2904 ed.
1637 2875 1697 2906 ⁵76.

455 2913 467 2931 ‘¹
494 2914 589 2944 Deest
608 2915 665 2944 hoc
685 2925 751 2955 cap.
778 2916 809 2945 in
833 2916 880 2945 ed.
899 2916 971 2951 '66;
998 2917 1056 2946 inc.
1075 2917 1107 2946 in
