1985 3308
391 148 473 187 180
801 147 1058 188 ΤΗΟΜΑΕ
1093 146 1433 187 SYDENHAM

215 263 344 293 Fsmus
388 254 590 307 temporis
621 253 846 306 qualitates
876 253 1183 294 advocaverint.
1245 254 1310 294 Ex
1337 267 1419 306 quo
1448 253 1509 302 fit,
1531 256 1580 292 ut
1610 251 1740 292 febris
1767 256 1850 292 sta-

185 307 370 379 AQJOTQ„
389 322 584 372 tionaria,
609 335 885 375 quaecunque
912 322 1086 362 demum
1107 322 1180 362 illa
1202 322 1270 372 sit,
1294 335 1401 375 quae
1423 320 1476 361 ad
1497 319 1780 374 epidemicum
1801 333 1852 360 eo

207 392 344 424 ’69-’72-
391 405 504 431 anno
544 394 798 443 regnantem
834 390 1003 440 attinet,
1041 390 1158 431 Julio
1190 404 1337 430 mense
1376 389 1646 443 potissimum
1680 387 1851 438 saeviat,

183 451 512 524 gggffijtawujus
564 458 687 498 initio
732 458 872 512 plures
912 458 1137 498 hominum
1179 463 1366 498 catervas
1413 457 1539 497 simul
1580 455 1852 509 aggreditur3

187 513 330 576 adqua‘e’
393 532 602 568 autumno
629 540 728 567 vero
761 527 1140 580 appropinquante,
1169 541 1326 579 magno
1351 526 1411 566 illi
1445 525 1690 579 epidemico‚
1719 539 1743 565 a
1771 538 1855 578 quo

187 579 365 661 {ffissssr'ss}
393 609 531 635 annus
577 594 823 647 insignitur,
864 608 1010 634 rursus
1054 594 1330 634 invalescenti
1376 593 1554 643 decedit,
1601 598 1642 633 et
1687 591 1855 646 parcius

187 665 353 713 dommap-
392 662 579 712 infestat,
607 667 655 701 ut
682 661 860 714 quilibet
891 674 1056 714 semper
1087 675 1225 700 annus
1257 661 1358 701 satis
1388 660 1523 701 docet.
1585 659 1857 700 Excalefacta

186 712 374 790 ῗζῗῇἶῖιὶζο
394 730 508 770 enim
531 744 554 769 a
575 743 819 782 praegressa
841 733 1000 769 aestate
1025 728 1250 768 hominum
1279 742 1454 781 corpora
1473 727 1624 778 febres,
1647 727 1856 768 constitu-

186 792 349 853 ti⁵⁵5y¹J¹¹²¹¹¹
392 797 500 838 tioni
529 796 716 849 generali
746 796 939 849 propriae
969 810 1075 849 quae
1107 801 1221 846 sunt,
1244 796 1559 850 promptissime
1589 809 1638 835 eo
1666 800 1857 848 tempore

187 841 302 907 {iiiito
315 846 372 908 {ig
392 865 601 905 invadunt
614 882 626 914 3
659 869 886 917 appetente
912 877 1009 904 vero
1041 868 1263 914 autumno,
1287 878 1370 918 quo
1403 864 1475 918 qui
1507 863 1858 918 praedominatur

186 930 351 1003 {ffn'fflffi‘l'
393 932 651 987 epidcmicus
672 932 805 972 fasces
826 932 1017 982 resumit,
1040 932 1132 972 istis
1154 933 1330 973 omnino
1350 932 1637 973 recedendum
1659 937 1734 973 est.

189 1010 363 1055 te‚-mag·no
459 1000 538 1054 [5.]
580 1000 716 1040 Sicuti
746 1014 844 1040 vero
875 999 1120 1040 nominatae
1140 1000 1280 1041 febres
1308 1000 1497 1041 sensibili
1526 1001 1636 1041 aeris
1662 999 1858 1054 qualitati

189 1049 343 1122 ἓξιέθᾞῗ
395 1073 616 1122 acceptum
647 1068 803 1108 referre
835 1067 993 1108 debent
1031 1068 1143 1122 quod
1172 1069 1262 1123 jam
1295 1069 1375 1109 hoc
1409 1083 1555 1109 mense
1586 1069 1857 1118 exoriantur3

189 1142 346 1172 Nomina·
395 1138 455 1177 ita
477 1137 606 1177 ctiam
638 1142 925 1190 symptomata
944 1137 1071 1187 varia,
1095 1151 1119 1176 a
1141 1152 1217 1177 sua
1247 1142 1414 1188 natura,
1438 1142 1650 1191 quatenus
1672 1137 1724 1178 ab
1746 1137 1857 1190 ejus-

187 1185 355 1268 ζῗῐῖξὶζῖῗδ
396 1206 511 1246 modi
533 1205 841 1246 constitutione
869 1205 1055 1258 generali
1076 1206 1279 1259 pendent,
1301 1220 1472 1259 prorsus
1504 1206 1655 1257 aliena,
1678 1220 1703 1246 a
1722 1204 1859 1246 mani-

187 1263 376 1307 ¹¹3²¹sflv²³r³2¹s
395 1274 599 1314 festarum
623 1273 877 1326 qualitatum
902 1288 1008 1327 quae
1039 1274 1084 1314 in
1105 1274 1226 1314 illum
1248 1274 1445 1315 incidunt
1476 1288 1667 1315 mensem
1693 1273 1860 1328 peculio

189 1324 354 1386 lergaassfg:
397 1346 574 1382 sumunt
604 1345 768 1382 mutuo.
832 1342 948 1382 Hinc
974 1347 1037 1382 est
1069 1343 1195 1395 quod,
1225 1342 1378 1396 quibus
1410 1343 1533 1383 annis
1562 1342 1699 1384 dictae
1719 1341 1860 1383 febres

189 1409 359 1471 ffizesstssffl‘
395 1410 475 1450 hoc
503 1423 650 1450 mense
676 1410 900 1450 turmatim
930 1410 1246 1464 ingrediuntur,
1272 1411 1396 1451 variis
1422 1411 1718 1466 symptomatis
1739 1410 1861 1451 novis

192 1485 354 1523 qualitati·
397 1479 624 1532 stipantur,
642 1484 810 1531 praeter
829 1478 902 1518 illa
924 1493 1030 1532 quae
1052 1479 1111 1519 eis
1134 1484 1234 1520 sunt
1255 1479 1425 1533 propria
1446 1485 1656 1533 quatenus
1677 1479 1730 1520 ab
1748 1479 1859 1532 ejus-

191 1528 376 1600 plutsuffutu-
398 1546 513 1586 modi
529 1546 836 1586 constitutione
854 1547 1041 1599 generali
1057 1552 1332 1600 procreantur
1344 1565 1355 1597 3
1389 1548 1561 1588 eaedem
1577 1554 1723 1588 tamen
1744 1547 1861 1600 ipsae

194 1630 289 1660 Unde
304 1635 350 1660 tot
400 1619 618 1664 maneant,
640 1613 738 1654 licet
761 1614 874 1667 apud
894 1615 1046 1668 vulgus
1069 1615 1121 1656 ob
1145 1614 1404 1670 φαινομένων
1425 1616 1712 1656 diversitatem
1734 1628 1860 1656 novae

193 1673 362 1746 ξῗιῗῐξὶζθο
398 1682 626 1735 quotannis
662 1681 800 1722 febres
837 1682 1026 1722 audiant.
1088 1683 1158 1723 Ad
1198 1697 1353 1736 paucas
1388 1698 1486 1724 vero
1523 1690 1696 1724 tantum
1731 1683 1860 1736 septi-

193 1740 339 1789 audiunti'
396 1764 545 1790 manas
562 1755 831 1803 perseverant
853 1755 1139 1804 symptomata
1154 1751 1258 1791 haec
1275 1752 1410 1804 magis
1426 1752 1655 1805 peculiaria
1661 1769 1672 1802 3
1706 1751 1861 1804 quibus

398 1819 564 1872 elapsis,
596 1818 766 1872 propria
799 1818 1064 1859 solummodo
1096 1824 1394 1872 symptomata,
1430 1834 1536 1873 quae
1570 1821 1630 1860 eis
1661 1818 1861 1860 accidunt

399 1892 608 1940 quatenus
631 1886 768 1926 febres
802 1891 902 1926 sunt
925 1887 1197 1928 stationariae
1224 1887 1322 1928 talis
1350 1888 1682 1939 constitutionis,
1704 1888 1861 1942 reperi-

397 1960 532 1995 untm‘
552 1968 627 2008 per
648 1954 861 2007 reliquum
883 1969 1059 1994 annum.

463 2022 543 2076 [6.]
584 2022 678 2062 Hoc
700 2028 794 2062 tum
814 2023 861 2062 in
883 2022 974 2062 aliis
995 2023 1184 2076 liquebat
1206 2023 1408 2074 febribus,
1430 2030 1524 2065 tum
1546 2025 1681 2078 magis
1701 2024 1862 2078 peculi-

400 2090 527 2131 ariter
540 2091 586 2130 in
600 2090 890 2144 Dysentericis
904 2091 1060 2131 mensis
1076 2092 1102 2131 J
1105 2091 1193 2142 ulii,
1205 2093 1312 2134 1671
1330 2097 1372 2133 et
1382 2093 1508 2143 1672,
1522 2093 1568 2133 in
1583 2107 1762 2146 quarum
1776 2092 1859 2146 pri-

400 2173 470 2199 ore
487 2158 715 2199 vehemens
733 2159 955 2211 aegritudo
973 2164 1015 2200 et
1029 2159 1124 2200 bilis
1140 2161 1392 2213 aeruginosa
1408 2175 1504 2201 cum
1522 2175 1678 2213 magna
1690 2161 1736 2201 in
1751 2160 1861 2201 diar-

398 2227 572 2267 rhoeam
592 2227 878 2280 propensitate
894 2227 973 2267 sub
987 2228 1125 2268 morbi
1141 2229 1271 2269 finem
1288 2230 1491 2270 continuo
1508 2229 1842 2270 observabantur
1848 2246 1861 2279 3

399 2295 445 2335 in
473 2295 718 2348 posteriore,
741 2295 896 2336 doloris
925 2309 1073 2336 sensus
1094 2296 1140 2336 in
1164 2297 1358 2350 partibus
1384 2297 1568 2351 corporis
1596 2297 1861 2348 musculosis,

402 2362 579 2403 artubus
611 2377 822 2414 maxume,
853 2363 905 2404 ad
936 2363 1299 2405 rheumaticorum
1324 2365 1411 2405 fere
1437 2365 1600 2406 dolores
1632 2365 1862 2415 accedens;

401 2431 587 2471 faucium
618 2432 793 2486 insuper
819 2431 1113 2482 inflammatio,
1136 2433 1280 2473 mitior
1305 2438 1451 2473 tamen
1482 2448 1609 2487 quam
1630 2433 1677 2474 in
1704 2433 1864 2486 angina

401 2499 707 2540 laborantibus.
770 2501 965 2553 Utraque
990 2506 1137 2541 tamen
1158 2501 1262 2542 haec
1282 2501 1327 2541 in
1356 2502 1504 2542 eadem
1525 2502 1641 2543 febre
1669 2502 1864 2556 specifica
1924 2549 1929 2552 ,

403 2567 586 2618 coibant,
616 2573 659 2608 et
690 2567 837 2608 eadem
871 2568 996 2621 plane
1026 2566 1228 2609 medendi
1258 2569 1424 2610 ratione
1455 2575 1636 2623 utraque
1665 2569 1862 2624 profliga-

401 2634 561 2676 bantur
573 2653 584 2686 5
618 2636 871 2677 differebant
894 2641 1038 2678 autem
1058 2641 1253 2691 respectu
1267 2642 1439 2678 tantum
1460 2638 1715 2691 qualitatum
1731 2637 1862 2678 sensi-

402 2702 566 2754 bilium,
591 2704 744 2757 quibus
776 2704 1049 2746 donabantur
1073 2710 1267 2760 tempora
1293 2706 1367 2748 illa
1393 2706 1439 2747 in
1468 2720 1574 2760 quae
1598 2706 1861 2747 incidebant.

403 2771 637 2824 Improvisa
686 2787 784 2814 vero
825 2773 1132 2828 subitaneaque
1181 2775 1335 2816 harum
1375 2774 1559 2815 febrium
1605 2775 1715 2816 circa
1759 2774 1863 2816 dicti

404 2840 559 2879 mensis
591 2840 763 2881 initium
795 2842 973 2896 eruptio,
997 2847 1039 2884 ct
1068 2857 1178 2884 nova
1209 2843 1261 2884 ad
1291 2848 1459 2897 tempus
1489 2843 1659 2897 aliquod
1678 2843 1862 2897 peculia-

403 2909 514 2949 rium
562 2915 895 2964 symptomatum
937 2912 1077 2964 facies,
1124 2914 1235 2966 (licet
1278 2927 1415 2967 neque
1463 2913 1599 2967 specie
1640 2913 1861 2962 distarent,
