1985 3308
299 152 821 195 OBSERVATIONUM
852 152 1229 193 MEDICARUM
1261 155 1312 193 II.
1339 165 1371 196 2.
1481 155 1561 195 107

96 259 259 298 “Metla.
279 259 403 299 Cur.’'
418 258 531 314 l.c.]‚
549 259 731 299 Zacutus
746 258 978 298 Lusitanus
1003 258 1088 311 [De
1102 258 1217 298 Med.
1234 259 1374 298 Princ.
1389 259 1500 299 Hist.
1515 260 1557 300 ii.
1601 270 1730 301 Fnums

95 326 151 366 89
170 342 177 365 z
209 325 262 366 iv.
284 328 353 367 47.
371 326 416 366 in
443 326 543 378 Opp.
566 330 597 366 t.
615 326 643 366 i.
666 340 734 379 pp.
754 327 851 375 342,
872 325 1009 378 756.],
1027 325 1215 365 Fonseca
1238 325 1320 378 [De
1340 326 1456 365 Febr.
1480 327 1555 366 Ac.
1585 312 1753 384 {2⁵¹³}ssss

96 406 136 445 p.
159 394 212 432 45
237 392 336 446 sq.],
360 393 526 446 aliique.
588 393 750 433 Verum
773 392 844 446 qui
864 397 1005 433 totum
1022 392 1252 432 curationis
1270 392 1491 444 negotium
1512 393 1557 433 in
1577 396 1758 453 &Nffoj‘xij

95 459 273 512 copiosa,
300 460 468 512 qualem
494 474 570 500 nos
592 460 868 513 postulamus,
897 459 1116 512 sanguinis
1144 459 1404 499 detractione
1431 460 1556 500 collo·
1610 440 1661 473 ω’
1689 441 1739 468 ω’

94 526 261 576 caverit,
283 541 395 566 unus
430 527 558 579 (quod
580 527 738 579 sciam,)
763 530 954 579 repertus
981 531 1044 566 cst
1071 526 1321 566 Leonardus
1348 526 1554 577 Botallus,

93 593 287 634 Medicus
321 594 545 647 superioris
582 595 736 635 saeculi
768 594 1076 644 celeberrimus,
1110 609 1248 647 quem,
1278 608 1332 634 ne
1365 594 1477 634 solus
1508 594 1555 634 in
1576 605 1694 635 Botalli

92 661 171 701 hac
192 661 399 714 palaestra
425 661 580 702 versari
601 661 755 711 xidear,
778 661 931 702 Lector
952 661 1128 714 accipiet
1158 661 1243 701 suis
1264 661 1395 714 ipsius
1416 661 1554 701 verbis
1574 649 1730 720 ffifltss'lnffi-

94 728 145 768 de
165 728 244 768 hac
265 743 309 768 re
338 729 626 769 disserentem.
701 729 808 782 [28]
838 729 1011 781 “Ego,’'
1034 729 1186 781 inquit,
1213 729 1296 781 (De
1321 730 1460 769 Curat.
1474 743 1555 781 per
1573 733 1755 762 6111011ῖίεεὶ-

96 795 221 848 Sany.
238 796 359 835 Miss.
378 810 412 836 c.
433 798 470 836 7.
497 796 539 850 [ξ
563 795 642 850 2.])
669 800 694 817 “
707 801 755 836 ut
777 810 863 836 uno
884 795 1010 836 verbo
1033 796 1182 846 dicam,
1200 796 1362 836 nullam
1384 796 1553 836 Pestem
1572 785 1744 856 gsslfffi'sex'

95 877 184 904 esse
216 868 333 917 puto,
365 864 433 904 cui
467 864 570 904 haec
600 878 687 905 non
723 864 854 917 possit
889 878 977 904 esse
1013 864 1206 903 salutaris
1244 878 1370 917 supra
1410 864 1554 904 omnia
1572 860 1733 907 Pmbamffs
1752 858 1761 871 ³

94 930 292 981 remedia,
315 931 440 972 modo
461 936 696 984 opportune
721 937 764 972 et
792 931 1031 984 quantitate
1053 931 1321 972 convenienti
1352 936 1554 985 usurpata
1571 911 1763 974 &Exim-m,

95 998 162 1047 sit,
184 1003 302 1038 ratus
330 1012 423 1039 eam
449 998 676 1051 aliquando
704 999 902 1040 inutilem
930 998 1147 1038 inventam
1175 999 1302 1038 fuisse
1332 1004 1554 1052 propterea
1572 987 1762 1059 {ffissfffesit'g

97 1065 208 1118 quod
223 1070 296 1106 aut
312 1066 473 1106 tardius
491 1071 563 1106 aut
579 1067 743 1119 parcius
758 1080 884 1118 quam
899 1080 1002 1118 opus
1018 1070 1139 1115 esset,
1158 1070 1231 1106 aut
1249 1067 1361 1119 quod
1374 1071 1554 1119 utroque
1573 1081 1669 1120 supra
1687 1081 1756 1101 om-

95 1133 221 1173 modo
251 1133 360 1173 circa
381 1147 472 1173 eam
498 1133 784 1186 usurpandam
809 1139 1029 1186 peccatum
1061 1133 1157 1172 sit.”
1220 1134 1276 1173 Et
1304 1134 1429 1186 pau]o
1460 1139 1553 1187 post
1573 1124 1626 1186 ἓξ
1641 1124 1760 1186 ζὲἷᾞζ,

103 1199 147 1255 [ξ
180 1198 243 1254 4.]
281 1200 385 1240 haec
416 1200 660 1253 subjungit:
710 1201 810 1241 “At
845 1200 892 1239 in
931 1205 1054 1239 tanta
1087 1200 1316 1240 timiditate
1353 1205 1395 1241 et
1429 1215 1556 1254 parca
1574 1209 1642 1229 rem
1659 1209 1734 1229 esse.

97 1267 370 1316 detractione,
408 1268 479 1320 qui
519 1268 609 1307 fieri
649 1272 788 1320 potest
828 1272 877 1307 ut
918 1267 1010 1320 quis
1051 1272 1165 1307 recte
1199 1268 1330 1320 possit
1367 1268 1557 1321 judicare

97 1339 305 1389 quantum
332 1349 380 1375 ea
400 1336 446 1375 in
473 1335 696 1375 Pestilenti
717 1335 865 1376 morbo
885 1335 1081 1388 prodesse
1110 1336 1246 1375 valeat
1274 1341 1348 1376 aut
1379 1336 1554 1377 obesse?

96 1402 198 1443 Non
220 1401 334 1441 enim
355 1401 540 1451 morbus,
562 1416 637 1455 pro
659 1403 778 1455 cujus
801 1403 1018 1443 cm‘atione
1038 1402 1331 1455 requirebatur
1352 1403 1557 1444 detractio

95 1469 299 1510 librarum
330 1474 512 1522 quatuor
543 1469 774 1522 sanguiniS,
797 1469 843 1509 in
875 1484 957 1522 quo
985 1484 1072 1509 una
1102 1474 1273 1510 tantum
1305 1471 1556 1521 detrahitur,

98 1537 133 1578 si
153 1537 370 1577 hominem
389 1537 629 1587 interficiat,
652 1537 746 1578 ideo
766 1537 969 1578 interficit
992 1538 1090 1590 quia
1111 1538 1282 1591 sanguis
1305 1542 1368 1579 est
1389 1539 1556 1589 missus,

99 1604 172 1645 sed
199 1605 297 1658 quia
317 1619 404 1645 non
421 1605 538 1658 justo
568 1605 694 1645 modo
716 1605 868 1645 missus
900 1611 975 1656 est,
998 1620 1077 1647 nec
1107 1606 1216 1647 forte
1248 1606 1377 1646 etiam
1409 1620 1558 1659 oppor-

99 1677 217 1713 tune.
290 1673 454 1712 Verum
493 1672 728 1713 nebulones
768 1673 1015 1726 nequissimi
1056 1678 1098 1714 et
1138 1673 1400 1727 ignavissimi
1434 1673 1481 1713 in
1515 1672 1560 1713 id

100 1754 263 1794 semper
298 1741 466 1793 culpam
502 1745 745 1781 convertere
779 1745 994 1794 satagunt,
1026 1755 1114 1781 non
1148 1741 1261 1794 quod
1294 1741 1453 1791 nocuit,
1486 1740 1560 1780 sed

101 1808 213 1861 quod
248 1822 322 1861 per
356 1808 476 1848 nefas
512 1822 537 1848 a
568 1808 732 1848 cunctis
772 1808 1002 1862 vituperari
1042 1813 1269 1862 exoptant,
1332 1813 1406 1849 aut
1442 1808 1476 1848 si
1515 1807 1560 1847 id

99 1875 289 1929 nequitia
321 1889 409 1915 non
439 1875 610 1925 faciant,
638 1875 880 1928 ignorantia
914 1881 1060 1917 tamen
1090 1890 1242 1930 pravae
1273 1875 1560 1929 dispositionis

101 1946 313 1987 efficiimt:
355 1951 534 1999 utraque
565 1951 678 1986 certe
708 1947 953 1999 perniciosa,
987 1946 1061 1986 sed
1092 1946 1165 1986 illa
1198 1945 1376 1998 magis.”
1439 1944 1560 1986 Quae

102 2013 245 2054 omnia
277 2013 536 2065 experientia
571 2014 908 2064 confirmaturus,
942 2014 1068 2066 paulo
1108 2013 1284 2053 inferius
1327 2013 1370 2068 [ξ
1404 2012 1463 2065 7.]
1502 2012 1561 2052 sic

101 2081 263 2135 pergit:
302 2081 427 2120 “His
463 2080 705 2130 observatis,
741 2094 868 2121 nemo
903 2081 1080 2121 rationis
1121 2094 1250 2134 capax
1278 2081 1374 2133 jin-e
1414 2080 1461 2120 in
1495 2079 1561 2119 his

103 2148 261 2189 morbis
282 2149 519 2201 xituperare
549 2148 793 2188 missionem
815 2148 1033 2200 sanguinis
1053 2153 1206 2201 potest,
1229 2148 1303 2188 sed
1323 2147 1498 2187 mirifice
1519 2150 1562 2186 et

103 2219 309 2268 tanquam
338 2214 529 2254 din'num
560 2214 764 2254 auxilium
795 2214 1103 2263 commendare,
1140 2214 1351 2263 extollere,
1389 2217 1431 2252 et
1462 2226 1561 2252 con-

103 2282 285 2322 fidenter
319 2295 545 2334 usurpare3
588 2281 700 2334 quod
732 2281 820 2334 ipse
854 2281 1040 2334 profecto
1074 2281 1125 2321 ab
1162 2281 1284 2320 annis
1320 2279 1562 2333 quindecim

104 2349 225 2390 facio.
268 2349 371 2389 Ideo
388 2350 433 2389 in
449 2349 607 2389 morbis
629 2348 933 2389 Pestilentibus
949 2350 995 2389 in
1012 2348 1229 2389 obsidione
1252 2347 1560 2401 Rupellarum‘,

107 2421 150 2458 et
191 2415 415 2458 Montibus
458 2417 715 2457 Hannoniac
752 2416 906 2457 abhinc
942 2416 1281 2470 quadriennium,
1313 2420 1356 2456 et
1392 2414 1562 2454 Parisiis

106 2488 198 2524 toto
218 2483 298 2524 hoc
317 2483 503 2533 biennio,
525 2489 568 2524 et
591 2483 807 2524 Cameraci
829 2498 941 2523 anno
961 2484 1149 2536 proxime
1170 2487 1276 2532 acto,
1299 2483 1344 2522 in
1366 2481 1564 2522 omnibus

107 2551 212 2592 meis
244 2551 425 2605 aegrotis
457 2552 545 2604 (qui
564 2552 780 2591 innumeri
800 2551 1003 2604 fuerunt,)
1030 2552 1195 2591 nullum
1221 2550 1485 2604 praesentius
1517 2563 1565 2590 ac

109 2619 333 2660 salutarius
369 2620 505 2673 reperi
539 2620 630 2673 ipsa
663 2620 782 2673 larga
823 2624 865 2660 et
907 2619 1158 2673 tempestiva
1199 2617 1418 2672 sanguinis
1464 2617 1563 2657 mis-

66 2674 73 2682 .
111 2686 270 2728 sione.'’

168 2755 335 2796 Deinde
366 2756 419 2797 ad
448 2757 716 2797 curationum
748 2756 938 2809 exempla
970 2755 1201 2805 descendit,
1232 2769 1338 2808 quae
1368 2755 1567 2798 brevitati

112 2822 287 2863 studens
315 2823 398 2863 huc
422 2823 650 2864 transferre
676 2824 939 2877 supersedeo.
1003 2823 1130 2864 Libet
1160 2827 1306 2864 tamen
1332 2824 1394 2864 rei
1420 2825 1465 2865 in
1487 2826 1566 2866 hac

200 2912 210 2926 ⁵
229 2907 549 2948 probat1lt's]prob(ms
565 2908 611 2939 ed.
631 2908 691 2939 ’76.
883 2910 890 2926 ¹
916 2911 944 2938 in
962 2910 1054 2938 obsid.
1073 2907 1209 2948 Rupell]
1229 2918 1270 2938 sc.
1289 2918 1371 2939 anno
1392 2910 1480 2941 1573.
