1985 3308
221 270 275 300 Di:
295 270 367 300 Hv-

235 322 360 343 imore.

197 469 363 501 Vesicato-

192 512 240 542 ria
257 523 338 552 gan-

192 565 345 595 graenam

191 608 284 637 saepe
300 599 349 628 in-

190 641 303 672 vitant.

193 738 302 770 Quare
309 739 382 769 vul-

191 791 253 811 nus
269 781 364 812 levis-

193 824 314 854 simum

191 867 224 896 in
237 867 364 906 Hydro-

190 909 335 949 picorum

190 961 284 981 carne
301 961 359 981 cu-

191 1001 263 1024 ratu
280 999 327 1024 est

193 1036 347 1067 difficilli-

191 1089 294 1110 mum.

196 2316 356 2345 CoxcLu·

196 2367 260 2388 810.

401 158 489 197 474
817 155 1073 197 THOMAE
1108 153 1449 196 SYDENHAM

400 262 538 316 primo
578 261 639 302 vis
673 262 928 316 simplicium
967 262 1201 304 cathartica
1234 261 1295 301 ita
1335 259 1507 313 penitus
1547 271 1862 312 nonnunquam

400 330 604 371 musculis
644 343 692 370 ac
726 330 984 371 membranis
1017 329 1292 382 impingatur,
1327 332 1377 366 ut
1414 325 1621 366 excitetur
1659 324 1863 378 hyperca-

400 397 567 448 tharsis,
589 397 709 438 nulla
735 397 1019 438 remediorum
1050 409 1127 449 ope
1154 407 1346 447 unquam
1376 391 1588 442 sistenda;
1619 390 1865 432 vesicatoria

401 471 547 506 autem
575 465 678 506 locis
707 464 931 518 praedictis
963 463 1014 504 ab
1047 462 1257 516 empiricis
1291 460 1491 514 applicari
1519 459 1654 510 solita,
1681 459 1864 500 calorem

399 533 640 574 naturalem
656 534 746 586 jam
766 532 899 572 ferme
921 531 1040 584 aquis
1062 530 1277 579 obrutum,
1302 527 1598 569 deficientibus
1618 527 1723 568 item
1744 526 1865 580 spiri-

398 600 514 641 tibus
545 599 812 649 animalibus,
843 597 1018 638 omnino
1051 597 1324 650 extinguunt,
1354 602 1397 637 et
1430 609 1720 649 gangraenam
1753 595 1864 649 (plus

399 668 500 708 satis
520 668 567 708 in
595 667 676 707 hoc
698 679 800 706 casu
820 664 1101 717 familiarem,)
1128 677 1432 718 saepenumero
1462 663 1647 704 invitant
1660 680 1672 714 3
1705 662 1864 703 etenim

396 735 552 775 vulnus
582 734 649 774 vel
677 731 938 773 levissimum
969 731 1014 771 in
1047 730 1393 786 Hydropicorum
1433 731 1632 772 carnibus
1667 731 1865 785 (maxime

397 803 441 843 in
464 801 655 843 membro
681 800 924 855 pendente,)
951 806 1104 841 sanatu
1125 800 1421 841 difficillimum
1449 805 1526 852 est,
1550 800 1753 854 quoniam
1773 801 1866 854 ipsa

397 870 589 911 carnium
611 869 851 910 substantia
870 868 937 908 his
964 868 1011 908 in
1030 868 1224 922 partibus
1255 883 1390 922 usque
1419 869 1524 910 adeo
1553 868 1715 923 irrigua
1736 874 1800 910 est
1821 873 1865 910 et

398 945 563 981 scatens
582 939 721 990 latice,
742 943 804 989 ut,
828 938 928 979 data
955 952 1208 991 quacunque
1236 943 1372 992 porta,
1396 937 1600 979 continuo
1621 952 1749 978 cursu
1768 951 1865 992 pro-

396 1014 567 1063 rumpat
587 1009 754 1059 humor,
781 1023 805 1049 a
826 1022 909 1062 quo
928 1007 1115 1049 vulneris
1137 1008 1448 1062 conglutinatio
1468 1008 1714 1062 impeditur.
1774 1008 1865 1050 Ne-

398 1092 480 1131 que
502 1082 575 1118 aut
595 1076 771 1117 feliciori
793 1090 892 1117 cum
912 1080 1080 1127 eventu,
1104 1081 1178 1117 aut
1199 1076 1363 1117 minore
1385 1076 1640 1127 discrimine,
1664 1075 1866 1116 adminis-

397 1151 570 1187 trantur
606 1146 689 1199 (me
710 1145 883 1199 judice‚)
919 1145 1005 1186 sive
1034 1146 1334 1199 paracentesis,
1358 1146 1443 1187 sive
1474 1151 1811 1200 acu-puncturae
1842 1159 1867 1187 a

398 1214 618 1256 nonnullis
640 1214 890 1265 celebratae,
910 1229 1038 1268 quam
1057 1215 1342 1257 vesicatorian.

459 1282 569 1338 [41.]
603 1283 666 1323 Ut
686 1283 863 1323 tandem
883 1283 1057 1323 finiam:
1091 1283 1281 1337 quamvis
1311 1283 1380 1325 hic
1407 1284 1595 1335 morbus,
1618 1283 1694 1325 ubi
1709 1283 1800 1338 jam
1820 1283 1868 1324 in

399 1366 547 1392 verum
567 1351 745 1392 Asciten
766 1351 956 1401 evaserit,
979 1365 1056 1405 pro
1078 1351 1295 1405 deplorato
1320 1367 1487 1406 semper
1515 1352 1688 1394 habitus
1708 1351 1865 1401 fuerit;

401 1427 593 1462 attamen
613 1420 837 1471 constabit,
862 1420 986 1474 quod,
1010 1420 1045 1460 si
1066 1421 1179 1462 dicto
1200 1421 1328 1463 modo
1349 1427 1573 1472 tractetur,
1596 1435 1729 1474 aeque
1751 1425 1867 1462 certo

399 1494 540 1543 potest
566 1488 785 1542 subjugari
810 1488 950 1542 (modo
980 1488 1140 1529 viscera
1171 1504 1195 1530 a
1225 1489 1495 1543 corruptione
1525 1489 1610 1529 sint
1630 1488 1792 1541 libera,)
1818 1501 1866 1527 ac

400 1557 473 1600 alii
493 1558 695 1611 permulti
717 1557 789 1611 qui
809 1571 898 1597 non
918 1557 978 1597 ita
997 1557 1158 1598 funesti
1177 1558 1304 1610 vulgo
1326 1558 1619 1598 aestimantur.

468 1624 579 1681 [42]
611 1626 671 1666 At
693 1625 729 1665 si
745 1625 837 1678 quis
858 1625 966 1665 forte
988 1625 1176 1678 arguerit
1197 1625 1300 1665 haec
1321 1625 1520 1675 remedia,
1540 1629 1690 1678 utpote
1707 1623 1867 1677 simpli-

402 1693 571 1734 cissima
592 1698 634 1734 et
657 1693 781 1746 plane
802 1693 1097 1743 inartificialia,
1120 1707 1198 1746 ego
1222 1693 1378 1746 potiori
1397 1693 1494 1746 jure
1516 1693 1606 1745 ejus
1630 1691 1868 1745 nequitiam

404 1776 581 1816 arguam
603 1766 645 1802 et
666 1761 879 1815 improbos
896 1776 1034 1802 mores
1050 1779 1062 1811 3
1095 1761 1142 1810 si,
1161 1761 1262 1802 dum
1284 1761 1482 1814 ringatur
1503 1760 1605 1800 alios
1625 1759 1870 1813 hujusmodi

402 1830 663 1884 simplicibus
684 1830 1006 1871 medicamentis
1028 1829 1180 1883 juvari,
1205 1843 1260 1879 se,
1283 1843 1473 1878 uxorem,
1494 1828 1560 1868 vel
1579 1827 1734 1868 liberos
1756 1841 1866 1878 suos,

401 1897 609 1951 siquando
636 1898 960 1951 aegrotaverint,
982 1897 1049 1937 vel
1070 1897 1280 1937 n'lissimis
1303 1896 1357 1937 ad
1378 1897 1605 1937 sanitatem
1630 1895 1777 1936 reduci
1799 1910 1868 1937 ex-

402 1970 534 2018 optet.
566 1964 703 2015 Addc,
727 1964 840 2018 quod
860 1965 1008 2005 fucum
1029 1965 1108 2005 sibi
1128 1965 1229 2005 facit
1250 1965 1396 2015 morio,
1420 1965 1653 2019 “equitans
1674 1964 1720 2005 in
1742 1979 1869 2005 arun-

402 2033 501 2073 dine
530 2033 693 2086 longa''
727 2033 900 2086 [Horat.
925 2033 1014 2073 Sat.
1037 2032 1079 2073 ii.
1103 2034 1143 2073 3.
1166 2033 1285 2086 248]
1307 2050 1318 2083 3
1351 2032 1512 2073 etenim
1533 2032 1651 2073 Artis
1672 2031 1868 2073 Medicae

400 2116 555 2155 pompa
585 2106 627 2141 et
661 2100 847 2154 dignitas
877 2115 966 2141 non
996 2106 1086 2141 tam
1115 2100 1162 2140 in
1191 2100 1472 2141 formularum
1503 2099 1793 2142 concinnitate
1825 2105 1868 2142 et

401 2167 627 2222 elegantia,
651 2182 779 2222 quam
799 2168 847 2208 in
866 2167 1113 2209 morborum
1136 2168 1368 2220 curatione,
1391 2168 1594 2210 cernitur.

462 2306 572 2362 [43]
606 2309 750 2361 Atque
769 2307 875 2348 haec
897 2313 997 2348 sunt
1020 2321 1126 2360 quae
1155 2306 1207 2347 de
1235 2306 1301 2346 his
1323 2305 1489 2347 duobus
1509 2304 1668 2346 morbis
1691 2304 1870 2346 dicenda

400 2374 532 2415 habui
544 2392 555 2425 ς
589 2380 630 2415 et
657 2375 754 2427 (nisi
774 2375 925 2428 fallor,)
952 2375 1053 2415 alios
1074 2374 1189 2414 haud
1211 2374 1423 2426 attingam
1443 2387 1648 2426 unquam.
1704 2373 1869 2414 Verum

399 2442 483 2483 ista
506 2445 617 2496 quod
638 2448 800 2497 spectat
829 2457 936 2496 quae
960 2443 1168 2483 hactenus
1195 2442 1243 2482 in
1272 2441 1494 2495 publicum
1515 2441 1625 2491 dedi,
1648 2440 1684 2481 si
1705 2441 1798 2494 quis
1820 2455 1870 2482 ea

402 2511 533 2552 semel
562 2516 735 2552 tantum
765 2511 982 2564 perlegere
1014 2511 1229 2564 dignetur,
1252 2515 1315 2550 est
1348 2509 1461 2563 quod
1491 2509 1658 2550 doleam
1678 2523 1747 2549 me
1767 2509 1869 2550 huic

402 2592 495 2619 eam
526 2578 734 2632 perdendi
764 2579 968 2632 temporis
997 2592 1144 2618 ansam
1175 2577 1469 2632 praebuisse⁰;
1513 2576 1627 2630 quod
1655 2577 1690 2617 si
1720 2576 1868 2618 eadem

402 2646 568 2700 saepius
598 2647 785 2699 relegere
810 2646 1003 2697 voluerit,
1027 2652 1069 2687 et
1098 2647 1184 2686 alta
1214 2651 1360 2686 mente
1385 2659 1601 2699 reponere,
1623 2645 1768 2685 nullus
1790 2645 1868 2686 du-

403 2714 491 2754 bito
524 2714 627 2767 quin
653 2728 752 2755 cum
776 2714 964 2755 fructum
995 2728 1046 2755 ex
1075 2714 1127 2754 iis
1155 2714 1304 2767 capiet,
1327 2713 1399 2767 qui
1427 2718 1524 2754 voto
1550 2718 1592 2753 et
1619 2712 1786 2766 magnis
1806 2712 1867 2753 la-

405 2781 576 2822 boribus
613 2797 717 2836 quos
750 2797 828 2836 ego
860 2783 907 2822 in
938 2782 1031 2822 istis
1064 2781 1427 2823 observationibus
1457 2780 1662 2822 faciendis
1697 2793 1865 2833 compo-

404 2849 639 2902 nendisque
688 2850 833 2900 locavi,
876 2850 1143 2903 aliquatenus
1183 2848 1448 2903 respondeat.
1531 2846 1652 2888 Quae
1694 2846 1866 2900 quidem

449 2937 465 2953 ¹¹
492 2933 642 2972 Sequitur
659 2934 690 2963 in
708 2934 754 2964 ed.
773 2936 825 2964 ⁷83
848 2936 946 2964 Travt.
966 2936 990 2964 I.
1011 2936 1025 2971 ξ
1043 2935 1100 2966 68;
1162 2939 1206 2962 est
1222 2935 1380 2969 disserere,
1398 2943 1483 2972 quae,
1502 2934 1561 2961 nisi
1574 2933 1712 2961 memoria
1726 2933 1798 2960 mihi
1813 2942 1864 2960 ex-

406 2975 518 3004 deinde
549 2986 629 3015 quae
668 2982 846 3015 sequuntur
858 2982 1000 3016 z—atqm’
1030 2979 1102 3005 haec
1164 2978 1312 3009 viderant,
1331 2977 1390 3004 lot-o
1409 2977 1504 3013 magis
1520 2972 1709 3012 srmsuerant
1727 2975 1862 3005 dicenda.

405 3023 472 3047 sunt
484 3029 558 3058 quac
575 3020 622 3047 hic
635 3020 669 3048 (Ie
688 3021 742 3048 {⁵10
755 3022 878 3049 remedii
888 3030 997 3058 gemm·
1010 3022 1102 3048 risum
1207 3024 1222 3039 ⁰
1248 3018 1296 3049 Cf.
1316 3020 1420 3048 Sched.
1438 3018 1544 3047 Manis.
1563 3027 1591 3056 p.
1615 3019 1681 3046 182.
