1985 3308
214 283 325 313 Ριευ-

221 335 324 356 ains.

176 1580 346 1609 Cunna).

381 173 466 214 248
800 174 1056 216 THOMAE
1091 174 1432 217 SYDENHAM

379 280 521 321 minus
537 280 716 334 pleniori
737 286 857 322 exeat
874 282 1057 335 gurgite,
1072 295 1210 336 neque
1231 282 1300 323 hic
1317 281 1492 335 sanguis
1507 278 1836 321 Pleuriticorum

381 349 633 402 sanguinem
664 350 801 391 colore
832 350 1083 399 aemulatur,
1108 364 1247 403 neque
1278 362 1402 402 aeger
1432 362 1508 402 par
1538 348 1691 389 exinde
1722 361 1835 389 com-

380 417 556 458 modum
577 418 701 472 capit.
763 417 992 459 Observavi
1019 418 1161 467 etiam,
1185 417 1310 470 quod,
1334 416 1367 456 si
1394 416 1567 469 sanguis
1591 429 1738 457 recens
1766 429 1835 456 ex-

379 489 554 535 tractus,
591 499 844 539 quocunque
880 485 1053 526 demum
1092 485 1219 525 modo
1254 484 1437 534 fluxerit,
1471 484 1662 524 immisso
1702 483 1836 537 digito

381 552 578 606 agitetur,
602 553 820 607 superficie
847 553 1020 594 rubenti
1048 566 1096 593 ac
1121 551 1281 603 florida,
1303 556 1352 592 ut
1380 551 1427 592 in
1453 551 1544 593 aliis
1564 551 1722 593 morbis
1744 551 1835 606 qui-

379 619 578 670 buslibet,
602 620 875 674 spectabitur.

439 688 552 728 Utut
568 701 665 728 vero
687 688 859 741 sanguis
881 702 924 729 se
944 687 1087 738 habet,
1103 687 1277 727 morbus
1297 687 1380 738 hic,
1397 687 1568 728 tametsi
1587 687 1770 738 infamis,
1793 692 1836 729 et

379 755 588 808 plerisque
624 755 715 796 aliis
751 760 899 809 suapte
939 760 1095 796 natura
1133 755 1417 808 periculosior,
1452 760 1599 796 tamen
1635 756 1670 796 si
1704 755 1837 809 perite

377 827 597 872 tractetur,
620 823 739 863 facile
760 824 944 864 vincitur
956 840 967 874 ;
1000 829 1042 864 et
1064 823 1236 877 quidem
1263 837 1351 864 non
1371 824 1514 864 minus
1536 828 1652 864 certo
1672 828 1715 865 et
1735 837 1835 864 con-

379 895 554 940 stanter,
578 904 705 943 quam
738 891 808 931 alii
840 891 1111 931 Medicorum
1143 895 1321 932 conatus
1354 890 1408 931 ad
1439 890 1633 931 homines
1661 890 1713 931 ab
1736 891 1837 931 Orci

377 958 569 998 faucibus
604 958 858 1009 liberandos,
895 958 1150 1013 morbosque
1189 958 1538 1010 averruncandos,
1573 958 1748 1012 perduci
1783 958 1837 999 ad

377 1025 539 1066 exitum
558 1026 724 1067 felicem
747 1027 897 1068 solent.

443 1094 521 1147 [5.]
560 1095 700 1134 Variis
721 1094 900 1148 hujusce
920 1094 1060 1136 morbi
1084 1093 1390 1148 Phaenomenis
1412 1093 1638 1148 diligenter
1657 1107 1835 1148 perpen-

378 1162 447 1213 sis,
469 1162 577 1203 nihil
597 1163 713 1203 aliud
733 1163 854 1203 illum
883 1177 973 1204 esse
1001 1163 1194 1214 arbitror,
1218 1177 1346 1217 quam
1376 1162 1537 1203 febrem
1559 1177 1584 1203 a
1602 1163 1771 1216 propria
1793 1167 1836 1203 et

377 1231 579 1284 peculiari
604 1231 824 1284 sanguinis
853 1231 1192 1272 inflammatione
1223 1236 1374 1282 ortam,
1399 1245 1482 1285 qua
1501 1230 1672 1271 Natura
1700 1235 1835 1271 mate-

376 1299 482 1338 riam
504 1304 751 1352 peccantem
772 1299 819 1339 in
838 1300 1029 1353 pleuram
1059 1299 1246 1353 deponit,
1269 1313 1581 1353 nonnunquam
1609 1303 1652 1340 et
1676 1298 1723 1338 in
1741 1299 1835 1352 pul-

376 1381 536 1417 mones,
553 1367 669 1407 unde
689 1367 1039 1421 peripneumonia
1060 1368 1277 1408 suboritur
1289 1385 1300 1418 ;
1333 1382 1461 1421 quam
1483 1382 1507 1407 a
1526 1367 1677 1420 priore,
1700 1367 1835 1419 gradu

376 1440 548 1475 tantum
569 1440 612 1475 et
632 1449 708 1488 pro
728 1436 888 1489 majore
915 1437 1106 1490 ejusdem
1134 1450 1284 1477 causae
1310 1436 1552 1477 intentione
1576 1439 1835 1488 extentuque

376 1502 528 1552 latiori,
552 1503 720 1543 differre
742 1508 932 1544 autumo.

442 1569 521 1623 [6.]
560 1568 692 1610 Hunc
724 1570 869 1624 itaque
902 1571 947 1611 in
979 1571 1092 1612 dicto
1124 1572 1272 1612 morbo
1300 1571 1498 1626 pellendo
1530 1570 1636 1612 mihi
1661 1585 1836 1626 scopum

375 1651 576 1692 propono,
598 1643 648 1678 ut
677 1638 833 1679 seih'cet
865 1639 1085 1692 sanguinis
1116 1639 1497 1680 inflammationem
1527 1640 1769 1694 reprimam,
1792 1644 1835 1681 et

375 1705 602 1758 particulas
643 1706 833 1760 ejusdcm
875 1720 1083 1757 accensas,
1126 1721 1233 1760 quae
1273 1708 1319 1747 in
1359 1707 1653 1748 membranam
1697 1712 1835 1748 costas

376 1773 695 1827 succingentem
734 1774 819 1814 vim
868 1774 1074 1824 fecerunt,
1116 1780 1158 1815 ct
1207 1775 1405 1816 incendio
1456 1774 1834 1816 collabefactarunt

375 1844 531 1894 omnia,
553 1858 628 1897 per
650 1844 945 1885 evacuationes
967 1844 1131 1885 debitas
1152 1845 1365 1885 revellam.

433 1911 722 1953 Quamobrem
742 1912 788 1952 in
808 1913 1147 1953 venae-sectione
1178 1927 1295 1966 spem
1325 1926 1488 1966 ponens
1519 1912 1762 1962 maximam,
1783 1916 1833 1953 ut

372 1980 559 2033 primum
581 1994 782 2031 accersor,
805 1981 1058 2034 sanguinem
1089 1995 1112 2022 e
1142 1981 1314 2022 brachio
1345 1981 1489 2022 lateris
1511 1981 1651 2022 affecti
1673 1981 1727 2021 ad
1753 1995 1832 2021 un-

373 2047 457 2088 cias
489 2047 634 2088 decem
666 2053 740 2088 aut
771 2048 938 2089 circiter
967 2049 1227 2089 mittendum
1255 2063 1369 2089 curo.
1431 2049 1656 2090 Potionem
1678 2048 1831 2090 deinde

373 2120 620 2167 sequentem
644 2115 788 2155 statim
810 2130 834 2156 a
854 2116 1192 2157 venae-sectione
1219 2116 1406 2170 primum
1430 2116 1641 2157 celebrata
1662 2129 1832 2156 sumen-

372 2182 469 2223 dam
491 2183 729 2236 praescribo
745 2200 813 2224 :—

375 2289 506 2333 [Form.
525 2291 621 2332 33.]²
657 2287 696 2337 R
724 2291 847 2334 Aquae
865 2289 1054 2335 Papaveris
1071 2290 1256 2324 Rhoeados
1273 2291 1395 2324 uncias
1413 2297 1570 2335 quatuor,

723 2345 813 2379 Salis
832 2346 1016 2381 Prunellae
1035 2347 1234 2380 drachmam
1254 2359 1373 2388 unam,

725 2403 850 2448 Svrupi
870 2404 1046 2438 Violarum
1064 2405 1205 2438 unciam
1221 2415 1350 2444 unam3

561 2458 696 2499 Misce3
722 2460 781 2493 fiat
797 2459 954 2494 haustus.

374 2552 535 2593 Eodem
557 2558 747 2608 tempore
769 2559 1017 2609 sequentem
1040 2554 1318 2596 emulsioncm
1338 2555 1577 2608 praescribo
1593 2572 1662 2596 :—

378 2657 510 2699 [Fm-m.
529 2662 624 2703 34.]²
660 2658 700 2706 R
728 2661 943 2705 Amygdalas
961 2661 1089 2695 Dulces
1107 2668 1250 2706 septem,

727 2717 909 2752 Seminum
927 2718 1123 2759 Melonum,

727 2775 946 2816 [seminum]
968 2775 1161 2820 peponum,
1177 2786 1245 2809 ana
1262 2776 1488 2815 semunciam,

727 2831 907 2866 Seminum
928 2832 1114 2877 Papaveris
1133 2833 1212 2866 Albi
1231 2833 1413 2866 drachmas
1429 2832 1534 2872 duas;

506 2940 518 2955 Ζ
544 2936 590 2966 Cf.
611 2937 699 2968 form.
722 2939 789 2967 163.
1224 2944 1234 2957 ⁸
1260 2940 1309 2970 Cf.
1326 2940 1450 2970 formm.
1468 2941 1519 2975 62,
1542 2940 1609 2973 164.
1627 2941 1698 2969 ⁶2:³3.
