1985 3308
403 121 725 164 SCHEDULA
756 121 1107 162 MONITORIA
1139 120 1223 161 III.
1458 123 1541 163 523

89 229 307 284 ingratum
326 229 558 270 redderem.
619 228 688 269 Ab
709 228 887 282 hujusce
913 227 1088 268 remedii
1108 241 1190 268 usu
1210 227 1277 267 vix
1298 227 1381 267 dici
1402 232 1541 280 queat,
1562 238 1740 269 Danu

90 302 298 350 quantum
323 311 401 350 ego
427 297 645 338 levaminis
670 296 780 337 circa
814 297 984 337 Renum
1015 294 1233 348 regionem
1259 295 1516 348 perceperim
1529 312 1540 345 ς
1577 282 1730 353 {222¹}ss

88 365 187 406 licet
208 365 322 405 enim
349 370 475 406 antea
495 379 583 406 non
608 378 772 418 semper
802 363 993 404 dolerent
1016 364 1169 414 Renes,
1192 366 1338 403 tamen
1358 362 1543 416 pondere

89 431 272 484 quodam
294 432 506 485 gravativo
527 437 569 472 et
589 432 767 472 molesto
788 445 913 472 sensu
934 430 1237 471 afficiebantur.
1300 429 1427 471 Quod
1447 443 1545 470 cum

89 498 150 539 ita
169 499 347 540 feliciter
373 499 478 539 mihi
505 499 642 550 cessit,
664 499 777 540 idem
801 498 1081 539 catharticum
1112 497 1288 551 singulis
1314 496 1544 538 hebdoma-

91 566 154 606 dis
185 571 297 607 stato
319 567 498 620 quodam
533 567 598 607 die
630 567 683 607 ad
708 580 874 607 menses
905 566 1065 619 aliquot
1096 565 1320 607 continuos
1349 565 1394 605 in
1418 579 1546 604 usum

89 634 337 675 revocabam
353 651 365 684 ;
412 639 454 675 et
494 638 589 688 post
630 634 818 687 singulas
859 634 1098 675 catharseos
1137 633 1247 674 vices
1287 632 1438 673 melius
1477 646 1546 672 me

89 700 289 742 habuisse
309 701 434 754 plane
465 715 560 741 sum
587 707 796 754 expertus,
819 701 951 742 donec
979 702 1154 742 tandem
1179 701 1307 742 etiam
1332 700 1545 741 rudiorem

91 783 239 810 currus
267 770 662 823 conquassationem
687 771 795 811 ferre
822 771 1046 824 potuerim,
1074 770 1125 810 ab
1153 770 1233 810 hoc
1264 773 1546 824 symptomate

90 852 261 891 prorsus
276 838 480 878 liberatus
495 852 630 891 usque
652 838 706 878 ad
726 839 833 878 veris
853 844 1022 891 tempus
1034 839 1122 892 jam
1137 838 1324 892 proxime
1341 838 1544 891 elapsum.

92 905 189 946 Quo
219 909 458 958 appetente,
490 919 588 945 cum
615 920 689 958 per
716 919 1003 959 praegressam
1034 906 1231 959 hyemem
1260 906 1346 946 fere
1376 919 1547 946 omnem

90 972 277 1025 podagra
307 972 576 1022 laborassem,
609 977 651 1013 et
686 987 785 1026 prae
818 973 949 1013 nimia
983 973 1166 1027 corporis
1202 973 1253 1014 ad
1286 977 1453 1013 motum
1482 973 1546 1013 in-

91 1039 313 1081 habilitate
346 1041 478 1093 quieti
510 1045 551 1081 et
581 1039 779 1096 ἀκινησίᾳ
808 1041 943 1093 magis
975 1055 1102 1094 quam
1135 1041 1236 1081 alias
1267 1041 1454 1082 solebam
1483 1041 1548 1081 in-

93 1107 328 1159 dulsissem,
353 1108 480 1148 rediit
512 1108 652 1149 denuo
686 1109 916 1161 Sanguinis
948 1109 1123 1149 Mictus.
1186 1109 1271 1150 Hic
1302 1123 1380 1162 ego
1410 1123 1465 1149 an
1497 1109 1550 1149 ad

93 1176 308 1217 cathal-sin
339 1190 407 1217 me
437 1177 593 1217 iterum
624 1177 853 1229 reciperem
880 1177 1106 1218 haerebam
1138 1176 1292 1217 dubius
1305 1194 1317 1227 ;
1350 1177 1550 1231 quoniam

92 1245 264 1298 nuperis
296 1244 411 1285 hisce
447 1245 583 1295 annis,
617 1245 734 1285 omni
774 1245 958 1297 corporis
994 1244 1233 1285 substantia
1263 1245 1309 1285 in
1340 1245 1551 1298 podagrae

93 1312 235 1352 sedem
257 1317 299 1352 et
320 1312 513 1352 fomitem
544 1312 663 1365 quasi
692 1326 897 1365 perversa,
920 1312 1213 1362 catharticum,
1237 1313 1551 1365 quantumlibet

92 1380 200 1430 lene,
224 1380 439 1420 diutinum
469 1380 680 1433 podagrae
710 1393 1010 1432 paroxysmum
1041 1386 1156 1420 certo
1187 1380 1341 1420 certius
1369 1394 1551 1420 accerse-

92 1447 179 1488 bat.
240 1447 431 1488 Tandem
463 1446 606 1487 animo
638 1447 922 1496 succurrebat,
946 1447 1070 1499 quod,
1095 1447 1128 1486 si
1148 1447 1439 1500 paregoricum
1468 1448 1551 1487 sin-

93 1515 202 1568 gulis
229 1514 426 1555 noctibus
453 1519 548 1568 post
576 1515 875 1568 purgationem
903 1514 1159 1565 adhiberem,
1184 1529 1266 1567 quo
1290 1515 1502 1555 tumultus
1530 1530 1554 1555 a

92 1583 325 1624 cathartico
347 1582 554 1623 excitatus
576 1583 806 1632 sedaretur,
829 1596 949 1635 posse
970 1596 1038 1622 me
1059 1582 1282 1635 pristinam
1303 1582 1554 1622 methodum

92 1664 276 1692 mannae
297 1651 427 1691 semel
446 1651 493 1690 in
512 1650 778 1691 hebdomade
802 1650 1029 1703 capiendae
1056 1655 1151 1690 tuto
1171 1664 1398 1690 resumere.
1460 1651 1554 1691 Un-

94 1720 179 1761 cias
199 1720 342 1773 itaque
364 1719 469 1759 duas
497 1732 595 1758 cum
624 1719 795 1759 semisse
822 1719 868 1758 in
895 1719 976 1759 seri
1003 1719 1123 1759 lactis
1144 1719 1260 1759 libris
1283 1718 1448 1759 duabus
1471 1718 1552 1758 dis-

94 1788 254 1828 solutas
289 1800 415 1827 mane
448 1786 583 1836 hausi,
613 1791 655 1826 et
684 1800 776 1827 sero
809 1791 953 1839 guttas
989 1786 1172 1827 sedecim
1203 1786 1376 1826 laudani
1404 1786 1554 1839 liquidi

93 1856 140 1896 in
161 1855 361 1896 cerevisia
381 1854 503 1895 tenui
524 1853 784 1894 dormitm’us
805 1854 951 1907 adjeci,
970 1859 1012 1894 et
1034 1869 1237 1894 mannam
1258 1859 1299 1894 et
1320 1853 1554 1894 laudanum

96 1923 209 1964 dicto
237 1922 363 1963 modo
387 1926 596 1975 repetens,
618 1921 682 1962 bis
710 1922 755 1961 in
783 1922 1019 1974 septimana
1047 1922 1100 1962 ad
1127 1936 1199 1962 sex
1218 1922 1339 1962 vices.
1401 1922 1556 1962 Postea

94 2005 192 2032 vero
227 2004 387 2031 manna
423 1989 553 2029 semel
585 1990 630 2028 in
665 1989 901 2042 septimana
931 1994 1102 2030 tantum
1135 1994 1289 2039 uterer,
1326 1989 1555 2029 humorum

94 2060 237 2101 illuvie
261 2061 350 2114 jam
378 2059 439 2099 ita
470 2058 635 2111 copiose
667 2072 691 2098 a
720 2058 952 2099 cathartico
984 2058 1205 2108 subducta,
1237 2063 1286 2098 ut
1315 2072 1339 2097 a
1369 2057 1556 2110 podagra

94 2130 237 2170 minus
265 2127 544 2168 metuendum
575 2131 678 2167 crat.
741 2127 850 2167 Cum
875 2132 1019 2167 tamen
1050 2140 1145 2166 mea
1167 2126 1273 2166 mihi
1302 2126 1410 2166 ratio
1430 2126 1556 2179 plane

96 2197 329 2246 dictaverit,
353 2195 478 2249 quod,
501 2195 535 2235 si
556 2195 756 2235 facultate
785 2195 936 2247 aliqua,
959 2194 1043 2235 sive
1075 2194 1340 2244 dissolvente,
1364 2194 1448 2234 sive
1475 2194 1556 2234 alio

97 2265 242 2319 quovis
275 2264 401 2304 modo
433 2262 754 2315 lithontriptica,
788 2262 915 2302 fuerit
946 2262 1151 2315 insignita
1179 2276 1350 2312 manna,
1383 2261 1557 2302 omnino

97 2338 161 2373 est
192 2345 363 2372 necesse
402 2335 451 2370 ut
488 2330 862 2380 medicamentum,
896 2331 1017 2383 quale
1049 2335 1111 2370 est
1142 2330 1387 2378 laudanum,
1421 2329 1557 2369 valide

98 2400 352 2452 astringens,
374 2398 560 2448 remedii,
583 2398 628 2438 in
660 2412 742 2451 quo
773 2412 889 2451 spem
922 2398 1232 2447 collocaveram,
1255 2397 1481 2437 efficaciam
1510 2411 1558 2437 ac

96 2468 182 2508 vim
223 2467 519 2521 quadantenus
555 2466 761 2519 infringat
779 2483 789 2515 ;
835 2466 966 2506 satius
1007 2480 1096 2506 esse
1137 2465 1238 2505 duxi
1278 2464 1558 2518 hypnoticum

96 2536 274 2576 missum
306 2536 455 2584 facere,
482 2549 579 2575 cum
603 2535 693 2588 jam
725 2534 851 2574 semel
883 2540 1054 2574 tantum
1081 2534 1126 2573 in
1154 2533 1390 2586 septimana
1417 2533 1558 2572 alvum

99 2605 316 2646 solverem.
382 2601 464 2657 [5.]
504 2603 558 2643 In
591 2617 674 2655 qua
694 2603 895 2642 methodo
911 2604 1000 2656 jani
1023 2602 1075 2642 ad
1097 2616 1262 2642 menses
1284 2602 1444 2655 aliquot
1465 2614 1558 2654 per-

99 2672 315 2723 stiterimc,
348 2671 531 2712 eundem
564 2671 824 2724 septimanae
853 2671 964 2711 diem
993 2670 1149 2724 ubique
1177 2670 1359 2710 catharsi
1388 2670 1532 2710 dicans
1546 2687 1558 2720 3

97 2755 177 2782 nec
198 2754 266 2781 me
288 2740 340 2781 ab
361 2740 442 2780 hoc
462 2753 556 2780 meo
578 2753 706 2789 more,
730 2753 780 2779 ex
812 2753 1063 2792 quacunque
1094 2739 1192 2780 data
1220 2753 1334 2789 ansa,
1358 2739 1559 2780 dimoveri

99 2807 301 2862 patererd.
364 2808 496 2857 Licet,
526 2821 549 2847 a
580 2807 714 2860 prima
746 2807 921 2847 remedii
958 2807 1084 2860 hujus
1118 2806 1220 2857 dosi,
1258 2806 1376 2847 dolor
1412 2807 1483 2860 qui
1514 2808 1560 2848 in

143 2898 155 2912 ι’
178 2895 290 2934 aliquo!
304 2891 442 2932 pvrstiL]
461 2894 702 2932 uliqnammzdtos
715 2894 844 2930 persia-lo
860 2892 906 2922 cd.
927 2892 987 2921 ¹56.
1119 2890 1131 2908 ‘¹
1154 2891 1296 2931 paterer]
1310 2894 1411 2931 patior
1428 2893 1475 2923 ed.
1495 2893 1555 2923 ’86.
