1985 3308
422 162 814 204 DISSER'PATIO
846 162 1250 203 EPISTOLARIS.
1478 167 1561 205 353

107 269 287 322 repetito
304 269 431 309 fixam
454 268 517 318 iri,
534 273 577 308 et
597 268 870 322 ptyalismum
889 268 1074 308 retundi,
1128 268 1296 310 Quibus
1312 269 1557 322 respondeo,
1578 282 1633 311 DE
1651 283 1762 312 Vam-

106 336 281 377 omnino
315 336 538 378 fatendum
577 350 666 377 esse
707 335 998 376 salivationem
1038 336 1306 388 aliquatenus
1346 336 1557 387 imminui,
1577 326 1761 396 οἷΐζῑξζᾞ·

104 417 327 457 nunquam
357 409 503 445 tamen
531 404 593 444 ita
624 403 793 457 penitus
824 416 998 453 cessare,
1021 407 1070 443 ut
1102 417 1190 444 non
1217 404 1474 457 longissimis
1505 405 1556 445 ab
1576 410 1751 450 W

104 476 321 524 assumpto
351 472 549 525 anodyno
579 470 822 521 intervallis,
855 474 981 524 atque
1012 471 1102 524 ejus
1132 471 1173 510 vi
1200 471 1291 524 jam
1321 471 1555 522 fatiscente,
1574 463 1729 534 Ξξὲῗὲᾞο

103 538 301 578 nonnihil
325 539 603 590 recrudescat,
630 539 715 580 imo
746 552 842 579 vero
873 538 1044 591 gemino
1073 538 1153 578 hoc
1179 539 1400 580 commodo
1431 539 1556 593 stipe·
1575 547 1737 577 tundendi.

101 609 196 646 tur:
227 606 378 660 primo,
409 607 520 659 quod
553 620 689 660 aeger,
717 605 876 646 viribus
907 619 931 646 a
960 605 1174 646 narcotico
1204 605 1464 656 instauratis,
1495 606 1556 659 pi-

100 675 258 716 tuitam
286 675 464 715 validius
495 680 762 728 expectorare
791 674 951 723 valeat;
998 673 1110 724 dein,
1142 673 1255 726 quod
1291 673 1419 713 saliva
1451 687 1557 726 quae

101 747 334 792 excreatur,
363 742 461 783 licet
491 742 655 795 parcior
679 742 745 792 sit,
767 741 922 782 rectius
950 745 1096 781 tamen
1128 744 1301 781 excocta
1324 743 1400 790 est,
1430 753 1557 792 quam

101 809 136 849 si
163 809 409 863 anodynum
430 823 518 850 non
537 810 666 850 fuerit
687 809 936 850 exhibitum.
999 808 1196 849 Proximo
1216 808 1320 858 loco,
1341 807 1557 862 ptyalismi

99 878 289 918 defectus
309 878 378 919 hic
398 878 587 931 partialis
612 878 835 931 plusquam
866 881 1164 930 compensatur
1183 876 1305 917 faciei
1328 889 1554 916 manuum-

98 959 180 999 que
209 950 390 995 tumore,
413 946 486 999 qui
511 959 561 986 ex
588 947 768 999 repetito
799 945 1031 999 paregorici
1057 959 1140 985 usu
1170 949 1212 985 et
1243 944 1396 985 certior
1427 948 1490 984 est
1512 948 1554 984 et

96 1013 233 1067 major
263 1014 310 1054 in
341 1014 392 1054 iis
429 1014 577 1054 diebus
614 1013 766 1067 quibus
798 1014 876 1054 hae
906 1018 1047 1067 partes
1075 1013 1212 1053 solent
1242 1013 1525 1053 intumescere
1540 1029 1552 1062 5

95 1080 222 1122 facies
250 1082 408 1122 scilicet
433 1081 486 1122 ab
507 1087 654 1123 octavo
676 1081 742 1122 die
764 1095 898 1134 usque
924 1082 976 1122 ad
1006 1081 1295 1131 undecimum,
1322 1081 1421 1133 (quo
1445 1085 1552 1120 tem-

94 1162 196 1202 pore
216 1149 303 1190 fere
333 1150 482 1203 incipit
510 1149 756 1202 subsidere,)
781 1163 932 1189 manus
953 1162 1050 1189 vero
1082 1148 1134 1189 ab
1164 1148 1391 1188 undecimo
1419 1162 1552 1201 usque

95 1215 199 1256 dum
219 1217 414 1270 pustulae
435 1230 504 1257 eas
521 1217 763 1257 obsidentes
784 1217 1082 1258 maturuerint.
1128 1217 1272 1269 Atque
1287 1215 1468 1255 fidenter
1489 1229 1551 1254 as-

95 1297 200 1334 sero,
218 1284 434 1325 neminem
450 1285 495 1324 in
512 1285 592 1325 hoc
606 1284 755 1325 morbo
770 1285 900 1338 probe
916 1289 1128 1325 versatum
1144 1297 1264 1336 posse
1278 1296 1433 1335 negare
1446 1282 1550 1322 utri-

92 1350 248 1392 uslibet
278 1352 432 1392 horum
461 1357 681 1392 tumorum
711 1352 961 1402 absentiam,
993 1366 1075 1404 quo
1102 1356 1293 1404 tempore
1321 1364 1364 1390 se
1393 1349 1551 1390 debent

91 1419 326 1469 ostendere,
348 1420 501 1473 pejoris
523 1433 612 1460 esse
633 1419 786 1460 ominis
809 1434 937 1472 quam
957 1419 1231 1473 ptyalismum
1252 1418 1548 1470 interceptum.
1585 1459 1589 1462 ,

91 1486 167 1528 Me
189 1487 302 1540 quod
323 1487 491 1538 attinet,
513 1487 639 1540 longe
659 1487 795 1527 tutius
817 1501 906 1527 esse
927 1490 1104 1527 autumo
1124 1485 1341 1539 ptyalismi
1362 1499 1549 1538 compes-

91 1554 215 1595 cendi
239 1554 464 1596 discrimen
493 1554 647 1604 subire,
670 1569 796 1607 quam
819 1569 843 1594 a
863 1554 1077 1594 narcotico
1099 1553 1325 1603 abstinere,
1349 1552 1462 1605 quod
1488 1552 1550 1593 ita

89 1621 279 1676 impense
309 1622 482 1663 morbus
512 1622 582 1663 hic
609 1622 826 1675 efflagitat,
854 1627 904 1663 ut
929 1621 974 1662 in
1006 1635 1055 1662 eo
1079 1621 1197 1662 rudis
1229 1621 1283 1661 sit
1309 1624 1474 1673 oportet
1506 1626 1548 1661 et

89 1704 239 1743 parum
267 1690 548 1731 observationi
579 1690 758 1740 deditus,
792 1690 865 1744 qui
899 1704 1046 1744 aegros
1075 1704 1173 1730 suos
1204 1688 1392 1730 subsidio
1424 1693 1547 1729 tanto

89 1758 324 1799 defraudat.

152 1826 260 1880 [41.]
297 1826 401 1866 Non
421 1840 518 1866 vero
542 1826 603 1866 ita
629 1825 834 1879 capienda
855 1830 955 1866 sunt
981 1839 1088 1879 quae
1115 1825 1324 1866 hactenus
1352 1823 1542 1873 disserui,
1565 1839 1674 1870 Quare
1687 1850 1750 1870 non

88 1907 135 1935 ac
160 1894 194 1934 si
224 1908 302 1947 ego
330 1894 625 1947 quotidianum
657 1894 836 1935 diacodii
865 1909 1004 1945 usum,
1036 1895 1102 1935 vel
1129 1908 1179 1934 ea
1209 1907 1316 1947 quae
1344 1892 1542 1934 convenit
1561 1883 1753 1954 ffiffiegssj-i‘

86 1960 190 2011 dosi,
210 1961 256 2001 in
276 1961 489 2002 tenellulis
515 1961 750 2001 infantibus
773 1962 844 2014 qui
865 1962 1047 2002 Variolis
1079 1961 1404 2002 Confluentibus
1423 1960 1539 2001 labo·
1558 1967 1686 2015 podium
1706 1967 1739 1998 in

86 2033 196 2078 rant,
219 2028 451 2078 suaderem,
473 2027 556 2068 nisi
582 2027 752 2068 morbus
777 2029 1014 2081 periculum
1039 2042 1163 2082 grave
1190 2029 1391 2078 intentat,
1412 2028 1540 2080 idque
1556 2010 1746 2040 mfanubus:

86 2095 251 2136 duabus
268 2095 319 2136 de
336 2095 471 2136 causis
488 2112 496 2136 :
521 2095 670 2149 primo,
689 2096 787 2149 quia
806 2110 940 2149 usque
957 2096 1061 2136 adeo
1081 2110 1169 2136 non
1185 2097 1325 2136 calent
1340 2095 1538 2145 infantes,

85 2167 212 2216 atque
232 2163 295 2203 illi
325 2177 505 2216 quorum
525 2163 636 2203 vitae
663 2163 733 2203 fax
762 2163 930 2216 plenius
960 2177 1136 2204 accensa
1160 2164 1251 2217 jam
1280 2162 1538 2203 luculentius

83 2230 227 2281 ardet3
254 2230 365 2282 dein,
383 2230 496 2283 quod
515 2231 826 2271 narcoticorum
842 2231 1004 2285 jugiter
1020 2236 1334 2284 assumptorum
1348 2230 1434 2270 vim
1449 2244 1538 2271 non

81 2298 143 2339 ita
168 2298 278 2339 bene
306 2298 415 2339 ferat
447 2302 562 2338 aetas
591 2298 760 2339 mollior
790 2304 832 2339 et
859 2299 994 2352 magis
1024 2299 1207 2340 infirma.
1270 2299 1393 2339 Adde
1424 2299 1536 2352 quod

82 2371 234 2419 sponte
253 2380 330 2406 sua
348 2380 497 2407 somno
516 2366 602 2407 fere
620 2371 825 2420 perpetuo
846 2367 984 2408 morbi
999 2367 1141 2407 taedia
1160 2367 1315 2407 fallunt
1335 2367 1534 2406 infantes.

79 2433 371 2474 Nihilominus
388 2434 551 2487 quoties
566 2434 632 2475 vel
651 2435 849 2488 phrenesi
863 2435 926 2475 illi
945 2435 1243 2489 corripiuntur,
1258 2435 1323 2476 vel
1337 2435 1534 2488 pustulae
1554 2454 1616 2484 quo
1632 2456 1707 2477 casu

14 2530 17 2536 .
79 2501 181 2542 mali
209 2501 338 2541 moris
369 2506 482 2552 sunt,
505 2502 702 2555 anodyna
732 2502 906 2543 omnino
938 2502 1184 2543 indicantur
1196 2520 1208 2553 3
1240 2503 1394 2543 horum
1419 2502 1533 2542 enim
1550 2489 1722 2562 {flag-inan-

15 2591 17 2594 >
78 2575 308 2623 utrumque
328 2570 546 2623 sanguinis
562 2576 688 2624 atque
709 2571 935 2625 spirituum
951 2571 1200 2612 animalium
1220 2578 1384 2612 motum
1401 2572 1532 2613 inter-

77 2637 298 2678 turbatum
318 2638 413 2691 plus
434 2637 535 2678 satis
557 2638 724 2679 evincit.

140 2705 249 2760 [42]
278 2706 376 2747 Duo
397 2705 501 2746 haec
522 2720 628 2759 quae
649 2707 753 2747 adeo
773 2708 933 2761 prolixe
948 2707 1235 2758 tractavimus,
1258 2707 1426 2761 (nempe
1448 2708 1531 2750 ista
1549 2724 1623 2756 Duo
1633 2728 1735 2758 cardi-

51 2815 53 2817 ,
75 2773 301 2814 methodus
323 2788 405 2827 qua
420 2773 603 2814 inhiberi
623 2773 749 2815 debet
765 2789 1044 2828 praepropera
1064 2775 1266 2815 materiae
1282 2775 1527 2817 Variolosae
1547 2769 1645 2798 ‘'egi'‘
1660 2771 1731 2809 qui·

1546 2810 1605 2840 bus
1617 2811 1729 2842 Vario-

74 2840 220 2894 primis
249 2841 294 2882 in
324 2841 472 2882 diebus
497 2841 754 2892 assimilatio,
776 2847 871 2882 tum
902 2848 943 2882 et
975 2843 1119 2893 altera,
1142 2857 1225 2896 qua
1247 2848 1388 2884 motus
1409 2844 1526 2898 spiri-
1544 2852 1648 2902 laram
1665 2865 1722 2885 cu-

73 2912 199 2950 tuum
219 2909 485 2950 inordinatus
516 2908 568 2950 ab
596 2914 868 2950 externarum
888 2910 1075 2964 partium
1101 2910 1525 2953 inflammationevex-
1543 2901 1632 2970 {22¹¹ss
1641 2907 1710 2927 ver-

768 2991 831 3018 ΖΖ
