1985 3308
287 148 809 191 OBSERVATIONUM
840 150 1218 192 MEDICARUM
1251 157 1316 213 IV.
1343 160 1375 190 3.
1473 155 1552 195 175

99 267 171 293 um
187 257 250 294 est
270 254 316 294 in
336 254 520 295 hominis
535 255 660 309 periti
674 269 806 296 manu
827 270 1049 309 organum,
1067 256 1158 310 jam
1173 257 1397 298 laudatum
1422 259 1553 298 medi·
1586 263 1741 294 Drsew.

98 313 356 372 cementum,
387 327 437 362 ut
473 323 564 363 sine
599 323 671 363 illo
706 337 858 363 manca
894 323 948 364 sit
984 337 1032 364 ac
1065 324 1275 365 claudicet
1308 306 1756 381 Medici11a3²³ffi⁰5³2ffi¹

98 389 283 442 quivero
304 390 452 431 eodem
472 390 706 431 instructus
720 391 862 441 fuerit,
880 392 1041 444 majora
1060 392 1293 446 praestabit
1315 407 1443 445 quam
1461 393 1553 446 quis

97 456 150 497 ab
177 470 265 498 uno
295 458 481 499 remedio
502 459 623 499 facile
653 459 903 512 speraverit:
935 459 1052 499 rudis
1080 460 1195 500 enim
1226 460 1280 500 sit
1303 465 1481 513 oportet,
1511 465 1553 501 et

93 538 246 578 parum
272 531 532 579 compertam
558 526 713 567 habeat
738 527 866 580 hujus
892 527 1192 569 medicamenti
1217 528 1315 577 vim,
1340 528 1413 581 qui
1439 528 1552 568 idem
1572 537 1692 576 opium
1711 544 1759 570 est

96 593 234 647 sopori
259 594 535 644 conciliando,
558 594 847 636 demulcendis
875 595 1103 646 doloribus,
1133 601 1175 636 et
1204 596 1448 637 diarrhoeae
1477 596 1551 636 sis-
1570 581 1754 654 ᾗξῗᾎῖξὲῗιᾞ

95 661 250 701 tendae
280 662 488 715 applicare
518 667 690 703 tantum
720 663 850 712 novit,
879 677 977 703 cum
1005 664 1059 703 ad
1083 664 1165 704 alia
1193 664 1376 717 plurima
1407 664 1552 717 (gladii
1570 670 1733 704 praestan-

94 727 230 769 instar
251 729 476 783 Delphici,)
503 731 810 771 accommodari
831 731 976 784 possit,
999 735 1042 771 et
1062 732 1473 785 praestantissimum
1497 732 1551 773 sit
1570 712 1753 781 ἓῖᾞζῗῖἲί.

93 796 329 837 remedium
359 798 598 838 cardiacum
624 799 798 851 (unicum
825 813 933 853 pene
965 799 1171 853 dixerim,)
1198 800 1310 853 quod
1337 800 1383 840 in
1408 814 1551 841 rerum
1570 793 1746 867 {g‘ss'gqhssff-

94 868 250 905 natura
269 865 475 906 hactenus
497 871 560 907 est
580 871 809 920 repertum.
1568 860 1684 910 nitu1‘n.
1713 848 1734 877 g

159 932 266 986 [15]
308 933 402 974 Hac
433 934 633 974 methodo
664 939 786 975 erant
818 935 1067 976 tractandae
1095 935 1376 989 Dysenteriac
1403 936 1449 975 in
1481 950 1551 989 ge-

94 1013 216 1040 nere:
249 1000 559 1042 observandum
584 1007 647 1043 est
674 1007 831 1053 autem,
855 1004 980 1056 quod,
1007 1017 1104 1043 cum
1125 1003 1261 1056 primo
1284 1017 1390 1056 quae
1411 1003 1552 1057 ingre-

95 1069 323 1110 diebantur
343 1084 469 1120 anno,
495 1070 648 1111 indolis
670 1072 804 1124 magis
825 1071 992 1112 subtilis
1018 1072 1097 1124 (uti
1121 1072 1164 1126 [ξ
1189 1072 1247 1125 7.]
1283 1072 1475 1126 dictum,)
1505 1086 1552 1113 ac

95 1137 345 1190 spirituosae
366 1143 519 1189 essent,
543 1153 670 1192 quam
693 1154 798 1193 quae
821 1140 1097 1193 sequentibus
1127 1141 1250 1180 annis
1275 1140 1550 1191 infestabant,

93 1205 249 1245 idcirco
279 1219 367 1245 non
396 1205 458 1245 ita
487 1211 680 1259 prompte
707 1207 951 1248 catharticis
979 1207 1187 1260 parebant
1213 1207 1549 1257 medicamentis,

94 1277 221 1326 atque
251 1273 333 1312 illis
365 1287 472 1326 quae
502 1277 591 1313 tam
617 1275 870 1327 sanguinem
902 1275 1123 1315 diluebant
1152 1275 1550 1328 contemperabant-

94 1354 188 1394 que,
213 1355 339 1393 quam
367 1354 481 1381 acres
507 1341 610 1381 istos
637 1342 836 1382 humores
865 1343 937 1395 qui
963 1356 1014 1382 ex
1041 1343 1189 1382 eodem
1210 1343 1256 1382 in
1277 1343 1464 1382 fistulam
1485 1343 1549 1383 in-
1570 1355 1729 1395 Dysente-

91 1408 335 1449 testinalem
357 1408 706 1449 excernebantur.
765 1410 1056 1451 Quamobrem
1077 1410 1213 1463 primo
1236 1414 1444 1450 autumno
1467 1424 1549 1463 quo
1568 1399 1642 1434 ὡς’
1660 1400 1739 1430 inci-

1591 1452 1618 1471 le

93 1476 299 1518 Tormina
319 1476 428 1516 sicca
448 1480 490 1516 et
512 1477 791 1530 Dysenteriae
811 1477 1084 1527 invadebant,
1102 1477 1352 1517 methodum
1371 1491 1547 1530 sequen-
1567 1443 1746 1515 {offifflft

90 1549 180 1586 tem
210 1548 455 1585 constanter
485 1545 539 1585 ad
568 1550 799 1599 utrumque
833 1545 1031 1586 morbum
1063 1545 1324 1598 abigendum
1358 1545 1546 1596 adhibui,
1566 1529 1719 1600 {gogffi’ussd

92 1617 247 1654 eventu
273 1613 430 1667 ubique
457 1614 713 1667 astipulante
726 1631 737 1664 3
770 1614 904 1654 donec
931 1618 1159 1667 appetente
1186 1613 1342 1667 frigore
1369 1614 1549 1654 eandem
1567 1612 1631 1642 fere
1651 1613 1756 1662 ebolo·-

92 1680 219 1721 etiam
241 1695 354 1722 anno
370 1681 518 1721 eodem
538 1681 682 1722 minus
699 1682 909 1722 efficacem
931 1696 1021 1722 esse
1042 1681 1258 1731 sentirem,
1277 1686 1404 1735 atque
1426 1681 1549 1722 annis
1567 1656 1755 1737 ξῖἳῑῖἒὲᾞ

93 1749 380 1802 sequentibus,
407 1763 504 1789 cum
528 1750 619 1803 jam
642 1750 778 1803 magis
807 1765 831 1790 a
859 1749 1096 1790 subtilitate
1120 1749 1335 1790 recederet
1360 1749 1547 1800 morbus,
1567 1740 1739 1801 rabantum

91 1830 262 1870 prorsus
283 1817 492 1857 inutilem.
1567 1799 1728 1876 ξεῖῗῃξξζῗ

156 1884 264 1938 [16.]
302 1885 373 1925 Ita
392 1898 488 1925 vero
504 1884 685 1937 processi
702 1902 709 1925 :
743 1885 776 1925 si
793 1899 918 1938 aeger
940 1890 1078 1926 aetate
1099 1885 1253 1926 florens
1274 1885 1548 1935 febricitaret,
1567 1880 1628 1909 bus
1644 1880 1745 1910 annis.

94 1952 228 1993 cubiti
261 1966 413 1992 venam
447 1952 714 1992 tundendam
749 1953 954 2006 praecepi,
987 1958 1114 2005 atque
1149 1953 1291 2006 elapsa
1325 1953 1430 1993 hora
1463 1966 1552 1993 una

94 2024 168 2060 aut
196 2019 339 2068 altera,
361 2019 544 2060 eundem
569 2020 736 2072 ingesto
763 2021 926 2060 affatim
951 2021 1114 2073 liquore
1141 2020 1405 2070 diluendum,
1428 2025 1477 2060 ut
1504 2021 1551 2060 in

93 2087 261 2128 cholera
281 2086 428 2128 morbo
453 2086 717 2127 factitaramd
731 2104 742 2136 ;
773 2101 861 2128 non
886 2101 997 2136 vero,
1024 2093 1073 2127 ut
1094 2088 1192 2137 illic,
1215 2088 1383 2140 jusculo
1411 2101 1433 2127 e
1461 2101 1550 2127 car-

93 2155 219 2195 nibus
254 2155 479 2208 pullorum,
515 2160 588 2195 aut
620 2156 730 2196 lacte
761 2155 1016 2205 cerevisiato,
1046 2160 1089 2195 at
1122 2155 1244 2195 lactis
1279 2155 1410 2208 ipsius
1444 2169 1548 2204 sero,

92 2222 205 2276 quod
227 2223 374 2263 eadem
401 2237 484 2276 qua
503 2223 589 2263 illic
619 2223 739 2276 copia
758 2223 910 2276 frigide
936 2222 1263 2276 propinandum,
1285 2222 1427 2276 tepido
1452 2236 1550 2262 vero

92 2291 268 2332 inferius
289 2291 568 2345 injiciendum
594 2292 749 2341 curavi,
772 2306 851 2332 nec
877 2291 1076 2332 saccharo
1099 2291 1276 2344 adjecto,
1299 2304 1378 2331 nec
1404 2290 1485 2330 alia
1505 2304 1550 2330 re

92 2372 358 2413 quacunque.
433 2359 634 2399 Tormina
654 2365 696 2400 et
719 2359 972 2413 dejectiones
999 2358 1206 2411 sanguine
1227 2358 1464 2411 permistas,
1486 2371 1549 2397 re-

86 2427 202 2482 jecto
228 2427 318 2480 jam
349 2431 500 2480 quarto
531 2432 738 2477 enemate,
768 2440 933 2480 semper
958 2439 1205 2466 evanescere
1241 2425 1548 2466 animadverte-

91 2494 205 2535 bam.
268 2495 362 2535 Hoc
383 2494 526 2535 labore
548 2495 777 2545 exantlato,
800 2500 842 2535 et
870 2494 1120 2535 transmisso
1148 2507 1240 2534 sero
1267 2493 1389 2533 lactis
1417 2493 1547 2542 omni,

96 2562 225 2617 (quod
246 2562 428 2603 duarum
457 2563 639 2604 triumve
660 2563 860 2604 horarum
883 2563 1018 2616 spatio
1038 2562 1125 2612 fiet,
1148 2561 1182 2601 si
1204 2561 1430 2614 diligenter
1451 2574 1548 2614 ope-

91 2643 185 2671 ram
224 2630 438 2671 navaverit
474 2632 627 2684 aeger,)
671 2631 827 2671 lectulo
863 2631 1058 2684 protinus
1094 2643 1193 2670 eum
1228 2628 1432 2678 commisi,
1473 2628 1550 2669 ubi

93 2697 208 2739 brevi
234 2704 384 2752 sponte
416 2713 492 2739 sua
511 2699 558 2739 in
589 2698 805 2739 madorem
836 2698 1088 2748 solvebatur,
1115 2699 1155 2749 (a
1188 2711 1279 2737 sero
1299 2696 1420 2737 lactis
1452 2711 1547 2736 san-

93 2766 214 2819 guini
227 2767 449 2819 immixto)
468 2781 594 2820 quem
617 2766 669 2807 ad
690 2767 813 2807 horas
829 2766 977 2819 viginti
995 2770 1177 2818 quatuor
1197 2764 1452 2814 continuari,
1470 2764 1547 2803 mi-

93 2833 210 2874 nime
230 2834 480 2887 provocarie,
505 2833 735 2887 jubebam5
779 2834 887 2874 nihil
907 2833 1081 2874 interim
1112 2832 1347 2873 concedens
1378 2836 1548 2885 praeter

179 2918 194 2940 ὖ
219 2916 267 2948 Cf.
286 2926 311 2948 c.
331 2918 358 2948 2.
376 2918 409 2956 ἕξ
428 2918 456 2953 2,
475 2918 502 2946 3.
984 2921 996 2933 ²
1021 2918 1088 2946 min.
1104 2915 1240 2955 prowm]
1257 2925 1318 2946 om.
1333 2914 1380 2945 ed.
1398 2915 1460 2946 ¹76.
