1985 3308
603 111 947 153 TRACTATUS
980 111 1042 152 II.
1466 112 1550 153 463

95 223 252 275 scripta
275 225 383 272 sunt,
413 220 544 260 minus
574 231 712 259 censeo
743 218 801 258 ad
827 221 957 258 artem
984 217 1191 257 Medicam
1221 220 1405 268 spectare
1430 231 1550 270 quam
1590 229 1644 258 Da
1663 229 1737 260 Ηγ-

97 290 155 330 ad
163 289 400 342 pictoriam.
1605 280 1730 302 onom.

161 356 268 410 [20.]
296 356 502 397 Attamen
523 355 591 406 (ne
611 353 675 395 vel
696 353 876 394 Divinus
891 352 961 393 hie
975 352 1146 393 Author
1166 352 1317 393 erroris
1337 352 1550 393 ullatenus
1570 362 1677 410 Quam
1694 373 1749 393 eu-

95 424 379 473 insimuletur,
401 423 466 463 vel
496 436 547 464 ex
572 422 653 463 1100
678 422 770 462 1000
795 420 984 474 empirici
1004 419 1269 472 ignorantiae
1290 434 1390 460 suae
1410 428 1550 473 patro·
1569 414 1650 434 ‘¹⁰⁸³
1667 416 1737 435 ⁰⁰¹⁵

1578 447 1653 477 ioris
1670 448 1731 477 hn-

97 493 258 533 oinium
291 493 526 546 quaerant,)
561 495 705 545 aperte
736 490 885 540 dicam,
914 504 995 540 me,
1030 494 1239 543 quantum
1269 490 1553 530 attentissima
1569 457 1655 519 inani
1672 490 1721 519 1¹¹-

96 559 355 613 cogitatione
385 573 517 612 eaque
549 559 601 599 ad
631 559 782 612 praxin
816 558 937 611 (quae
967 557 1230 598 Medicinam
1259 558 1551 611 profitentium
1570 537 1742 604 ῗξιῗξῑῐέἓὲα

96 627 203 681 lapis
232 627 394 680 Lydius
420 626 568 666 haberi
601 626 753 678 dcbet,)
785 626 919 666 relata
945 625 1111 678 assequi
1134 626 1308 676 valeam,
1333 617 1762 689 111011000οἨἓὲἓζυω

97 694 351 744 existimare,
375 693 486 747 quod
513 707 681 734 necesse
713 693 886 734 omnino
917 693 970 733 sit
1000 698 1049 733 ut
1071 693 1267 734 Medicus
1296 698 1553 734 structuram
1711 681 1719 695 ’

96 761 276 802 humani
315 761 499 814 corporis
533 760 663 814 probe
699 761 859 810 calleat,
893 775 976 814 quo
1009 760 1165 801 rectius
1199 775 1316 802 veras
1356 761 1470 802 ideas
1510 766 1554 803 et

97 829 292 870 Naturae
317 832 359 869 et
387 842 610 869 causarum
633 828 899 881 quorundam
926 828 1171 869 morborum
1199 830 1341 870 animo
1363 830 1554 883 concipe-

97 910 144 938 re
170 910 218 938 ac
246 896 429 937 formare
451 899 599 949 queat:
631 909 768 948 neque
799 896 913 935 enim
939 895 1030 936 fieri
1065 901 1217 949 potest,
1239 901 1288 937 ut
1311 897 1382 950 qui
1403 911 1555 938 renum

97 964 302 1005 fabricam
321 963 490 1017 ignorat
511 962 802 1015 fluctuumque
823 963 975 1003 exinde
996 963 1050 1003 ad
1069 964 1249 1004 vesicam
1269 964 1553 1014 tendentium,

96 1031 306 1085 ,conjicere
326 1030 458 1084 possit
478 1030 593 1070 unde
614 1030 807 1070 oriantur
828 1035 1112 1084 symptomata
1130 1031 1203 1071 illa
1223 1045 1329 1084 quae
1351 1046 1376 1072 a
1395 1031 1556 1071 calculo

98 1100 165 1141 vel
191 1099 237 1140 in
264 1099 420 1152 pelvim
447 1099 511 1139 vel
540 1099 586 1138 in
615 1102 802 1139 uretercs
833 1099 959 1139 altius
987 1099 1170 1152 impacto
1200 1100 1402 1153 pendent,
1462 1100 1556 1140 Nec

100 1167 242 1208 minus
256 1166 515 1219 Chirurgum
528 1170 693 1219 oportet
710 1166 888 1206 eandem
904 1166 1082 1206 humani
1098 1167 1280 1220 corporis
1298 1172 1555 1207 structuram
1573 1179 1643 1205 tum
1654 1175 1740 1224 ‘Chi-

100 1234 348 1288 perdiscere,
371 1247 453 1287 quo
478 1233 628 1274 melius
655 1232 768 1273 inter
793 1233 1054 1287 operandum
1079 1234 1129 1274 ab
1151 1234 1201 1274 iis
1222 1235 1330 1275 vasis
1356 1234 1440 1274 sive
1465 1234 1556 1274 aliis
1573 1228 1747 1290 {ssgffgssisse'

100 1302 292 1357 partibus
314 1301 536 1351 abstineat,
560 1314 678 1354 quac,
702 1301 736 1340 si
756 1301 980 1352 violentur,
1003 1316 1128 1355 aegro
1153 1303 1330 1343 exitium
1352 1303 1554 1344 afferant:
1573 1306 1630 1336 est.

102 1370 177 1411 sed
202 1383 280 1410 nec
304 1382 398 1410 ossa
425 1368 629 1409 dislocata
662 1368 714 1408 ad
743 1369 874 1409 situm
900 1370 1140 1410 naturalem
1167 1374 1281 1410 recte
1307 1371 1464 1424 poterit
1491 1384 1556 1411 re-

102 1437 268 1487 ducere,
293 1435 377 1476 nisi
405 1450 499 1476 eam
526 1435 685 1476 ossium
713 1449 973 1490 compagem,
999 1438 1172 1478 sceleton
1200 1437 1370 1490 dictam,
1396 1438 1558 1479 curiose

100 1504 342 1559 inspexerit,
365 1508 492 1556 atque
513 1503 656 1543 animo
677 1503 1058 1557 comprehenderit.

166 1571 275 1626 [21.]
315 1571 575 1627 Hujusmoch·
604 1570 748 1624 itaque
774 1571 953 1611 humani
984 1572 1168 1626 corporis
1199 1573 1353 1614 notitia
1383 1574 1558 1615 omnino

101 1640 337 1682 necessaria
360 1645 437 1690 est,
461 1653 588 1693 quam
617 1639 690 1692 qui
713 1654 802 1680 non
825 1639 967 1690 habet,
993 1654 1091 1680 cum
1122 1641 1376 1694 quibusdam
1400 1641 1559 1682 morbis

100 1707 425 1749 andabatarumk
457 1706 586 1760 (quod
614 1707 763 1760 aiunt,)
795 1721 904 1747 more
922 1708 1138 1760 pugnabit,
1167 1712 1240 1749 aut
1269 1709 1359 1750 sine
1386 1710 1560 1750 nautica

101 1776 254 1831 pyxide
283 1775 470 1816 tentabit
497 1788 628 1815 mare.
687 1775 820 1816 Porro
850 1775 954 1816 haec
982 1776 1158 1816 scientia
1185 1781 1228 1817 et
1255 1777 1340 1817 cito
1367 1782 1408 1818 et
1436 1777 1558 1819 facile

103 1844 348 1898 acquiritur,
378 1857 476 1884 cum
505 1842 551 1882 id
584 1856 684 1895 prae
715 1844 889 1883 caeteris
921 1844 1225 1885 difficilioribus
1260 1845 1415 1886 habeat
1445 1860 1558 1886 com-

101 1912 260 1966 pendii,
293 1911 405 1965 quod
440 1908 630 1965 αρτοψίᾳ
658 1911 704 1950 111
739 1911 1010 1951 cadaveribus
1039 1912 1105 1952 vel
1139 1912 1338 1953 humanis
1368 1914 1434 1953 vel
1469 1913 1559 1953 ani-

100 1981 279 2021 malium
316 1978 602 2033 quorumlibet
631 1978 907 2032 perdiscatur,
938 1979 1066 2032 idque
1096 1980 1215 2020 nullo
1249 1980 1337 2020 fere
1371 1981 1557 2034 negotio,
1579 1995 1617 2026 In
1635 1996 1737 2026 acutis

102 2049 235 2090 etiam
255 2048 307 2088 ab
329 2048 380 2088 iis
397 2047 469 2101 qui
489 2052 634 2087 mente
656 2061 703 2087 ac
718 2047 879 2100 judicio
899 2047 1041 2087 minus
1056 2048 1211 2089 valent.
1262 2049 1559 2091 Veruntamen
1577 2039 1737 2111 gieitibgffli-

103 2117 151 2158 in
181 2116 315 2158 acutis
347 2115 618 2169 quibuslibet,
649 2115 778 2168 (quod
809 2114 958 2168 genus¹
988 2116 1083 2169 plus
1117 2130 1245 2169 quam
1276 2116 1380 2158 duas
1410 2118 1558 2159 tertias
1578 2104 1737 2172 chr'qnicis

103 2185 350 2226 morborum
384 2188 524 2237 partes
560 2183 909 2236 comprehendit,)
949 2189 1077 2236 atque
1111 2198 1236 2237 porro
1271 2184 1317 2225 in
1352 2185 1559 2227 chronicis
1578 2166 1749 2206 plensque,

1578 2209 1728 2249 specifica

103 2253 326 2307 plerisque,
345 2251 519 2293 omnino
535 2250 758 2291 fatendum
775 2256 838 2291 est
855 2250 896 2292 τὶ
920 2251 1044 2292 Θεῖον
1055 2252 1205 2302 1110880,
1224 2252 1308 2293 81νο
1324 2254 1560 2307 specificam
1578 2252 1736 2300 quaedam

104 2320 408 2375 proprietatem
443 2319 640 2373 aliquam,
673 2333 801 2372 quam
830 2319 949 2359 nulla
982 2333 1173 2373 unquam
1204 2322 1505 2374 contemplatio
1536 2336 1560 2363 a
1577 2299 1746 2376 {iiigialgoa-

106 2389 392 2444 speculatione
418 2388 603 2442 corporis
629 2387 809 2428 humani
837 2388 1020 2428 deducta
1047 2393 1173 2441 queat
1200 2388 1403 2442 indagare
1431 2395 1558 2444 atque
1577 2379 1667 2461 ἓξὲξ
1678 2389 1753 2452 ἐξὲξ

104 2457 152 2499 in
170 2458 311 2498 lucem
337 2457 596 2511 protrahere,
658 2455 960 2505 Quamobrem,
983 2469 1037 2496 ne
1062 2455 1123 2495 ita
1146 2455 1339 2497 homines
1366 2457 1411 2497 in
1436 2458 1557 2499 cada·
1575 2464 1757 2504 templatio-

105 2539 252 2567 verum
276 2524 528 2565 dissectione
552 2523 821 2577 praecipuam
845 2523 1034 2563 locarent
1055 2537 1238 2576 operam,
1260 2529 1466 2578 tanquam
1491 2540 1560 2566 ex-
1577 2507 1776 2580 ssffignlgffiem

106 2592 207 2634 inde
227 2593 368 2647 potius
394 2607 520 2646 quam
541 2606 593 2632 ex
613 2590 871 2647 φαινομένων
895 2591 1167 2641 naturalium,
1189 2597 1237 2632 ut
1259 2598 1301 2634 et
1317 2593 1562 2646 juvantium
1582 2603 1768 2651 Menslpissi-

107 2666 151 2702 et
185 2660 460 2710 laedentium,
495 2659 689 2712 diligenti
725 2659 1016 2700 observatione
1048 2661 1284 2713 promoveri
1318 2662 1448 2714 possit
1480 2663 1564 2703 Ars
1581 2646 1767 2729 ῗζεῗῗὲἒξέ

106 2727 281 2770 Medica
291 2745 304 2779 ,-
335 2727 380 2768 id
400 2727 593 2782 (opinor,)
614 2731 663 2767 ut
679 2727 862 2767 maxime
878 2726 1013 2768 caveri
1028 2727 1074 2767 in
1094 2727 1186 2768 loco
1201 2728 1416 2782 praedicto
1431 2730 1564 2771 voluit
1581 2731 1681 2815 {1131ss
1684 2741 1750 2804 5¹3<-

153 2838 168 2859 ¹‘
193 2841 300 2871 andab.
318 2851 396 2870 more
409 2838 522 2879 pugn]
542 2839 590 2870 i.e.
608 2840 719 2869 clausis
741 2850 810 2870 ocu·
914 2835 922 2859 ¹
949 2838 997 2870 Cf.
1019 2840 1138 2869 Observ.
1163 2840 1245 2870 Med.
1271 2840 1311 2872 vi.
1333 2841 1360 2873 7.
1381 2842 1440 2877 10;
1465 2843 1566 2881 Epist.

113 2884 160 2913 lis.
207 2883 256 2913 Cf.
276 2883 402 2913 Erasmi
420 2884 521 2922 Adag.
539 2882 569 2913 ii.
588 2883 616 2913 4.
630 2883 680 2912 33.
871 2883 1014 2922 Respons.
1033 2883 1057 2912 I.
1077 2884 1092 2921 ξ
1111 2883 1172 2917 52;
1199 2884 1326 2916 Dissere.
1346 2885 1444 2924 Epist.
1461 2886 1476 2924 ξ
1494 2886 1544 2917 59.
