1985 3308
444 143 736 186 EPISTOLA
768 146 803 185 Ι.
839 147 1273 190 RESPONSORIA.
1486 156 1566 195 291

110 252 352 305 ignorantia
378 258 568 307 peccant,
601 252 665 305 <ut
689 251 795 291 mihi
822 252 1018 306 videtur,)
1051 259 1125 294 aut
1152 255 1248 295 dolo
1278 257 1404 307 malo,
1432 272 1456 298 a
1483 273 1567 313 quo
1586 272 1640 302 DE
1654 274 1771 306 Μυκη.

108 320 170 359 vir
200 321 356 373 probus
388 335 438 362 ex
466 320 608 360 animo
637 318 904 368 abhorrebit3
937 321 1023 374 qui,
1050 334 1148 361 cum
1174 336 1270 375 pars
1297 323 1351 363 sit
1380 324 1568 377 ejusdcm
1601 315 1754 389 {³7ng3gg'·

108 388 345 428 communis
366 393 557 437 naturae,
575 390 625 426 ut
646 384 875 440 ὁμοφύλοις
886 387 1080 428 fraudem
1100 388 1227 429 faciat
1243 390 1361 430 nullo
1377 405 1569 446 unquam
1738 383 1744 389 ⁶

106 454 268 507 privato
310 469 386 495 suo
426 453 647 495 commodo
686 453 842 506 poterit
883 453 1049 494 adduci.
1117 455 1243 496 Quod
1285 464 1489 510 superest,
1534 460 1569 499 si

105 522 234 561 aetati
255 522 481 575 placuisset
514 521 567 561 ad
588 534 637 561 ea
658 520 848 560 animum
878 520 1095 562 advertere
1124 537 1233 577 quae
1256 524 1379 564 annis
1413 525 1569 566 abhinc

106 592 290 641 quatuor
319 588 365 627 in
392 589 584 628 Historia
614 587 838 627 Acutorum
866 587 1106 628 Morborum
1136 589 1407 641 tradideram,
1444 592 1568 646 (quae

105 658 148 694 et
179 659 278 694 ante
309 655 415 694 illud
445 659 615 708 tempus
645 654 750 693 mihi
776 654 1012 697 innotuisse
1040 656 1215 697 omnino
1241 662 1305 697 est
1331 658 1563 712 credibilc‚)

105 735 190 775 quo
209 726 333 774 pacto
355 722 514 763 scilicet
537 722 693 762 Cortex
720 722 766 761 in
788 721 1022 775 interjectis
1043 737 1394 777 paroxysmorum
1420 727 1566 779 spatiis

105 789 300 830 debuerit
335 790 582 840 ministrari,
616 793 711 829 tum
743 794 898 841 postea,
921 789 1055 842 repeti
1097 804 1223 843 aegro
1251 791 1341 844 jam
1375 794 1565 833 convale-

104 860 260 906 scente,
289 857 477 897 viverent
507 856 695 897 fortassis
722 856 838 896 haud
863 857 987 909 pauci
1020 870 1166 897 corum
1200 873 1306 913 quos
1336 860 1426 913 jam
1456 869 1567 901 terra

103 923 236 976 tegit3
270 928 318 963 ut
351 928 400 964 ut
434 923 628 964 homines
660 923 922 976 vilipendant
953 928 1103 964 tenues
1135 939 1234 966 sane
1264 926 1358 967 illos
1388 931 1593 968 conatus·

103 994 270 1030 nostros
296 990 512 1030 communi
541 989 733 1030 omnium
754 989 866 1030 bono
889 990 1060 1041 dicatos,
1084 996 1126 1031 et
1146 993 1311 1033 monita
1332 995 1565 1047 spreverint

101 1056 261 1097 ibidem
289 1058 448 1098 dietata
473 1058 610 1099 verbis
638 1058 971 1111 insequentibus,
994 1059 1150 1113 quibus
1177 1073 1226 1100 ea
1255 1060 1438 1102 breviter
1465 1076 1564 1103 0011-

102 1124 297 1165 tinentur
318 1139 427 1180 quae
447 1125 517 1166 hic
538 1125 672 1165 fusius
694 1125 899 1178 explicare
919 1126 1056 1166 visum
1078 1131 1164 1167 est:
1197 1127 1464 1179 videlicet,—

167 1191 278 1247 [38]
314 1192 604 1233 “Curandum
641 1197 703 1232 est
740 1197 839 1232 ante
872 1194 1015 1234 omnia
1049 1208 1104 1234 ne
1138 1201 1407 1248 praemature
1437 1197 1564 1238 nimis
1584 1208 1758 1256 Methodus

101 1259 171 1299 hic
213 1259 368 1300 Cortex
411 1260 642 1313 ingeratur,
680 1264 778 1299 ante
820 1260 978 1300 scilicet
1019 1276 1148 1316 quam
1189 1263 1363 1304 morbus
1404 1279 1480 1305 suo
1520 1279 1563 1305 se
1581 1251 1751 1323 ἓΐζζῗὲξὲὼ

103 1329 247 1368 Marte
274 1329 580 1383 aliquantisper
610 1329 852 1381 protriverit
866 1346 876 1379 ;
923 1330 1020 1382 (nisi
1048 1331 1375 1373 collabescentes
1407 1338 1449 1374 et
1473 1335 1564 1388 jam

99 1395 259 1436 fractae
295 1396 410 1448 aegri
442 1397 549 1437 vires
579 1396 762 1436 eundem
794 1397 1027 1450 temporius
1064 1399 1321 1439 sumendum
1352 1414 1442 1441 esse
1476 1401 1562 1442 dic-

99 1463 324 1516 taverint3)
361 1477 501 1518 neque
542 1464 657 1503 enim
696 1463 803 1503 illud
837 1465 973 1505 solum
1014 1469 1077 1505 est
1117 1467 1412 1518 metuendum,
1449 1482 1504 1508 ne
1539 1483 1564 1509 a

98 1545 378 1585 praepropero
410 1532 500 1586 ejus
530 1546 612 1572 usu
644 1531 837 1572 inefficax
866 1532 947 1572 iste
981 1532 1185 1573 reddatur
1218 1538 1260 1575 et
1294 1549 1413 1588 spem
1445 1537 1563 1589 aegri

98 1598 231 1649 fallat,
264 1598 338 1639 sed
374 1599 502 1639 etiam
532 1613 587 1639 ne
617 1599 669 1639 de
697 1599 813 1652 aegri
845 1599 932 1640 vita
959 1604 1123 1654 agatur,
1154 1601 1189 1641 si
1220 1603 1418 1656 sanguini
1446 1605 1563 1644 omni

98 1665 437 1706 fermentationis
476 1667 575 1707 nisu
617 1680 660 1706 se
701 1666 971 1720 despumanti
1004 1674 1122 1708 eamq
1160 1668 1388 1723 derepente
1426 1671 1563 1725 injici-

100 1747 219 1773 amus
272 1747 495 1774 remoram.
588 1733 786 1775 Proximo
837 1734 942 1784 loco,
991 1749 1131 1790 neque
1182 1737 1377 1788 catharsi,
1427 1740 1564 1780 multo

98 1801 241 1841 minus
296 1802 647 1851 venae-sectione,
699 1801 975 1843 subducenda
1026 1809 1090 1844 est
1145 1806 1347 1846 materiae
1403 1806 1564 1847 febrilis

98 1882 194 1921 pars
223 1868 376 1923 aliqua,
399 1883 483 1923 quo
512 1869 686 1909 liberius
709 1870 867 1910 Cortex
896 1885 972 1911 suo
992 1871 1199 1924 fungatur
1226 1887 1431 1915 munere:
1464 1889 1562 1915 cum

99 1934 212 1974 enim
247 1934 299 1975 ab
333 1940 515 1990 utraque
548 1936 827 1977 labefactetur
859 1938 1158 1992 quadantenus
1188 1941 1437 1982 oeconomia
1472 1956 1560 1983 cor-

99 2003 225 2056 poris,
268 2016 317 2043 eo
367 2004 604 2056 promptius
656 2004 898 2059 certiusque
952 2007 1252 2048 recrudescent
1304 2011 1558 2063 paroxysmi‚

99 2074 375 2110 evanescente
404 2071 533 2111 semel
560 2071 744 2123 pulveris
764 2071 817 2112 vi.
879 2073 993 2113 Mihi
1027 2074 1155 2113 etiam
1182 2076 1317 2128 magis
1349 2090 1371 2116 e
1398 2091 1443 2116 re
1471 2077 1560 2118 fore

99 2137 265 2178 videtur
289 2142 337 2177 ut
369 2138 622 2191 sanguinem
651 2137 764 2178 dicto
794 2140 1074 2181 medicamine
1103 2142 1260 2182 sensim
1281 2143 1558 2199 longioreque

99 2219 124 2245 a
162 2206 422 2258 paroxysmis
470 2205 692 2247 intervallo
732 2206 880 2246 lexiter
919 2207 1170 2259 inficiamus‚
1213 2224 1342 2264 quam
1382 2216 1431 2252 ut
1471 2227 1558 2253 uno

97 2273 272 2314 omnino
312 2273 403 2313 ictu
443 2287 744 2327 paroxysmum
780 2274 869 2328 jam
910 2275 1143 2316 instantem
1187 2282 1403 2319 tentemus
1454 2293 1552 2320 con-

97 2339 262 2380 fodere:
311 2340 391 2381 hoc
432 2340 546 2381 enim
588 2345 712 2394 pacto
753 2347 795 2382 et
834 2342 930 2395 plus
960 2344 1161 2396 temporis
1191 2345 1377 2386 remedio
1410 2360 1556 2388 conce-

97 2406 213 2447 ditur
240 2421 325 2462 quo
353 2421 479 2448 suum
508 2422 615 2461 opus
645 2408 812 2462 plenius
841 2409 1041 2461 absolvat,
1065 2416 1107 2451 et
1136 2412 1320 2453 exitatur
1352 2414 1557 2469 quicquid

97 2473 142 2514 id
166 2479 229 2514 est
253 2475 429 2527 periculi
457 2476 572 2531 quod
600 2490 727 2529 aegro
755 2477 911 2529 poterit
941 2478 1040 2518 oriri
1068 2492 1118 2518 cx
1147 2480 1288 2520 subito
1315 2481 1396 2521 isto
1427 2486 1556 2536 atque

96 2540 392 2595 intempestivo
433 2543 559 2584 nimis
602 2544 850 2595 sufflamine,
893 2559 978 2600 quo
1020 2560 1320 2600 paroxysmum
1360 2549 1450 2602 jam
1491 2550 1555 2589 in-

97 2609 376 2650 valescentem
404 2615 533 2666 atque
568 2611 687 2651 omni
721 2626 764 2652 80
797 2626 874 2666 ope
908 2618 1151 2654 exerentem
1183 2628 1387 2655 conamur
1417 2617 1554 2670 oppri-

96 2689 224 2717 mere.
297 2677 529 2728 Postremo,
567 2679 762 2720 brevibus
797 2680 888 2720 istis
929 2681 1131 2734 temporis
1165 2682 1396 2723 intervallis
1436 2697 1554 2738 repe-

96 2744 253 2785 tendus
284 2750 348 2786 est
389 2746 539 2799 pulvis,
573 2751 622 2787 ut
663 2761 751 2788 non
791 2748 985 2801 protinus
1017 2755 1236 2790 evanescat
1261 2750 1411 2803 prioris
1442 2751 1553 2793 dos1s

96 2811 229 2853 virtus
250 2818 480 2868 antequam
511 2814 645 2855 altera
674 2814 947 2855 exhibeatur:
982 2815 1129 2856 crebra
1159 2817 1273 2857 enim
1300 2816 1552 2872 repetitione

315 2902 328 2921 ‘¹
352 2897 434 2937 eam]
456 2898 507 2927 Sic
525 2898 555 2927 in
578 2900 696 2928 observ.
717 2900 810 2935 Med„
826 2899 876 2929 hic
894 2906 1000 2929 autem
1019 2911 1078 2931 om.
1098 2901 1167 2931 edd.
1185 2903 1246 2938 ‘80,
1265 2904 1326 2933 '85.
