1985 3308
264 175 786 218 OBSERVATIONUM
819 176 1197 217 MEDICARUM
1232 182 1282 215 II.
1311 186 1343 215 2.
1451 179 1531 219 113

74 283 350 333 vertentibus,
382 282 654 336 ejusdemque
690 296 934 336 compagem
975 282 1212 323 subtilitate
1253 282 1406 323 eximia
1446 283 1527 323 dis·
1579 295 1708 326 Faunis

72 351 370 405 rumpentibus
382 351 410 403 3)
445 364 570 402 aeger
591 355 735 390 autem
756 355 851 403 post
867 350 1028 403 aliquot
1049 350 1173 391 horas
1189 350 1287 391 fatis
1309 351 1526 391 concessit.
1556 337 1732 410 δῖῗῗὲζῇὃ

76 416 186 472 [39.]
225 418 334 458 Cum
361 431 461 470 ergo
485 417 745 470 frequentior
772 417 1019 471 hujusmodi
1047 417 1364 458 obstaculorum
1385 432 1528 458 oecur-
1549 422 1730 479 tffirffffojgvm

74 499 144 525 sus
169 486 274 525 mihi
297 485 536 525 molestiam
560 485 795 535 facesseret,
818 500 975 538 magna
1003 485 1219 539 cogitandi
1246 485 1531 526 sollieitudine
1583 468 1635 500 (Μ’
1664 467 1716 495 ‘³⁶'

74 567 241 594 mecum
258 553 426 607 agitavi,
444 553 585 606 ecquis
603 552 774 593 demum
795 553 969 606 reperiri
990 559 1130 606 posset
1146 554 1347 594 medendi
1367 553 1532 604 modus,

46 621 147 675 „qui
176 621 373 661 morbum
407 635 495 661 11011
529 620 671 660 minus
707 621 933 661 efficaciter
962 620 1166 674 abigeret,
1196 635 1275 662 nec
1309 621 1533 662 hominum

73 689 351 730 offensionem
391 703 522 742 aeque
567 689 813 729 incurreret.
878 690 941 729 Re
988 689 1062 729 diu
1107 690 1377 743 multumque
1422 690 1536 743 apud
1556 699 1697 731 Qualem

74 757 266 798 animum
286 772 431 798 meum
453 756 697 807 deliberata,
718 756 894 797 tandem
918 757 965 797 in
985 757 1095 798 hanc
1121 758 1371 799 methodum
1391 758 1535 811 incidi,
1555 743 1705 817 ζξῗζῗίἓιῖὥ

75 839 203 879 quam
230 840 452 880 nunquam
479 839 566 866 non
592 826 823 878 proficuam
852 839 899 866 ae
928 825 1125 866 omnibus
1152 827 1342 867 numeris
1371 826 1536 867 absolu·
1555 829 1712 877 rati013011}

74 898 165 933 tam
187 893 383 946 deinceps
406 897 602 946 expertus
624 907 731 933 sum.
1555 871 1730 902 substitmt.

141 961 249 1014 [40]
288 960 443 1011 Primo,
471 960 678 1014 siquidem
709 964 852 1001 tumor
879 961 1073 1002 nondum
1100 962 1410 1015 protuberaret,
1438 977 1534 1003 san·
1555 975 1742 1006 Cunmioe.

75 1028 250 1082 guinem
280 1043 356 1082 pro
386 1029 645 1081 aegrotantis
676 1029 834 1069 viribus
867 1043 914 1070 ac
949 1035 1287 1083 temperamento
1318 1031 1536 1072 moderate

78 1095 265 1146 detraxi3
299 1110 381 1148 quo
402 1096 527 1146 facto,
546 1096 804 1148 diaphoresis
830 1097 965 1151 (cujus
988 1098 1089 1138 alias
1107 1098 1346 1139 sollicitatio
1367 1099 1413 1138 in
1428 1113 1535 1140 non-
1554 1112 1677 1142 Venae-

75 1164 204 1204 nullis
231 1163 476 1216 corporibus
502 1177 591 1203 non
618 1164 743 1204 modo
774 1178 986 1204 summam
1013 1165 1198 1206 habebat
1227 1156 1715 1238 difficultatem,{{‡1f(¹)‘l'‡}'

76 1245 222 1272 verum
247 1231 375 1271 etiam
403 1231 574 1284 majoris
601 1230 801 1281 incendii,
827 1231 1088 1285 proindeque
1117 1233 1410 1287 ecthymatum
1436 1249 1535 1287 pur-
1554 1241 1709 1280 praemis-

74 1312 319 1354 pureorum,
333 1298 569 1351 periculum
584 1298 894 1351 minitabatur,)
915 1299 1048 1339 facilis
1071 1305 1161 1340 erat
1178 1306 1306 1354 atque
1327 1301 1534 1354 expedita.
1555 1289 1730 1355 {Z'tffissfflnet

75 1367 219 1419 Atque
251 1365 362 1406 hanc
402 1366 622 1419 sanguinis
659 1366 884 1420 jacturam,
917 1381 1037 1420 quae,
1069 1372 1118 1407 ut
1152 1373 1202 1408 ut
1238 1369 1402 1423 exigua,
1435 1369 1536 1409 alias
1553 1368 1668 1440 reddidt,
1686 1373 1717 1398 et

77 1433 371 1488 gravissimum
391 1433 711 1474 incommodum
733 1435 958 1485 attulisset,
977 1435 1271 1489 diaphoreseos
1292 1436 1537 1477 immediate
1555 1421 1684 1484 affini—

77 1501 340 1555 insequentis
380 1501 635 1542 beneficium
675 1501 846 1542 abunde
887 1503 1189 1556 compensavit.
1251 1504 1354 1545 Post
1387 1519 1537 1545 venae-

77 1570 320 1620 seetionem,
339 1570 482 1622 (quam
499 1569 670 1610 inlecto
691 1569 989 1610 celebrandam
1006 1571 1159 1622 curavi,
1175 1585 1271 1611 cum
1289 1573 1380 1626 jam
1396 1573 1540 1613 omnia

78 1637 133 1677 ad
162 1637 334 1678 sudores
361 1636 640 1690 proficiendos
671 1637 718 1677 in
747 1643 949 1691 promptu
979 1640 1151 1692 essent,)
1183 1653 1238 1679 ne
1265 1640 1330 1679 vel
1360 1640 1540 1680 minima

76 1704 327 1758 interposita
346 1719 476 1754 mora,
501 1705 698 1758 stragulis
721 1720 894 1758 aegrum
923 1705 1058 1756 obrui,
1081 1720 1129 1746 ac
1149 1707 1349 1747 laciniam
1369 1708 1538 1748 laneam
1559 1718 1682 1757 Capitis

79 1771 265 1825 sincipiti
285 1772 448 1824 alligari
470 1772 578 1825 jussi
590 1790 602 1822 3
635 1787 742 1825 quae
764 1773 936 1826 quidem
961 1774 1111 1827 capitis
1133 1774 1318 1816 obtectio
1340 1775 1393 1815 ad
1414 1776 1538 1816 sudo·
1557 1761 1746 1834 {Etssffigres

78 1853 169 1880 rem
197 1839 395 1881 ciendum
416 1840 510 1893 plus
538 1841 704 1893 proficit
726 1856 853 1894 quam
883 1842 976 1894 quis
1003 1842 1125 1882 facile
1154 1843 1392 1884 crediderit.
1454 1845 1538 1884 De·
1558 1846 1686 1876 ciendos

79 1907 194 1957 inde,
227 1908 261 1948 si
301 1907 485 1948 vomitus
525 1922 613 1948 non
654 1908 863 1960 adessent,
894 1909 1000 1951 haee
1040 1915 1083 1952 et
1125 1911 1279 1952 similia
1317 1911 1541 1968 hydrotiea
1558 1889 1698 1963 ἓᾞὲζζζῃ

79 1974 252 2015 exhibui
268 1992 336 2015 :—-

93 2037 223 2081 [Form.
244 2041 336 2083 19.]’1
367 2041 408 2091 R
435 2043 623 2078 Theriaeac
639 2045 873 2079 Andromaehi
890 2047 1191 2088 scniidraehinam,

431 2100 621 2134 Electuarii
638 2101 680 2135 de
699 2103 774 2136 Ovo
791 2104 990 2148 scrupulum
1007 2116 1131 2146 unum,

431 2157 589 2191 Pulveris
607 2171 624 2192 e
642 2159 759 2193 Chelis
778 2162 993 2194 Caum-orum
1011 2161 1207 2206 Compositi
1221 2173 1331 2206 grana
1347 2162 1544 2205 duodecim,

431 2214 711 2249 Coeeinellaruin
729 2228 839 2260 grana
855 2223 942 2259 octo,

429 2271 532 2305 Croci
550 2284 659 2316 grana
676 2280 835 2317 quatuor,

429 2341 510 2363 011111
527 2330 720 2364 sufficiente
734 2331 931 2374 quantitate
948 2331 1052 2364 Succi
1073 2331 1239 2372 Kermes3

267 2385 346 2419 Fiat
367 2386 476 2427 bolus,
499 2398 600 2431 quem
622 2393 737 2420 sumat
760 2393 857 2421 sexta
882 2399 1022 2432 quaque
1045 2388 1142 2430 hora,
1164 2389 1419 2433 superbibendo
1442 2390 1542 2423 eoch-

265 2443 371 2477 learia
388 2455 449 2476 sex
466 2445 642 2488 sequentis
652 2445 779 2489 julapii
790 2458 849 2477 :—-
907 2461 910 2463 ·

83 2499 212 2544 [Form.
227 2500 325 2540 20.]‘¹
358 2498 398 2546 R
426 2501 545 2544 Aquae
563 2501 694 2534 Cardui
714 2501 909 2542 Benedicti,

430 2556 590 2603 [Aquae]
611 2558 745 2591 Scordii
762 2559 994 2603 compositae,
1011 2570 1079 2592 ana
1094 2561 1215 2593 uncias
1232 2566 1311 2602 tres,

431 2615 551 2658 Aquae
569 2614 781 2648 Theriacalis
799 2615 998 2649 stillatitiae
1015 2616 1137 2649 uncias
1155 2615 1250 2657 duas,

431 2671 556 2716 Syrupi
574 2672 885 2717 Canephyllormn
902 2674 1042 2707 iniciam
1059 2684 1168 2707 unam
1182 2686 1188 2713 ;

268 2727 382 2762 Misce
394 2741 402 2768 ς
427 2728 488 2762 fiat
497 2729 682 2773 julapium.

146 2791 254 2845 [41]
293 2791 420 2833 Quod
448 2792 482 2831 si
502 2792 676 2833 vomitio
704 2792 1006 2847 interpellaret,
1028 2798 1077 2834 ut
1097 2794 1144 2834 in
1165 2793 1291 2835 Peste
1319 2809 1367 2836 ac
1392 2795 1536 2836 Febri-
1558 2810 1623 2840 Ubi
1639 2811 1705 2850 pri-

80 2855 159 2899 bus
180 2859 540 2900 Pestilentialibus
566 2861 807 2913 saepissime
835 2861 1000 2911 accidit,
1023 2862 1383 2904 medicamentum
1411 2864 1535 2905 sudo·
1553 2863 1745 2926 ξέἓζὲζζζὲϊ

253 2949 264 2962 “’
290 2944 338 2975 Cf.
356 2946 489 2975 Proccss.
510 2946 568 2974 lnt.
587 2955 614 2975 c.
631 2947 658 2975 3.
948 2944 964 2967 ‘¹
989 2947 1038 2977 Cf.
1055 2947 1180 2977 sornnn.
1202 2949 1271 2984 148,
1292 2949 1361 2979 149.

797 3014 823 3044 Q
