1985 3308
407 166 491 206 346
658 199 666 205 .
814 167 1070 209 THOMAE
1105 165 1444 209 SYDENHAM

207 282 260 312 Dr.
277 281 387 313 νηι-
406 273 692 314 manentiores
713 274 841 315 etiam
862 275 1047 316 reddunt
1075 288 1346 329 paroxysmos
1373 274 1476 314 istos
1498 286 1602 326 quos
1621 275 1744 332 tanto
1774 285 1862 312 mo-

205 325 388 398 Οζζῖξξξ“
405 340 552 382 limine
573 342 808 396 opprimere
833 343 1021 394 student,
1045 344 1199 397 quique
1218 343 1332 391 alias,
1355 341 1428 381 ubi
1457 341 1642 394 primum
1668 340 1864 394 pustulae

205 434 281 464 Post
297 445 385 475 spas-
407 410 637 463 eruperint,
660 425 737 451 sua
758 415 908 464 sponte
929 416 1044 452 certo
1065 410 1222 451 certius
1247 413 1558 449 evanescerent.
1602 406 1686 448 Hic
1707 411 1864 456 autem,

203 477 546 549 {finos-inin-fausto
575 478 770 532 laetoque
802 479 943 519 omine
979 478 1107 532 (quod
1137 476 1238 517 alibi
1277 476 1464 529 [Observ.
1499 475 1614 515 Med.
1645 475 1702 514 iii.
1735 476 1774 515 2.
1798 473 1859 527 2.]

202 521 388 603 Γέῗὲιξιῗέῑὲ-
407 546 619 599 diximus,)
654 547 864 597 Variolae,
898 560 1005 599 qnae
1034 560 1130 586 eum
1163 558 1329 598 spasmo
1359 543 1592 584 teneriores
1621 557 1772 597 pueros
1802 543 1866 583 in-

201 605 388 678 Ηζξξξὶξῇζ-
407 614 581 664 vadunt,
614 628 708 654 raro
738 614 965 667 insigniter
996 614 1234 662 confluunt,
1263 612 1378 652 unde
1411 626 1535 665 aeger
1568 612 1695 665 longe
1730 611 1867 652 tutius

202 690 317 726 1·iolae;
407 681 516 722 lecto
556 682 825 722 concreditur
863 681 1010 735 primis
1040 681 1155 721 hisce
1196 680 1376 720 diebus:
1445 679 1554 734 [29]
1592 680 1690 720 lieet
1726 679 1866 720 obser·

202 746 382 824 Ξοζῖῃὲἧξζέ-
407 750 603 800 vaverim,
640 750 846 800 Variolas,
884 750 1048 803 quoties
1085 749 1262 790 affectus
1295 753 1529 789 comatosos
1558 763 1583 789 a
1608 753 1730 801 tergo
1756 749 1868 788 inse-

203 832 255 856 tus
271 838 377 857 coma-
408 822 612 870 quuntur,
649 817 879 857 admodum
920 818 1159 867 confluere3
1212 831 1294 870 quo
1329 817 1376 857 in
1417 831 1518 857 casu
1551 816 1730 870 ipsemet
1764 814 1868 856 vesi-

207 874 308 900 t⁰s⁰⁵²
406 884 626 934 catorium,
661 889 703 924 et
736 884 1029 937 paregorieum
1061 883 1184 937 quale
1218 897 1345 937 supra
1377 883 1589 936 descripsi,
1620 882 1762 936 potius
1797 881 1870 922 ad-

405 951 609 1002 hiberem,
634 966 762 1005 quam
792 956 840 992 ut
872 966 999 1005 aegro
1025 952 1175 1006 jugem
1204 951 1304 992 lecti
1324 965 1450 991 usum
1482 955 1581 991 ante
1603 951 1870 1003 eruptionem

404 1020 710 1074 permitterem.
773 1019 978 1061 Quinimo
1010 1019 1304 1069 animadverti,
1339 1019 1545 1073 ejusmodi
1577 1019 1869 1060 convulsiones

406 1088 661 1141 quandoque
707 1087 877 1141 (oppido
916 1091 1063 1128 tamen
1102 1089 1227 1140 raro,)
1272 1087 1652 1128 intermittentium
1686 1087 1870 1128 febrium

405 1169 678 1210 paroxysmos
709 1155 982 1209 praecedere3
1018 1155 1193 1196 affectus
1223 1169 1321 1196 vero
1353 1160 1589 1196 comatosos
1619 1169 1715 1196 eum
1748 1155 1872 1196 dietis

405 1223 667 1278 paroxysmis
708 1238 797 1264 una
836 1223 1099 1274 invadentes,
1137 1228 1180 1264 et
1215 1238 1304 1264 11011
1345 1223 1428 1264 nisi
1470 1238 1567 1265 cum
1602 1223 1753 1265 iisdem
1786 1228 1871 1264 ter-

203 1299 235 1328 in
252 1298 373 1328 utrovis
408 1292 635 1343 minantes,
671 1296 761 1332 tam
801 1291 847 1332 in
886 1291 1123 1333 infantibus
1166 1306 1293 1346 quam
1334 1292 1490 1332 adultis
1533 1306 1733 1346 persaepe
1771 1291 1872 1342 vidi,

204 1342 391 1414 ᾗῗξὲἑιζὲἃὲο
409 1375 590 1414 quorum
621 1360 814 1401 simfliter
842 1360 962 1401 nulla
990 1360 1036 1400 in
1067 1361 1284 1401 efflatione
1314 1361 1423 1401 ratio
1452 1361 1649 1401 habenda
1679 1365 1756 1411 est,
1785 1360 1873 1401 sola

204 1427 328 1457 tanciae.
408 1434 552 1470 autem
581 1428 722 1479 febris,
754 1433 903 1482 utpote
934 1428 1107 1469 morbus
1138 1429 1363 1482 primarius
1399 1434 1441 1469 et
1475 1429 1721 1479 essentialis,
1755 1428 1872 1469 omni

407 1511 486 1550 ope
521 1501 585 1538 est
621 1497 917 1550 expugnanda.
992 1497 1037 1537 Si
1072 1497 1186 1537 enim
1222 1497 1445 1537 comatosis
1480 1497 1594 1537 hisce
1635 1497 1871 1547 affectibus,

407 1564 570 1604 febrem
610 1563 926 1614 comitantibus,
969 1564 1166 1604 curandis
1212 1564 1436 1617 praecipue
1476 1563 1782 1614 incumberem,
1824 1578 1872 1604 ac

408 1632 585 1684 proinde
606 1631 957 1682 venae-sectione,
981 1632 1175 1682 catharsi,
1199 1637 1326 1685 atque
1355 1632 1562 1672 enematis
1583 1632 1786 1686 repetitis,
1809 1646 1873 1673 so-

408 1700 500 1753 pori
524 1700 732 1741 vincendo
757 1713 927 1754 operam
957 1714 1169 1750 navarcm,
1192 1699 1354 1740 febrem
1379 1699 1479 1740 inde
1506 1700 1642 1753 magis
1670 1700 1872 1741 accende-

408 1782 512 1819 rem,
536 1772 577 1809 et
603 1782 653 1808 ex
684 1767 961 1822 consequenti
988 1782 1037 1808 eo
1065 1781 1198 1821 usque
1230 1781 1431 1820 augerem
1463 1782 1584 1808 coma
1612 1768 1741 1822 (quod
1766 1767 1873 1808 mihi

410 1841 500 1876 erat
532 1836 800 1889 tollendum,)
837 1841 887 1877 ut
920 1850 1045 1889 aeger
1077 1835 1255 1876 tandem
1290 1835 1343 1876 ab
1380 1850 1429 1877 eo
1465 1841 1689 1878 aeternum
1725 1849 1873 1876 conso-

409 1904 570 1957 piretur
582 1921 593 1954 3
627 1903 796 1957 quando
828 1904 862 1943 si
892 1904 938 1944 in
962 1903 1078 1944 febre
1101 1903 1353 1944 debellanda
1382 1904 1484 1945 totis
1505 1904 1675 1955 viribus,
1698 1909 1873 1945 conten-

411 1971 521 2022 dam,
544 1976 830 2026 symptomata
859 1971 1002 2012 onmia
1033 1971 1084 2012 ab
1111 1971 1259 2012 eadem
1289 1972 1523 2025 pendentia
1553 1973 1671 2013 nullo
1701 1971 1873 2025 negotio

409 2054 497 2080 una
526 2040 758 2080 facessent:
801 2039 913 2093 quod
941 2039 1049 2080 serio
1077 2040 1217 2080 notari
1246 2040 1385 2090 velim,
1415 2054 1513 2081 eum
1535 2040 1583 2080 in
1607 2040 1686 2081 hac
1713 2054 1759 2081 re
1783 2046 1874 2081 tam

410 2108 557 2149 crebro
581 2112 754 2161 tamque
782 2107 968 2148 fataliter
1001 2108 1130 2148 errari
1163 2108 1309 2148 soleat.
1372 2109 1462 2149 Dep
1484 2108 1564 2150 1100
1588 2123 1686 2150 vero
1717 2108 1797 2149 alio
1827 2109 1874 2149 in

409 2179 502 2219 loco
531 2179 717 2232 [Observ.
741 2178 855 2218 Med.
879 2178 936 2218 iii.
960 2180 1000 2219 2.
1024 2179 1079 2219 62
1099 2195 1106 2219 :
1139 2193 1176 2219 v.
1200 2181 1240 2220 2.
1263 2180 1290 2218 8
1313 2179 1392 2233 sq.]
1422 2179 1558 2219 fusius
1580 2179 1679 2220 dixi.

475 2247 583 2300 [30]
620 2246 865 2300 Aliquando
892 2246 1020 2287 etiam
1053 2247 1180 2300 (quod
1208 2247 1396 2300 proxime
1422 2247 1618 2300 tradam,)
1645 2252 1873 2301 quantum·
1931 2261 1934 2267 ·

409 2317 514 2358 libet
547 2331 673 2371 aegro
706 2317 895 2359 conferat
928 2321 977 2357 ut
1009 2316 1119 2357 lecto
1151 2316 1340 2357 interdiu
1372 2316 1562 2367 absistat,
1596 2317 1873 2358 nihilominus

409 2399 497 2426 non
536 2390 676 2439 potest
711 2385 754 2426 id
791 2385 930 2426 solatii
965 2384 1103 2425 eidem
1138 2384 1366 2437 indulgeri,
1404 2385 1673 2438 aegritudine
1714 2385 1874 2426 scilieet
1930 2379 1934 2426 -Ῐ

409 2454 724 2504 vehementiori,
756 2453 979 2494 intensiori
1009 2453 1138 2500 febre,
1167 2452 1330 2493 vomitu
1361 2453 1537 2504 enormi,
1559 2453 1779 2506 vertigine,
1808 2467 1873 2494 ar-
1930 2482 1933 2488 .

409 2527 534 2562 tuum
556 2522 698 2563 dolore
720 2522 839 2576 quasi
860 2521 1166 2562 rheumatismo
1187 2521 1363 2571 laboret,
1387 2526 1429 2562 et
1459 2522 1680 2572 similibus,
1705 2526 1871 2563 contra·
1928 2516 1931 2563 ζ

212 2602 285 2650 Quo
302 2613 391 2632 enor—
409 2589 699 2631 indicantibus
718 2607 726 2630 z
760 2604 867 2643 quae
904 2589 1075 2643 quidem
1109 2593 1397 2643 symptomata
1429 2590 1583 2641 omnia,
1621 2591 1806 2632 saeviora
1839 2589 1874 2630 si

208 2651 393 2727 ζ’)ἶζζζὲζῑῐξῗω
411 2658 583 2709 fuerint,
603 2659 800 2712 (maxime
816 2658 862 2698 in
879 2658 1122 2711 sanguineis
1140 2662 1182 2698 et
1199 2663 1338 2698 aetate
1354 2658 1634 2712 florentibus,)
1651 2659 1872 2712 ingentem

210 2736 305 2778 matri,
323 2740 358 2759 eo
413 2727 615 2767 materiae
636 2726 881 2767 Variolosae
907 2726 1071 2779 copiam
1099 2725 1216 2766 intus
1244 2730 1404 2775 natam,
1427 2730 1469 2766 et
1501 2725 1728 2766 discrimen
1754 2725 1872 2766 haud

210 2782 396 2846 3³55:ssssssss
413 2794 596 2847 vulgare,
634 2809 658 2834 a
693 2795 874 2848 pustulis
908 2794 1068 2834 exitum
1101 2793 1296 2834 certatim
1333 2793 1634 2847 quaerentibus
1671 2801 1744 2834 aeq
1774 2807 1873 2834 mox

210 2857 315 2888 ‘50¹³e·
414 2861 533 2901 valde
565 2862 834 2913 confluxuris,
876 2862 1164 2916 praesagiunt.
1227 2861 1338 2902 Cum
1371 2861 1515 2915 itaque
1554 2861 1752 2902 fraenum
1790 2862 1872 2902 fer-

502 2945 515 2964 ¹¹
541 2945 711 2985 De—dim']
730 2957 792 2977 om.
809 2947 856 2976 ed.
875 2948 936 2977 '82
1298 2954 1312 2974 q
1337 2946 1561 2987 ac—eonfl11.r.]
1580 2957 1639 2978 om.
1658 2947 1705 2978 ed.
1724 2948 1785 2977 ⁵82.
