1985 3308
394 162 478 200 332
810 163 1066 204 THOMAE
1101 164 1296 205 SYDEN
1303 164 1441 204 HAM

192 275 246 306 DE
266 276 375 306 VAm-
393 281 514 308 mens
535 267 789 310 obstinatius
811 269 1033 323 defigenda
1054 275 1130 320 est,
1143 270 1250 310 mihi
1265 270 1355 324 jam
1377 268 1559 310 amultis
1581 268 1703 308 annis
1723 265 1852 309 ποδα-

191 319 376 392 οζζῖξχοῗ
394 336 547 391 ’γρῶντι
582 351 804 390 nunquam
838 353 926 379 non
962 338 1128 385 officiat,
1163 337 1347 378 maxime
1380 351 1476 377 vero
1504 337 1594 389 jam
1627 341 1853 390 appetente

394 409 576 445 senecta.
637 405 742 445 Cum
763 405 907 458 itaque
933 409 1024 444 tam
1047 410 1309 457 opportunae
1331 403 1572 456 appulerint
1597 403 1852 443 humanissi-

393 486 486 513 mae
514 473 630 513 Tuae
659 474 819 522 literae,
841 472 957 513 breu'
986 471 1270 525 responsionis
1298 471 1433 511 limite
1461 471 1681 524 expediam
1706 485 1852 512 eorum

393 554 603 581 summam
626 555 732 594 quae
753 541 869 595 prius
890 540 1024 580 fusius
1047 538 1296 580 deducenda
1315 538 1566 579 meditabar.
1586 576 1589 578 .

191 684 374 735 Febr-esdin-
457 676 535 729 [3.]
576 677 756 729 Sumpto
780 675 922 728 itaque
944 688 969 715 a
989 674 1171 715 Variolis
1201 674 1385 724 exordio,
1403 674 1510 714 illud
1529 673 1851 728 praelibandum

189 733 366 811 ζῖζξᾛξζ
392 757 554 794 censeo,
578 743 690 796 quod
712 743 870 783 scilicet
892 756 940 782 ea
959 741 1144 782 febrium
1164 742 1546 782 intermittentium
1567 742 1724 795 species
1746 756 1852 795 quae

189 814 338 871 primu-12
391 811 576 864 primum
604 824 716 850 anno
740 810 851 851 1677
884 810 964 862 (uti
992 809 1093 850 alibi
1121 809 1276 863 [Epist.
1299 810 1491 862 Respons.
1514 810 1550 849 I.
1582 811 1604 865 ᾧ
1630 809 1717 863 10.]
1747 809 1852 849 dixi-

189 867 285 938 ἓξὲξ,
303 868 358 929 ἓξ,
391 878 514 929 mus,)
545 881 672 933 caput
702 877 867 927 extulit,
895 882 1021 930 atque
1053 877 1289 917 etiamnum
1316 881 1480 930 regnat,
1507 878 1635 929 (anno
1659 876 1852 917 videlicet

189 942 373 1014 mlx-{figi
392 960 474 999 quo
494 945 597 986 haec
619 945 850 995 conscribo,
868 946 1008 998 1681,)
1028 945 1108 985 hae
1129 945 1280 995 febres,
1302 945 1520 998 (inquam,)
1540 959 1617 998 pro
1632 958 1749 985 more
1765 944 1851 998 epi-

188 1028 371 1066 regnabant,
392 1013 651 1054 demicorum
676 1013 881 1063 omnium,
909 1013 960 1053 iis
985 1013 1167 1053 maxime
1194 1012 1518 1068 tempestatibus
1551 1012 1854 1066 grassabantm‘

186 1069 373 1142 {igtffiffspes'
391 1094 499 1134 quae
515 1094 613 1121 cum
629 1095 776 1122 earum
791 1081 934 1121 indole
954 1081 1090 1134 magis
1111 1080 1324 1121 faciebant
1345 1095 1421 1135 per
1437 1095 1570 1121 annos
1585 1081 1688 1121 istos
1705 1094 1852 1121 omnes

187 1156 373 1204 grassabqn-
392 1149 544 1203 quibus
564 1149 765 1203 vigebant
777 1166 789 1200 3
822 1149 958 1190 aliena
980 1154 1125 1190 autem
1145 1154 1401 1205 tempestate
1422 1154 1663 1203 appetente,
1684 1149 1736 1190 iis
1756 1163 1852 1203 pro-

188 1203 358 1280 ξζζζ,ᾛῇζζ
390 1218 508 1258 tinus
532 1217 775 1271 epidemicis
806 1217 1014 1258 cedebant
1036 1217 1189 1271 quibus
1220 1218 1293 1258 illa
1321 1217 1458 1270 magis
1489 1217 1680 1258 favebat:
1713 1231 1851 1257 exem-

188 1293 379 1356 icissdngl‘galflffi‘
392 1286 450 1339 pli
475 1286 623 1339 gratia,
646 1286 873 1339 ingruente
899 1286 1066 1340 hyeme,
1092 1300 1315 1339 nunquam
1342 1300 1430 1326 non
1458 1286 1566 1326 tussi
1594 1290 1636 1326 et
1663 1284 1852 1326 febribus

187 1368 235 1407 gis
251 1369 346 1399 facie·
391 1354 774 1407 peripneumonicis
795 1353 847 1394 ab
872 1354 946 1394 illa
965 1353 1251 1407 pendentibus
1275 1354 1416 1394 locum
1439 1353 1610 1404 dabant,
1632 1358 1681 1394 ut
1703 1358 1745 1394 et
1765 1353 1851 1393 Va-

187 1411 345 1492 ἓξὲξ-Μαί
390 1422 504 1462 riolis
519 1439 530 1472 3
561 1422 765 1462 redeunte
794 1427 938 1462 autem
968 1436 1077 1472 vere,
1107 1421 1221 1462 dieta
1244 1421 1372 1462 febris
1398 1421 1657 1475 postliminio
1687 1435 1853 1461 reversa

188 1514 226 1534 ne
244 1482 360 1535 morbi·
390 1495 465 1530 est.
539 1491 609 1530 Ita
639 1504 752 1530 anno
786 1491 909 1540 1680,
941 1495 1165 1543 postquam
1196 1489 1324 1530 febris
1355 1489 1459 1530 haec
1488 1503 1563 1542 per
1594 1494 1852 1529 autumnum

186 1547 372 1630 ΞξέἓίΞξ-Εω
390 1558 533 1598 omnia
558 1558 697 1598 fuerat
726 1558 993 1611 depopulata,
1016 1558 1056 1597 V
1059 1558 1212 1598 ariolae
1236 1557 1419 1598 brumali
1443 1562 1634 1611 tempore
1660 1571 1753 1597 eam
1781 1570 1851 1597 ex-

185 1632 269 1664 bant.
389 1625 616 1679 cipiebant,
638 1625 795 1679 ubique
817 1626 1005 1666 locorum
1027 1630 1279 1678 grassantes.
1328 1626 1458 1665 Anno
1481 1632 1624 1665 autem
1645 1630 1850 1675 vertente,

392 1695 499 1734 1681
544 1694 714 1744 scilicet,
751 1693 888 1734 febres
928 1693 1262 1734 intermittentes
1304 1692 1443 1734 denuo
1483 1692 1849 1743 recrudescebant,

388 1762 504 1802 haud
527 1776 830 1816 usquequaque
856 1761 1124 1815 epidemicae,
1152 1761 1295 1802 fractis
1320 1762 1408 1815 jam
1435 1766 1477 1801 et
1506 1761 1676 1801 succisis
1704 1775 1850 1801 earum

379 1829 547 1870 'viribus
562 1847 574 1879 3
606 1830 721 1870 unde
742 1830 870 1870 etiam
893 1829 1101 1876 Variolae,
1124 1829 1193 1869 hie
1222 1829 1309 1869 illic
1334 1843 1512 1882 sparsae,
1536 1843 1622 1868 una
1643 1843 1740 1868 cum
1768 1829 1850 1868 illis

182 1909 329 1941 variolae
389 1897 751 1950 subpullulabant.
812 1898 986 1937 Aestate
1016 1910 1113 1937 vero
1140 1897 1231 1950 jam
1263 1896 1465 1949 ingressa,
1490 1895 1685 1936 Variolae
1715 1895 1850 1936 incre-

181 1953 367 2026 ζζῇἐζμξζζ·
387 1964 557 2006 bescere
588 1965 789 2019 quotidie,
821 1965 1081 2018 tandemque
1112 1963 1469 2015 ἐπιδημικώταται
1498 1963 1634 2004 factae
1665 1969 1851 2017 stragem

181 2043 231 2067 tae
248 2046 342 2069 sunt:
389 2033 503 2074 haud
523 2034 740 2086 vulgarem
762 2033 960 2074 edebant.

452 2102 529 2155 [4]
561 2102 656 2142 Hoc
677 2115 803 2151 anno,
827 2102 984 2142 seilicet
1012 2102 1161 2151 1681‘2,
1185 2102 1271 2141 luce
1292 2101 1521 2141 meridiana
1547 2100 1675 2154 (quod
1697 2100 1847 2152 aiunt,)

385 2171 538 2209 clarius
569 2170 673 2210 mihi
701 2170 937 2220 constabat,
965 2169 1092 2223 (quod
1112 2170 1203 2223 jam
1231 2169 1332 2210 olim
1353 2169 1461 2209 ratio
1487 2169 1662 2210 suadere
1682 2168 1850 2209 videba-

384 2239 484 2291 tur,)
531 2252 707 2292 aegrum
748 2238 905 2279 scilicet
945 2237 1102 2278 lectulo
1143 2242 1288 2277 noctes
1329 2242 1456 2290 atque
1497 2237 1585 2277 dies
1626 2237 1851 2278 continuos

383 2320 471 2347 non
492 2307 608 2360 prius
631 2306 916 2347 addicendum
944 2319 1048 2356 esse,
1072 2320 1200 2359 quam
1223 2305 1495 2345 Variolarum
1524 2319 1702 2345 examen
1723 2318 1850 2346 omne

384 2375 430 2414 in
465 2380 740 2428 conspectum
777 2389 820 2415 se
856 2374 1035 2415 dederit.
1097 2373 1271 2414 Etenim
1303 2378 1398 2413 tum
1432 2373 1552 2423 veris,
1589 2378 1683 2413 tum
1719 2373 1849 2413 etiam

385 2444 569 2493 aestatis,
593 2443 799 2497 temperie
821 2443 992 2483 sicciore
1015 2441 1176 2482 diutius
1205 2455 1333 2494 quam
1354 2446 1450 2494 post
1472 2454 1618 2480 corum
1641 2440 1713 2493 qui
1733 2453 1850 2480 nunc

385 2517 485 2551 sunt
505 2511 700 2552 homines
721 2511 971 2552 memoriam
1005 2510 1303 2559 invalescente,
1330 2509 1450 2561 (adeo
1481 2514 1530 2549 ut
1558 2508 1696 2549 omnis
1717 2508 1849 2548 ferme

384 2578 541 2632 ubique
582 2580 770 2620 locorum
810 2579 942 2619 herba
997 2577 1237 2630 exaruerit,)
1283 2577 1535 2630 sanguinem
1576 2576 1663 2617 fere
1710 2576 1848 2617 omnis

384 2646 456 2686 illa
476 2646 708 2687 humiditas
727 2662 854 2701 quam
877 2650 948 2687 a'ei·
969 2647 1071 2686 alias
1090 2645 1250 2686 solebat
1268 2645 1551 2698 suppeditare,
1569 2644 1848 2694 destituebat3

385 2729 434 2754 ex
458 2730 538 2768 quo
560 2717 753 2757 Yariolas
770 2717 860 2770 jam
882 2722 1124 2769 grassantes
1146 2715 1281 2768 major
1303 2729 1429 2768 quam
1451 2729 1526 2768 pro
1548 2715 1685 2756 morbi
1706 2715 1848 2756 indole

384 2782 663 2823 inflammatio
693 2783 966 2832 accendebat,
989 2788 1237 2836 caeteraque
1259 2783 1411 2823 exinde
1438 2788 1541 2823 nata
1561 2788 1849 2838 symptomata

181 2872 242 2900 qua
261 2863 330 2892 (ιω
385 2849 745 2901 praetermodum
772 2850 1027 2890 saeviebant.
1090 2851 1234 2904 Atque
1262 2850 1372 2891 hanc
1394 2850 1447 2891 ob
1477 2865 1646 2892 causam
1673 2852 1722 2904 (si
1745 2851 1847 2905 quid

180 2915 343 2935 ⁰““¹⁵¹⁰¹¹‘·²
471 2929 483 2947 ἀ
514 2932 606 2961 Deest
625 2935 746 2963 mewa.
765 2935 834 2963 ιω.
854 2934 886 2963 in
903 2934 949 2963 ed.
970 2936 1028 2964 περ.
1311 2939 1322 2951 e
1346 2935 1409 2963 sen.
1433 2933 1532 2973 mm]
1550 2944 1611 2963 om.
1630 2934 1676 2963 ed.
1697 2934 1757 2963 '82
