1985 3308
403 146 796 188 DISSERTATIO
828 146 1232 188 EPISTOLARIS.
1456 151 1537 190 381

89 254 189 295 ferri
219 254 406 295 minerae
436 258 535 294 sunt
560 253 797 307 participes,
819 253 934 293 haud
962 252 1067 292 mihi
1088 252 1265 293 dubium
1286 256 1350 293 est
1371 253 1539 294 easdem
1582 265 1635 295 DE
1652 266 1721 296 Ar-

89 322 241 362 exinde
275 322 416 362 minus
450 321 634 362 efficaces
666 321 800 361 reddi.
860 321 963 361 Non
995 334 1089 360 sum
1131 320 1299 360 nescius
1336 320 1539 373 quosdam
1561 309 1743 380 ‘JETRJJ'

87 388 217 429 fuisse
238 394 418 438 sanatos
441 388 682 429 catharticis
713 402 801 428 non
827 392 998 428 tantum
1018 387 1293 437 intercalatis,
1316 387 1389 427 sed
1411 388 1538 428 etiam

88 456 276 508 quotidie
306 470 403 496 cum
434 455 609 510 chalybe
633 455 893 509 propinatis3
927 454 1041 508 quod
1060 459 1204 495 tamen
1225 469 1314 495 non
1334 459 1424 495 tam
1445 455 1538 496 Me-

87 523 169 563 dici
200 524 484 577 prudentiam,
518 538 644 577 quam
683 523 871 577 chalybis
905 523 1108 563 virtutem
1140 521 1403 577 ἐνεργητικήν
1434 523 1539 563 mihi

86 591 345 644 comprobat,
377 606 487 642 cum,
522 592 556 632 si
586 605 636 632 ea
662 591 929 642 omittantur,
960 590 1142 631 breviori
1170 591 1372 644 temporis
1404 591 1538 644 spatio

86 658 248 699 curatio
270 659 481 699 succedat.

149 726 258 780 [99]
294 726 448 780 Neque
476 740 576 767 sane
603 725 723 767 video
752 725 798 766 in
829 725 920 766 aliis
951 724 1172 766 affectibus
1202 725 1348 765 multis
1374 730 1538 778 praeter

79 793 170 847 jam
199 794 373 844 dictum,
397 793 498 847 quid
528 793 817 843 emolumenti,
841 793 924 833 sive
955 793 1096 846 potius
1128 792 1231 846 quid
1259 807 1347 834 non
1376 793 1535 834 incom-

83 861 212 911 modi,
243 866 332 902 tarn
372 861 554 915 repetita
592 861 922 902 catharticorum
957 860 1161 902 exhibitio
1201 861 1338 914 aegris
1374 860 1536 902 adferre

83 933 223 982 queat.
285 928 488 970 Quamxds
523 928 637 968 enim
672 928 789 968 haud
819 928 1065 981 negandum
1096 933 1161 969 est
1198 929 1302 982 quin
1331 928 1538 969 intestina

84 1010 136 1036 ex
162 995 478 1050 impuritatibus
507 995 688 1036 liberent
720 1010 782 1046 ea,
814 1001 857 1037 et
891 996 1050 1049 pariter
1081 1010 1103 1036 e
1136 1011 1275 1037 massa
1304 996 1538 1049 sanguinea

82 1063 281 1104 humores
302 1064 448 1104 noxios
472 1064 519 1103 in
546 1078 595 1104 ea
616 1063 878 1104 stabulantes
910 1063 1221 1117 aliquantulum
1252 1064 1490 1115 extrahant,
1514 1078 1537 1105 e

83 1136 232 1173 contra
263 1137 409 1173 tamen
439 1132 556 1172 haud
589 1132 731 1172 minus
765 1136 930 1173 certum
963 1136 1025 1173 est
1057 1132 1169 1186 quod
1198 1133 1442 1186 frequenter
1471 1147 1535 1174 re·
1554 1143 1705 1182 Repetita

1553 1186 1726 1216 cathartica

82 1200 216 1254 petita
235 1200 281 1240 in
301 1201 544 1254 corporibus
564 1200 786 1241 imbecillis
811 1201 1008 1254 (maxime
1038 1215 1134 1241 vero
1163 1201 1210 1241 in
1241 1201 1450 1242 aetatibus
1471 1206 1534 1242 te-
1552 1228 1740 1259 inimbecil-

82 1270 234 1323 nellis,)
269 1270 501 1323 plurimum
533 1269 742 1318 officiant;
787 1283 885 1309 cum
925 1282 977 1309 ex
1015 1268 1094 1308 hac
1130 1267 1344 1324 προφάσει
1381 1269 1533 1321 ingens
1550 1270 1704 1342 }ise.{i¹¹·

81 1336 310 1377 humorum
338 1337 534 1377 colluvies
562 1336 608 1376 in
634 1336 792 1376 viscera
821 1336 1026 1386 eliciatur,
1051 1340 1179 1389 atque
1199 1336 1250 1375 iis
1276 1336 1322 1375 in
1341 1335 1533 1389 partibus
1551 1318 1727 1394 pffitssiffilslm

82 1403 272 1456 deposita
300 1403 647 1444 fermentationes
671 1404 1054 1456 praeternaturales
1084 1403 1264 1453 invitet3
1297 1417 1345 1443 ex
1381 1404 1533 1456 quibus
1552 1398 1715 1434 officiunt;

82 1471 278 1524 deinceps
307 1476 495 1512 tumores
518 1470 565 1511 in
594 1470 741 1512 infimo
760 1475 907 1511 ventre
935 1470 1143 1520 oriuntur,
1165 1474 1288 1510 tanto
1313 1470 1449 1524 magis
1469 1471 1533 1511 in-
1553 1477 1638 1506 unde
1654 1482 1704 1526 tu-

82 1539 170 1580 dies
190 1539 301 1581 mole
317 1543 603 1593 augescentes,
622 1543 781 1592 quanto
798 1538 963 1592 saepius
981 1552 1106 1591 aeger
1120 1542 1340 1591 purgetur.
1390 1540 1534 1592 Atque
1551 1529 1661 1592 ζᾘὲξξῗ)
1672 1531 1705 1551 ¹¹¹

81 1606 126 1647 id
146 1606 317 1648 demum
339 1607 503 1657 accidit,
525 1611 574 1647 ut
594 1607 699 1647 istae
719 1610 873 1660 parteS,
890 1619 989 1659 prae
1009 1605 1300 1646 imbecillitate
1322 1610 1365 1647 et
1385 1606 1533 1647 caloris
1552 1610 1670 1641 ventre,

81 1675 214 1715 nativi
238 1676 340 1729 (jam
367 1675 444 1715 sub
471 1675 700 1715 humorum
727 1688 854 1716 onere
888 1673 1007 1727 quasi
1032 1673 1203 1726 obruti,)
1229 1673 1410 1725 defectu,
1435 1674 1534 1715 tabe

80 1742 204 1784 facile
225 1743 462 1784 afficiantur
478 1757 525 1784 ac
544 1747 804 1797 putrescant.
848 1741 1115 1796 Quandoque
1132 1741 1274 1792 etiam,
1292 1743 1536 1784 oeconomia

82 1811 289 1852 viscerum
328 1811 380 1852 ob
422 1826 568 1852 causas
596 1812 686 1865 jam
726 1811 860 1851 dictas
900 1811 1071 1864 penitus
1112 1824 1266 1860 eversa,
1309 1811 1535 1864 glandulae
1553 1813 1725 1871 glanfhssae

81 1879 476 1931 praeternaturales,
500 1884 684 1919 strumae
706 1878 880 1928 soboles,
904 1883 945 1918 et
966 1878 1010 1918 id
1031 1892 1166 1931 genus
1188 1878 1352 1929 simiha,
1370 1893 1534 1919 mesen·
1553 1866 1737 1930 ξῖῗξίξζᾞῖ

80 1946 187 1986 terio
215 1950 471 1996 accrescunt,
509 1950 551 1986 et
582 1946 635 1986 ad
664 1950 844 1986 mortem
874 1945 985 1985 viam
1020 1949 1232 1986 sternunt.
1295 1946 1375 1986 His
1408 1947 1534 1987 ratio·
1553 1947 1708 2014 Ῐέζὲῗῑὲθ

81 2014 207 2054 nibus
239 2014 447 2054 adductus
478 2013 741 2054 tutissimum
775 2027 864 2054 esse
892 2013 1036 2067 judico
1071 2013 1118 2053 in
1151 2013 1400 2063 infantibus,
1435 2018 1531 2067 post
1554 2000 1721 2056 Postiev'a-

80 2082 373 2130 evacuationes
405 2081 659 2122 universales
692 2095 844 2134 easque
875 2094 1117 2134 perpaucaS,
1150 2094 1199 2121 eo
1230 2080 1534 2121 indicationem
1553 2069 1718 2141 ξζῗῇῑροῑζὲῗ

82 2150 313 2190 curativam
339 2150 531 2203 dirigere,
554 2154 604 2190 ut
625 2149 918 2190 confortentur
940 2149 1111 2202 sanguis
1140 2153 1183 2189 et
1210 2149 1367 2189 viscera
1377 2166 1389 2199 3
1424 2149 1536 2202 quod
1553 2152 1598 2182 les
1615 2154 1738 2183 confor-

81 2217 228 2259 vinum
270 2217 564 2271 Hispanicum,
603 2217 667 2257 vel
707 2217 843 2257 solum
877 2216 944 2257 vel
982 2216 1124 2256 herbis
1165 2216 1535 2257 corroborantibus
1553 2200 1739 2277 ἑᾝῖἒὶῖῗζ

80 2286 322 2336 alteratum,
355 2286 515 2326 efficere
546 2284 655 2338 potis
687 2289 762 2334 est,
794 2284 920 2324 modo
951 2298 1077 2324 mane
1107 2289 1150 2324 et
1183 2298 1274 2324 sero
1305 2284 1536 2324 cochlearia
1554 2291 1634 2312 cera.

82 2354 242 2407 aliquot
280 2355 371 2407 (pro
402 2353 567 2394 ratione
599 2353 750 2393 aetatis
790 2352 933 2405 aegri,)
979 2352 1081 2393 satis
1122 2352 1197 2392 diu
1237 2353 1534 2394 exhibeantur.

83 2421 193 2462 Cum
217 2427 339 2462 veroq
361 2434 467 2474 quae
495 2420 678 2461 exterius
708 2420 1000 2470 admoventur,
1022 2424 1171 2460 tenera
1195 2419 1427 2460 infantium
1448 2434 1536 2462 cor-

81 2502 185 2542 pora
217 2488 338 2528 facile
368 2492 607 2541 penetrent,
642 2487 905 2541 proindeque
941 2487 1194 2540 sanguinem
1228 2487 1368 2540 ipsum
1404 2489 1536 2540 quali-

82 2570 249 2609 cunque
275 2556 432 2596 virtute
465 2569 542 2595 sua
565 2555 735 2608 penitus
764 2555 961 2604 afficiant,
991 2569 1014 2595 e
1043 2568 1089 2594 rc
1120 2555 1200 2595 erit
1225 2555 1271 2594 in
1296 2555 1535 2596 tumoribus

82 2624 156 2678 qui
185 2628 376 2664 ventrem
406 2637 552 2663 eorum
587 2627 808 2675 occupant,
837 2622 921 2662 sive
955 2622 1188 2674 scrophulis
1225 2622 1310 2662 sive
1340 2623 1534 2663 rachitidi

81 2705 202 2733 verae
233 2692 440 2745 originem
469 2690 532 2730 illi
560 2689 755 2740 debeant,
777 2690 1012 2730 linimentis
1042 2690 1120 2739 uti,
1144 2704 1251 2742 quae
1282 2691 1535 2743 sanguinem

83 2774 131 2801 ac
151 2760 307 2800 viscera
328 2757 637 2807 corroborandi,
659 2771 706 2797 ac
727 2757 883 2810 pariter
904 2757 1041 2797 labem
1063 2757 1247 2810 aliquam
1275 2758 1535 2799 morbificam

82 2828 133 2868 iis
154 2827 373 2868 inductam
396 2825 576 2875 delendi,
599 2825 638 2865 η’
658 2825 832 2878 pollent.

484 2917 495 2936 ‘¹
520 2914 590 2941 Cum
610 2909 963 2950 vero—inclusasncril]
983 2920 1043 2939 om.
1059 2910 1106 2939 ed.
1125 2912 1186 2941 '82.
