1985 3308
500 147 840 191 PROCESSUS
872 146 1142 188 INTEGRI.
1467 147 1551 189 607

673 338 800 380 CAP.
832 336 950 378 LIX.
959 342 976 366 ‘¹

672 445 736 487 De
757 443 969 486 Scorbuto.

149 537 335 579 Ananw
372 539 632 591 spontaneae
665 534 952 584 lassitudines,
988 531 1174 586 corporis
1207 529 1415 585 gravitas3
1457 529 1553 585 dys-
1572 539 1748 589 Mqrbide-

91 619 243 659 pnoea,
264 605 491 659 praecipue
519 618 569 645 ex
595 608 718 645 motu
748 602 932 657 corporis
945 618 957 652 3
990 601 1258 655 gingivarum
1282 600 1552 654 putrefactio,
1571 588 1709 623 ⁵01¹Pt10·

93 672 178 713 oris
199 672 496 726 graveolentia,
519 672 739 726 sanguinis
761 685 784 712 e
804 670 981 711 naribus
1009 669 1157 710 crebra
1183 669 1348 722 eruptio
1361 685 1373 718 5
1406 667 1554 709 ambu-

91 740 211 781 landi
239 740 464 781 difficultas
478 757 489 790 3
521 753 694 781 crurum
724 753 841 781 nunc
869 737 1211 787 intumescentia,
1233 749 1350 777 nunc
1377 740 1554 776 extenu-

94 809 204 859 ati03
240 808 287 849 in
316 808 468 849 iisdem
498 813 703 862 perpetuo
732 807 924 848 maculae
955 805 1121 856 lividae,
1143 804 1380 858 plumbeae,
1408 804 1553 855 flavae,

94 881 169 918 aut
190 877 398 918 violaceae
413 893 425 927 3
457 875 578 917 faciei
600 876 714 917 color
734 876 984 929 plerumque
1005 888 1056 915 ex
1075 873 1233 928 pallido
1253 873 1410 914 fuscus.

158 944 239 998 [2.]
277 944 540 985 Extrahatur
576 944 749 998 sanguis
786 957 809 984 e
842 943 1018 983 brachio
1054 941 1108 982 ad
1142 941 1290 981 uncias
1330 945 1438 991 octo,
1471 939 1556 980 nisi
1573 948 1746 980 Commo.

93 1011 218 1066 signa
237 1011 438 1066 hydropis
469 1012 697 1052 adfuerint.
762 1010 968 1064 Sequenti
999 1023 1125 1050 mane
1154 1008 1402 1049 exhibeatur
1432 1008 1556 1049 Potio

94 1080 326 1134 Purgativa
357 1079 631 1131 Communis„
652 1093 759 1134 quae
790 1083 1008 1134 repetatur
1033 1077 1161 1119 tertia
1189 1090 1354 1131 quaque
1385 1076 1453 1117 die
1482 1089 1558 1130 per

95 1147 200 1188 duas
222 1148 324 1188 alias
345 1148 468 1189 vices.

160 1221 241 1275 [3.]
279 1221 443 1262 Diebus
485 1236 509 1262 a
547 1221 803 1275 purgatione
843 1221 997 1271 vacuis,
1039 1223 1089 1260 ut
1129 1219 1258 1260 etiam
1296 1221 1444 1272 postea
1481 1231 1558 1272 per

91 1303 287 1331 mensem
307 1304 444 1330 unum
464 1290 531 1331 vel
552 1290 746 1340 alterum,
770 1294 910 1330 sumat
933 1288 1153 1343 sequentia
1167 1305 1236 1328 :—

53 1380 61 1385 '
94 1379 228 1420 [Form.
247 1378 346 1420 261.]
358 1388 372 1405 r
402 1378 444 1430 R
472 1380 669 1414 Conservae
687 1379 912 1413 Coclileariae
931 1378 1117 1412 Hortensis
1133 1378 1255 1411 uncias
1272 1377 1369 1418 duas,

469 1437 664 1470 Conservae
683 1436 831 1481 Lujulac
848 1437 989 1470 unciam
1006 1447 1126 1475 unam,

467 1494 627 1528 Pulveris
644 1495 705 1528 Ari
723 1495 918 1539 Compositi
936 1493 1118 1527 drachmas
1135 1504 1206 1534 sex,

469 1563 549 1586 cum
567 1552 758 1585 sufficiente
775 1552 971 1595 quantitate
990 1550 1115 1595 Syrupi
1131 1549 1379 1583 Aurantiorum
1393 1562 1400 1589 ;

280 1607 362 1643 Fiat
374 1609 611 1649 electuarium,
624 1608 666 1642 de
683 1620 752 1653 quo
765 1609 882 1653 capiat
894 1608 939 1642 ad
951 1607 1234 1653 magnitudinem
1246 1607 1346 1640 nucis
1358 1605 1557 1640 mosellatae

280 1667 422 1712 majoris
438 1678 553 1708 mane,
572 1667 696 1711 quinta
711 1665 962 1712 pomeridiana,
980 1671 1014 1700 et
1035 1670 1148 1706 nocte,
1164 1664 1417 1709 superbibendo
1434 1665 1556 1708 Aquae

278 1724 442 1770 Raphani
461 1725 685 1770 Compositae
703 1725 895 1759 cochlearia
911 1736 984 1766 sex,
1001 1725 1055 1758 vel
1072 1723 1246 1769 sequentis
1258 1737 1314 1757 :—

94 1801 227 1842 [Form.
244 1802 344 1844 262]
401 1801 443 1854 R
470 1803 613 1838 Radicis
630 1802 794 1848 Raphani
811 1803 996 1838 Rusticani
1012 1808 1171 1848 raspatae
1185 1801 1292 1836 libras
1310 1802 1408 1841 duas,

470 1862 614 1896 Radicis
631 1863 691 1896 Ari
708 1862 832 1896 libram
850 1872 970 1902 unam,

468 1918 646 1953 Foliorum
665 1919 888 1953 Cochleariae
907 1917 1092 1951 Hortensis
1109 1916 1306 1962 manipulos
1322 1915 1517 1957 duodecim,

470 1975 647 2009 Foliorum
666 1975 849 2016 Menthae,

471 2031 686 2079 [Foliorum]
707 2034 857 2074 Salviae,

472 2089 687 2136 [Foliorum]
708 2090 882 2124 Nasum-tii
899 2090 1074 2135 Aquatici‚

473 2144 688 2193 [Foliorum]
709 2148 976 2192 Beccabungae,
994 2158 1062 2181 ana
1077 2146 1275 2191 manipulos
1291 2157 1366 2186 sext,

473 2205 654 2239 Seminum
674 2206 900 2240 Cochleariae
921 2205 1107 2239 Hortensis
1130 2215 1254 2250 parum
1271 2209 1492 2238 contusorum
1517 2203 1559 2236 li-

519 2263 618 2298 bram
637 2263 834 2304 dimidiam,
912 2307 917 2310 .

473 2321 585 2355 Nucis
602 2321 809 2356 Moschatae
827 2321 1069 2361 semiunciam,

474 2379 559 2413 Vini
577 2380 658 2414 Albi
675 2381 781 2414 libras
799 2379 1004 2419 duodeci1n3

284 2438 518 2473 Destillentur
534 2440 676 2483 organis
692 2439 948 2479 communibus,
965 2444 1000 2472 et
1017 2437 1200 2471 eliciantur
1217 2434 1434 2470 solummodo
1450 2435 1560 2469 librae

284 2507 345 2530 sex
362 2507 423 2541 pro
440 2507 517 2530 usu.

161 2575 243 2630 [4.]
281 2575 365 2616 Vel
384 2575 486 2617 folia
513 2576 702 2617 recentia
729 2575 986 2617 cochleariae
1011 2574 1226 2615 hortensis
1251 2586 1327 2627 per
1348 2586 1392 2613 se
1417 2571 1561 2613 destil-

97 2644 244 2686 lentur
267 2658 345 2698 pro
366 2658 448 2685 usu
479 2644 605 2685 dicto.
667 2645 800 2685 Porro
831 2657 1013 2698 sequens
1042 2642 1241 2684 cerevisia
1271 2642 1325 2682 sit
1352 2655 1428 2696 pro
1457 2645 1563 2695 potu

96 2712 314 2754 ordinario
330 2729 399 2753 :—

102 2801 236 2844 [Form.
254 2801 354 2842 263]
406 2799 447 2843 R
475 2800 618 2835 Radicis
629 2800 792 2846 Raphaui
805 2799 987 2834 Rusticani
998 2799 1144 2834 recentis
1154 2799 1255 2832 incisi
1268 2797 1451 2832 drachmas
1465 2797 1565 2838 duas,

477 2857 576 2892 Folia
592 2858 816 2892 Cochlcariae
836 2857 1022 2891 Hortensis
1040 2856 1236 2897 duodecim,

192 2936 209 2959 ‘⁴1
235 2931 285 2961 Cf.
304 2933 424 2962 Observ.
444 2933 526 2962 Med.
543 2932 583 2962 vi.
601 2934 629 2962 5.
648 2934 666 2969 9
684 2943 729 2972 sq.
1207 2934 1220 2951 r
1250 2929 1299 2960 Cf.
1316 2929 1408 2960 form.
1427 2930 1476 2959 41.
