1985 3308
472 139 810 182 PROCESSUS
847 137 1112 180 INTEGRI.
1439 137 1520 176 591

71 248 286 290 cochleare
313 261 450 288 unum
469 247 534 288 vel
563 247 744 288 alterum
758 263 770 296 3
800 245 866 287 vel
896 244 1154 298 cataplasma
1180 256 1229 283 ex
1256 245 1455 296 oxycrato
1483 244 1525 281 ct
1566 248 1619 278 Dr.
1639 247 1709 277 Go-

69 316 206 356 farina
224 315 418 356 fabarum
439 316 530 369 ejus
549 315 641 355 loco
663 313 973 368 applicandum.
1575 298 1706 362 ῗγῗὲἓῗ·

134 382 242 436 [12.]
281 382 534 423 Catharticis
550 381 721 422 interim
738 385 780 422 et
800 378 1149 434 refrigerantibus
1165 376 1291 418 modo
1308 375 1527 429 descriptis

70 449 366 503 introsumptis
387 449 597 490 utendum
619 453 695 490 est.

617 615 744 655 CAP.
778 615 983 655 ΧΧΧΧῙ.Ε

607 706 670 745 De
692 705 778 745 Lue
807 705 997 744 Venerea.

132 795 239 845 Um,
263 799 337 836 aut
365 809 390 835 a
417 794 704 848 gonorrhoeac
729 807 859 844 mora,
887 798 960 833 aut
982 790 1173 832 indebito
1202 786 1531 842 astringentium
1552 796 1657 845 Mqrb3
1675 796 1727 826 de-

72 877 167 914 usu,
195 863 311 904 labes
339 862 537 915 sanguini
568 862 839 915 imprimitur,
871 860 1058 901 exoritur
1087 858 1214 899 Lues.
1276 856 1533 909 Comparent
1551 844 1690 879 sompno.

73 931 313 984 ininguine
334 929 526 971 bubones
538 947 550 980 3
576 929 622 970 in
643 929 778 983 capite
801 928 963 969 dolores
986 931 1027 967 et
1050 925 1238 975 artubus,
1257 923 1533 964 articulorum

73 999 328 1049 interstitiis,
345 1003 477 1039 noctu
497 998 720 1051 praecipue
741 996 990 1037 invadentes
1011 995 1057 1034 in
1073 994 1183 1034 lecto
1204 992 1384 1040 calidos,
1417 1004 1532 1031 crus-

73 1065 189 1105 tulae
211 1070 253 1105 et
274 1064 509 1117 porrigines
533 1064 580 1104 in
599 1063 724 1104 variis
749 1062 933 1116 corporis
962 1060 1165 1115 partibus,
1189 1073 1296 1113 quae
1326 1058 1380 1099 ad
1399 1058 1535 1098 instar

73 1134 158 1174 favi
178 1133 422 1174 flavescunt.
485 1132 582 1174 Quo
607 1132 742 1185 magis
768 1131 928 1172 scabies
956 1129 1224 1178 diffunditur,
1245 1132 1367 1168 tanto
1392 1126 1534 1166 minus

74 1214 200 1254 aeger
230 1200 522 1241 djscmciatur.
585 1200 639 1240 In
670 1199 825 1249 cranio,
855 1198 970 1239 tibiis
1001 1196 1267 1249 brachiisque
1297 1199 1533 1243 exostoses3

75 1268 234 1309 ossium
261 1267 540 1308 inflammatio
571 1272 612 1307 et
644 1267 774 1307 caries
787 1283 799 1316 ς
831 1266 975 1306 ulcera
997 1263 1312 1318 phagedaenica
1341 1262 1387 1302 in
1412 1260 1536 1302 variis

75 1334 282 1389 partibus,
315 1334 389 1375 sed
414 1334 557 1375 fauces
587 1338 636 1374 ut
663 1334 896 1388 plurimum
926 1333 1062 1386 primo
1093 1329 1396 1385 aggredientia‚
1429 1343 1536 1382 quac

76 1403 234 1444 sensim
255 1416 329 1456 per
349 1402 540 1456 palatum
569 1402 615 1442 in
646 1402 738 1442 nasi
766 1401 1058 1454 cartilaginem
1078 1402 1311 1453 propagata
1329 1411 1427 1437 mox
1444 1410 1536 1437 eam

76 1470 321 1520 absumunt,
362 1470 424 1510 ita
463 1474 512 1510 ut
552 1470 688 1510 fulcro
729 1469 958 1510 destitutus
998 1481 1128 1508 nasus
1167 1466 1292 1520 plane
1327 1464 1535 1505 concidat.

78 1537 315 1587 Ulceribus,
357 1537 467 1578 carie
508 1541 550 1577 et
591 1536 733 1578 dolore
766 1536 902 1577 indies
935 1535 1206 1585 exacerbatis,
1243 1537 1423 1587 pereunt
1463 1545 1538 1585 per

76 1606 186 1648 vices
206 1605 399 1647 membra
415 1623 426 1656 ;
457 1606 644 1646 lacerum
666 1604 800 1646 donec
821 1604 1010 1654 cadaver,
1034 1608 1076 1644 et
1100 1603 1190 1657 jam
1218 1600 1378 1655 superis
1400 1612 1536 1654 grave,

77 1677 210 1717 humo
231 1676 452 1717 condatur.

79 1765 213 1807 [For-m.
232 1762 352 1806 22·7.]ε
370 1764 411 1808 R
449 1766 640 1811 Axungiae
659 1765 828 1799 Porcinae
847 1765 967 1798 uncias
983 1763 1081 1803 duas,
1559 1775 1743 1806 CURATWS·

453 1823 621 1857 Mercurii
638 1822 735 1857 crudi
752 1823 892 1857 unciam
910 1833 1017 1856 unam
1031 1836 1038 1861 ;

269 1880 402 1920 Misce;
428 1881 488 1914 fiat
502 1880 739 1920 linimentum,
757 1881 792 1912 in
812 1885 880 1912 tres
896 1878 1057 1922 aequales
1074 1883 1189 1922 partes
1205 1875 1443 1916 dividendum,
1457 1886 1541 1919 qua-

268 1948 345 1971 rum
357 1949 427 1971 una
443 1937 596 1977 brachia,
609 1948 721 1975 crura,
739 1943 774 1970 et
787 1937 890 1970 tibias
907 1936 951 1969 ad
966 1942 1032 1969 tres
1049 1941 1168 1969 noctes
1181 1934 1365 1968 continuas
1379 1933 1541 1966 manibus

269 1995 341 2027 suis
357 2006 461 2039 aeger
478 1999 659 2039 perungat.

147 2075 227 2129 [2.]
269 2075 314 2115 Si
334 2074 447 2114 intra
467 2079 552 2114 tres
581 2072 669 2114 dies
696 2077 791 2126 post
817 2072 1012 2113 ultimam
1040 2071 1332 2112 inunctionem
1354 2069 1541 2110 salivatio

82 2137 199 2184 haud
225 2142 436 2197 procedat,
454 2146 548 2181 tum
575 2155 707 2194 grana
727 2145 822 2181 octo
842 2140 1009 2180 turbith
1029 2139 1243 2180 mineralis
1269 2139 1315 2179 in
1343 2151 1543 2179 conserva

83 2224 275 2252 rosarum
308 2208 534 2249 rubrarum
568 2208 875 2257 exhibeantur,
909 2212 983 2248 aut
1019 2207 1263 2261 corporibus
1298 2206 1440 2246 minus
1476 2219 1541 2246 ro-

83 2278 220 2319 bustis
241 2277 440 2318 mercurii
468 2275 601 2316 dulcis
629 2276 849 2329 scrupulus
879 2290 1005 2316 unus.
1066 2277 1156 2315 Aut
1182 2275 1216 2314 si
1238 2274 1426 2315 salivatio
1452 2274 1542 2328 jam

84 2346 283 2399 incoepta
316 2344 432 2398 prius
469 2343 739 2397 elanguescat
776 2357 903 2396 quam
936 2347 1221 2397 symptomata
1254 2341 1424 2395 penitus
1461 2341 1542 2381 dis-

85 2413 318 2468 paruerint,
361 2411 651 2453 extimulanda
695 2411 876 2452 subinde
923 2416 986 2452 est
1027 2410 1175 2451 eadem
1216 2409 1307 2451 dosi
1345 2409 1545 2450 mercurii

87 2481 234 2521 dulcis.

151 2549 232 2602 [3.]
271 2547 528 2602 Ptyalismus
553 2548 614 2588 ita
641 2547 851 2588 moderari
873 2546 999 2587 debet
1019 2551 1068 2587 ut
1088 2546 1217 2587 libras
1240 2550 1422 2599 quatuor
1442 2558 1544 2599 nyc-

87 2616 271 2657 themeri
293 2615 428 2670 spatio
449 2619 616 2669 expuat,
639 2620 712 2656 aut
733 2614 912 2655 circiter.

149 2682 231 2738 [4.]
272 2683 316 2723 Si
334 2683 450 2736 justo
472 2683 598 2723 altius
615 2687 792 2736 exurgat
813 2682 1075 2737 ptyalismus,
1093 2695 1187 2722 cum
1210 2681 1546 2722 inflammatione

88 2751 233 2801 nimia,
255 2756 383 2804 atque
410 2750 454 2791 id
483 2765 616 2804 genus
648 2749 942 2805 symptomatis
970 2749 1283 2803 ingruentibus,
1306 2749 1546 2802 aliquantu-

90 2901 104 2918 θ
131 2896 180 2926 Cf.
200 2898 296 2935 Epist.
316 2897 456 2935 Respons.
477 2898 519 2926 ΙΙ.
539 2898 553 2933 ξ
579 2897 625 2926 ll.
776 2894 785 2912 ‘
809 2896 857 2927 Cf.
875 2898 947 2925 ibid.
967 2898 981 2933 ξ
1001 2897 1049 2926 26.
1207 2900 1224 2922 g
1249 2895 1298 2924 Cf.
1319 2897 1390 2925 ibid.
1410 2897 1424 2933 ξ
1444 2896 1484 2924 21·
1501 2906 1544 2934 sq.
