<?xml version="1.0" encoding="UTF-8"?>
<!DOCTYPE html PUBLIC "-//W3C//DTD XHTML 1.0 Transitional//EN"
    "http://www.w3.org/TR/xhtml1/DTD/xhtml1-transitional.dtd">
<html xmlns="http://www.w3.org/1999/xhtml" xml:lang="en" lang="en">
 <head>
  <title>
</title>
<meta http-equiv="Content-Type" content="text/html;charset=utf-8" />
  <meta name='ocr-system' content='tesseract 3.04.00' />
  <meta name='ocr-capabilities' content='ocr_page ocr_carea ocr_par ocr_line ocrx_word'/>
</head>
<body>
  <div class='ocr_page' id='page_1' title='image "./thomaesydenhammd00sydeuoft_0539.png"; bbox 0 0 1985 3308; ppageno 0'>
   <div class='ocr_carea' id='block_1_1' title="bbox 428 127 1574 172">
    <p class='ocr_par' dir='ltr' id='par_1_1' title="bbox 428 127 1574 172">
     <span class='ocr_line' id='line_1_1' title="bbox 428 127 1574 172; baseline 0.002 -2"><span class='ocrx_word' id='word_1_1' title='bbox 428 127 751 170; x_wconf 88' lang='lat' dir='ltr'>SCHEDULA</span> <span class='ocrx_word' id='word_1_2' title='bbox 781 127 1132 170; x_wconf 84' lang='lat' dir='ltr'><strong>MONITORIA</strong></span> <span class='ocrx_word' id='word_1_3' title='bbox 1163 128 1200 168; x_wconf 93' lang='grc' dir='ltr'><strong>Ι.</strong></span> <span class='ocrx_word' id='word_1_4' title='bbox 1491 133 1574 172; x_wconf 84' lang='grc'><strong>503</strong></span> 
     </span>
    </p>
   </div>
   <div class='ocr_carea' id='block_1_2' title="bbox 112 234 1776 1523">
    <p class='ocr_par' dir='ltr' id='par_1_2' title="bbox 112 234 1776 1441">
     <span class='ocr_line' id='line_1_2' title="bbox 119 234 1776 287; baseline -0.001 -10"><span class='ocrx_word' id='word_1_5' title='bbox 119 249 217 277; x_wconf 85' lang='lat' dir='ltr'><strong>vero</strong></span> <span class='ocrx_word' id='word_1_6' title='bbox 252 236 402 277; x_wconf 90' lang='lat' dir='ltr'><strong>horum</strong></span> <span class='ocrx_word' id='word_1_7' title='bbox 438 250 520 277; x_wconf 90' lang='lat' dir='ltr'><strong>usu</strong></span> <span class='ocrx_word' id='word_1_8' title='bbox 553 235 812 277; x_wconf 84' lang='lat' dir='ltr'><strong>vomituritio</strong></span> <span class='ocrx_word' id='word_1_9' title='bbox 847 248 896 276; x_wconf 88' lang='lat' dir='ltr'><strong>ac</strong></span> <span class='ocrx_word' id='word_1_10' title='bbox 924 235 1083 275; x_wconf 87' lang='lat' dir='ltr'><strong>ventris</strong></span> <span class='ocrx_word' id='word_1_11' title='bbox 1119 234 1284 275; x_wconf 86' lang='lat' dir='ltr'><strong>dolores</strong></span> <span class='ocrx_word' id='word_1_12' title='bbox 1318 235 1571 287; x_wconf 89' lang='lat' dir='ltr'><strong>remiserint,</strong></span> <span class='ocrx_word' id='word_1_13' title='bbox 1594 243 1776 275; x_wconf 65' lang='lat' dir='ltr'><strong>DssNovAe</strong></span> 
     </span>
     <span class='ocr_line' id='line_1_3' title="bbox 118 286 1769 359; baseline 0.001 -17"><span class='ocrx_word' id='word_1_14' title='bbox 118 306 224 343; x_wconf 91' lang='lat' dir='ltr'><strong>tunc</strong></span> <span class='ocrx_word' id='word_1_15' title='bbox 244 304 523 345; x_wconf 83' lang='lat' dir='ltr'>catharticum</span> <span class='ocrx_word' id='word_1_16' title='bbox 543 304 659 357; x_wconf 87' lang='lat' dir='ltr'><strong>prius</strong></span> <span class='ocrx_word' id='word_1_17' title='bbox 682 303 843 344; x_wconf 88' lang='lat' dir='ltr'><strong>dictum</strong></span> <span class='ocrx_word' id='word_1_18' title='bbox 868 302 1026 343; x_wconf 90' lang='lat' dir='ltr'><strong>iterum</strong></span> <span class='ocrx_word' id='word_1_19' title='bbox 1051 302 1324 343; x_wconf 81' lang='lat' dir='ltr'><strong>exhibeatur:</strong></span> <span class='ocrx_word' id='word_1_20' title='bbox 1356 302 1436 343; x_wconf 90' lang='lat' dir='ltr'><strong>hoc</strong></span> <span class='ocrx_word' id='word_1_21' title='bbox 1457 303 1572 343; x_wconf 91' lang='lat' dir='ltr'><strong>enim</strong></span> <span class='ocrx_word' id='word_1_22' title='bbox 1594 286 1644 358; x_wconf 47' lang='lat'><strong>11?</strong></span> <span class='ocrx_word' id='word_1_23' title='bbox 1639 295 1769 359; x_wconf 55' lang='grc' dir='ltr'><em>ξέἲζξυ</em></span> 
     </span>
     <span class='ocr_line' id='line_1_4' title="bbox 118 370 1571 424; baseline 0 -14"><span class='ocrx_word' id='word_1_24' title='bbox 118 373 308 424; x_wconf 90' lang='lat' dir='ltr'><strong>tempore</strong></span> <span class='ocrx_word' id='word_1_25' title='bbox 347 371 460 412; x_wconf 91' lang='lat' dir='ltr'><strong>idem</strong></span> <span class='ocrx_word' id='word_1_26' title='bbox 495 372 572 412; x_wconf 85' lang='lat' dir='ltr'><strong>sub</strong></span> <span class='ocrx_word' id='word_1_27' title='bbox 612 371 785 412; x_wconf 87' lang='lat' dir='ltr'><strong>laudani</strong></span> <span class='ocrx_word' id='word_1_28' title='bbox 824 371 961 411; x_wconf 86' lang='lat' dir='ltr'><strong>tutela</strong></span> <span class='ocrx_word' id='word_1_29' title='bbox 999 374 1265 423; x_wconf 84' lang='lat' dir='ltr'><strong>assumptum</strong></span> <span class='ocrx_word' id='word_1_30' title='bbox 1304 370 1571 421; x_wconf 80' lang='lat' dir='ltr'><strong>retinebitur,</strong></span> 
     </span>
     <span class='ocr_line' id='line_1_5' title="bbox 119 437 1573 492; baseline 0.001 -15"><span class='ocrx_word' id='word_1_31' title='bbox 119 450 167 477; x_wconf 88' lang='lat' dir='ltr'><strong>ae</strong></span> <span class='ocrx_word' id='word_1_32' title='bbox 189 451 264 478; x_wconf 89' lang='lat' dir='ltr'><strong>suo</strong></span> <span class='ocrx_word' id='word_1_33' title='bbox 291 438 466 479; x_wconf 87' lang='lat' dir='ltr'><strong>tandem</strong></span> <span class='ocrx_word' id='word_1_34' title='bbox 487 439 745 492; x_wconf 81' lang='lat' dir='ltr'><strong>defungetur</strong></span> <span class='ocrx_word' id='word_1_35' title='bbox 770 451 961 479; x_wconf 89' lang='lat' dir='ltr'><strong>munere.</strong></span> <span class='ocrx_word' id='word_1_36' title='bbox 1023 437 1187 478; x_wconf 90' lang='lat' dir='ltr'><strong>Verum</strong></span> <span class='ocrx_word' id='word_1_37' title='bbox 1208 437 1255 487; x_wconf 90' lang='lat' dir='ltr'><strong>si,</strong></span> <span class='ocrx_word' id='word_1_38' title='bbox 1279 437 1573 491; x_wconf 87' lang='lat' dir='ltr'><strong>anodynorum</strong></span> 
     </span>
     <span class='ocr_line' id='line_1_6' title="bbox 117 503 1574 560; baseline 0.001 -16"><span class='ocrx_word' id='word_1_39' title='bbox 117 503 274 545; x_wconf 87' lang='lat' dir='ltr'><strong>virtute</strong></span> <span class='ocrx_word' id='word_1_40' title='bbox 295 519 343 546; x_wconf 86' lang='lat' dir='ltr'><strong>ac</strong></span> <span class='ocrx_word' id='word_1_41' title='bbox 359 506 398 546; x_wconf 91' lang='lat' dir='ltr'><strong>vi</strong></span> <span class='ocrx_word' id='word_1_42' title='bbox 414 507 504 559; x_wconf 82' lang='lat' dir='ltr'><strong>jam</strong></span> <span class='ocrx_word' id='word_1_43' title='bbox 520 507 690 560; x_wconf 87' lang='lat' dir='ltr'><strong>penitus</strong></span> <span class='ocrx_word' id='word_1_44' title='bbox 710 505 914 556; x_wconf 86' lang='lat' dir='ltr'><strong>infractis,</strong></span> <span class='ocrx_word' id='word_1_45' title='bbox 931 505 1192 546; x_wconf 85' lang='lat' dir='ltr'><strong>vomituritio</strong></span> <span class='ocrx_word' id='word_1_46' title='bbox 1213 519 1262 545; x_wconf 85' lang='lat' dir='ltr'><strong>ac</strong></span> <span class='ocrx_word' id='word_1_47' title='bbox 1279 505 1397 546; x_wconf 87' lang='lat' dir='ltr'><strong>dolor</strong></span> <span class='ocrx_word' id='word_1_48' title='bbox 1417 505 1574 546; x_wconf 86' lang='lat' dir='ltr'><strong>iterum</strong></span> 
     </span>
     <span class='ocr_line' id='line_1_7' title="bbox 117 571 1575 627; baseline 0.002 -15"><span class='ocrx_word' id='word_1_49' title='bbox 117 571 334 623; x_wconf 81' lang='lat' dir='ltr'><strong>redierint,</strong></span> <span class='ocrx_word' id='word_1_50' title='bbox 367 574 599 614; x_wconf 86' lang='lat' dir='ltr'><strong>cathartico</strong></span> <span class='ocrx_word' id='word_1_51' title='bbox 633 574 806 614; x_wconf 86' lang='lat' dir='ltr'><strong>interim</strong></span> <span class='ocrx_word' id='word_1_52' title='bbox 835 574 880 614; x_wconf 91' lang='lat' dir='ltr'><strong>in</strong></span> <span class='ocrx_word' id='word_1_53' title='bbox 917 587 1088 627; x_wconf 87' lang='lat' dir='ltr'><strong>corpore</strong></span> <span class='ocrx_word' id='word_1_54' title='bbox 1122 573 1370 624; x_wconf 80' lang='lat' dir='ltr'><strong>restitante3</strong></span> <span class='ocrx_word' id='word_1_55' title='bbox 1413 574 1460 614; x_wconf 90' lang='lat' dir='ltr'><strong>in</strong></span> <span class='ocrx_word' id='word_1_56' title='bbox 1493 573 1575 615; x_wconf 89' lang='grc'><strong>1106</strong></span> 
     </span>
     <span class='ocr_line' id='line_1_8' title="bbox 117 641 1573 695; baseline 0.001 -15"><span class='ocrx_word' id='word_1_57' title='bbox 117 653 230 689; x_wconf 85' lang='lat' dir='ltr'><strong>casu,</strong></span> <span class='ocrx_word' id='word_1_58' title='bbox 249 653 297 681; x_wconf 85' lang='lat' dir='ltr'><strong>ex</strong></span> <span class='ocrx_word' id='word_1_59' title='bbox 321 641 627 695; x_wconf 85' lang='lat' dir='ltr'><strong>dejectionibus</strong></span> <span class='ocrx_word' id='word_1_60' title='bbox 648 655 723 694; x_wconf 90' lang='lat' dir='ltr'><strong>per</strong></span> <span class='ocrx_word' id='word_1_61' title='bbox 738 641 937 682; x_wconf 89' lang='lat' dir='ltr'><strong>inferiora</strong></span> <span class='ocrx_word' id='word_1_62' title='bbox 953 655 1024 695; x_wconf 91' lang='lat' dir='ltr'><strong>spe</strong></span> <span class='ocrx_word' id='word_1_63' title='bbox 1046 641 1162 682; x_wconf 84' lang='lat' dir='ltr'><strong>omni</strong></span> <span class='ocrx_word' id='word_1_64' title='bbox 1177 641 1573 695; x_wconf 82' lang='lat' dir='ltr'><strong>impraesentiarum</strong></span> 
     </span>
     <span class='ocr_line' id='line_1_9' title="bbox 117 706 1572 762; baseline 0.001 -14"><span class='ocrx_word' id='word_1_65' title='bbox 117 706 295 760; x_wconf 84' lang='lat' dir='ltr'><strong>abjecta,</strong></span> <span class='ocrx_word' id='word_1_66' title='bbox 327 709 381 749; x_wconf 89' lang='lat' dir='ltr'><strong>ad</strong></span> <span class='ocrx_word' id='word_1_67' title='bbox 419 723 545 749; x_wconf 89' lang='lat' dir='ltr'><strong>usum</strong></span> <span class='ocrx_word' id='word_1_68' title='bbox 585 709 817 762; x_wconf 85' lang='lat' dir='ltr'><strong>paregorici</strong></span> <span class='ocrx_word' id='word_1_69' title='bbox 857 723 982 762; x_wconf 90' lang='lat' dir='ltr'><strong>supra</strong></span> <span class='ocrx_word' id='word_1_70' title='bbox 1022 709 1221 762; x_wconf 84' lang='lat' dir='ltr'><strong>descripti</strong></span> <span class='ocrx_word' id='word_1_71' title='bbox 1259 709 1572 760; x_wconf 90' lang='lat' dir='ltr'><strong>revertendum,</strong></span> 
     </span>
     <span class='ocr_line' id='line_1_10' title="bbox 116 773 1575 832; baseline 0.003 -17"><span class='ocrx_word' id='word_1_72' title='bbox 116 773 313 829; x_wconf 82' lang='lat' dir='ltr'><strong>idemque</strong></span> <span class='ocrx_word' id='word_1_73' title='bbox 343 790 526 831; x_wconf 88' lang='lat' dir='ltr'><strong>eousque</strong></span> <span class='ocrx_word' id='word_1_74' title='bbox 551 778 831 831; x_wconf 88' lang='lat' dir='ltr'><strong>repetendum</strong></span> <span class='ocrx_word' id='word_1_75' title='bbox 859 782 1008 831; x_wconf 83' lang='lat' dir='ltr'><strong>quarta</strong></span> <span class='ocrx_word' id='word_1_76' title='bbox 1031 778 1097 818; x_wconf 91' lang='lat' dir='ltr'><strong>vel</strong></span> <span class='ocrx_word' id='word_1_77' title='bbox 1127 783 1245 818; x_wconf 83' lang='lat' dir='ltr'><strong>sexta</strong></span> <span class='ocrx_word' id='word_1_78' title='bbox 1275 792 1440 832; x_wconf 89' lang='lat' dir='ltr'><strong>quaque</strong></span> <span class='ocrx_word' id='word_1_79' title='bbox 1470 779 1575 820; x_wconf 91' lang='lat' dir='ltr'><strong>hora</strong></span> 
     </span>
     <span class='ocr_line' id='line_1_11' title="bbox 117 841 1574 899; baseline 0.003 -16"><span class='ocrx_word' id='word_1_80' title='bbox 117 841 252 884; x_wconf 91' lang='lat' dir='ltr'><strong>donec</strong></span> <span class='ocrx_word' id='word_1_81' title='bbox 271 843 486 885; x_wconf 86' lang='lat' dir='ltr'><strong>intestinis</strong></span> <span class='ocrx_word' id='word_1_82' title='bbox 508 845 625 898; x_wconf 89' lang='lat' dir='ltr'><strong>quies</strong></span> <span class='ocrx_word' id='word_1_83' title='bbox 647 845 891 886; x_wconf 88' lang='lat' dir='ltr'><strong>omnimoda</strong></span> <span class='ocrx_word' id='word_1_84' title='bbox 910 846 1148 896; x_wconf 86' lang='lat' dir='ltr'><strong>inducatur,</strong></span> <span class='ocrx_word' id='word_1_85' title='bbox 1166 860 1214 886; x_wconf 90' lang='lat' dir='ltr'><strong>ac</strong></span> <span class='ocrx_word' id='word_1_86' title='bbox 1234 846 1411 899; x_wconf 88' lang='lat' dir='ltr'><strong>proinde</strong></span> <span class='ocrx_word' id='word_1_87' title='bbox 1431 851 1574 887; x_wconf 89' lang='lat' dir='ltr'><strong>motus</strong></span> 
     </span>
     <span class='ocr_line' id='line_1_12' title="bbox 117 913 1574 968; baseline 0.002 -16"><span class='ocrx_word' id='word_1_88' title='bbox 117 924 265 952; x_wconf 90' lang='lat' dir='ltr'><strong>eorum</strong></span> <span class='ocrx_word' id='word_1_89' title='bbox 298 913 506 953; x_wconf 87' lang='lat' dir='ltr'><strong>naturalis</strong></span> <span class='ocrx_word' id='word_1_90' title='bbox 547 914 744 954; x_wconf 90' lang='lat' dir='ltr'><strong>deorsum</strong></span> <span class='ocrx_word' id='word_1_91' title='bbox 779 928 922 955; x_wconf 79' lang='lat' dir='ltr'><strong>versus</strong></span> <span class='ocrx_word' id='word_1_92' title='bbox 962 914 1237 955; x_wconf 85' lang='lat' dir='ltr'><strong>restituatur:</strong></span> <span class='ocrx_word' id='word_1_93' title='bbox 1282 928 1365 967; x_wconf 95' lang='lat' dir='ltr'><strong>quo</strong></span> <span class='ocrx_word' id='word_1_94' title='bbox 1401 914 1574 968; x_wconf 90' lang='lat' dir='ltr'><strong>quidem</strong></span> 
     </span>
     <span class='ocr_line' id='line_1_13' title="bbox 115 981 1574 1035; baseline 0.002 -15"><span class='ocrx_word' id='word_1_95' title='bbox 115 984 306 1034; x_wconf 89' lang='lat' dir='ltr'><strong>tempore</strong></span> <span class='ocrx_word' id='word_1_96' title='bbox 337 981 630 1032; x_wconf 86' lang='lat' dir='ltr'><strong>catharticum,</strong></span> <span class='ocrx_word' id='word_1_97' title='bbox 658 981 770 1035; x_wconf 91' lang='lat' dir='ltr'><strong>quod</strong></span> <span class='ocrx_word' id='word_1_98' title='bbox 800 982 1006 1022; x_wconf 87' lang='lat' dir='ltr'><strong>hactenus</strong></span> <span class='ocrx_word' id='word_1_99' title='bbox 1037 981 1090 1022; x_wconf 94' lang='lat' dir='ltr'><strong>ob</strong></span> <span class='ocrx_word' id='word_1_100' title='bbox 1119 981 1380 1022; x_wconf 86' lang='lat' dir='ltr'><strong>contrarium</strong></span> <span class='ocrx_word' id='word_1_101' title='bbox 1406 982 1574 1023; x_wconf 87' lang='lat' dir='ltr'><strong>intesti-</strong></span> 
     </span>
     <span class='ocr_line' id='line_1_14' title="bbox 115 1050 1574 1103; baseline 0.001 -15"><span class='ocrx_word' id='word_1_102' title='bbox 115 1061 269 1089; x_wconf 87' lang='lat' dir='ltr'><strong>norum</strong></span> <span class='ocrx_word' id='word_1_103' title='bbox 299 1054 465 1090; x_wconf 91' lang='lat' dir='ltr'><strong>motum</strong></span> <span class='ocrx_word' id='word_1_104' title='bbox 490 1050 537 1090; x_wconf 91' lang='lat' dir='ltr'><strong>in</strong></span> <span class='ocrx_word' id='word_1_105' title='bbox 564 1064 737 1103; x_wconf 87' lang='lat' dir='ltr'><strong>corpore</strong></span> <span class='ocrx_word' id='word_1_106' title='bbox 765 1050 996 1099; x_wconf 88' lang='lat' dir='ltr'><strong>sisteretur,</strong></span> <span class='ocrx_word' id='word_1_107' title='bbox 1015 1050 1104 1103; x_wconf 87' lang='lat' dir='ltr'><strong>jam</strong></span> <span class='ocrx_word' id='word_1_108' title='bbox 1133 1050 1422 1103; x_wconf 81' lang='lat' dir='ltr'><strong>operationem</strong></span> <span class='ocrx_word' id='word_1_109' title='bbox 1452 1064 1574 1090; x_wconf 90' lang='lat' dir='ltr'><strong>suam</strong></span> 
     </span>
     <span class='ocr_line' id='line_1_15' title="bbox 114 1115 1572 1171; baseline 0.001 -15"><span class='ocrx_word' id='word_1_110' title='bbox 114 1129 190 1169; x_wconf 90' lang='lat' dir='ltr'><strong>per</strong></span> <span class='ocrx_word' id='word_1_111' title='bbox 211 1115 329 1156; x_wconf 87' lang='lat' dir='ltr'><strong>sedes</strong></span> <span class='ocrx_word' id='word_1_112' title='bbox 351 1121 506 1167; x_wconf 81' lang='lat' dir='ltr'><strong>exeret,</strong></span> <span class='ocrx_word' id='word_1_113' title='bbox 529 1117 844 1171; x_wconf 87' lang='lat' dir='ltr'><strong>quantumlibet</strong></span> <span class='ocrx_word' id='word_1_114' title='bbox 865 1131 917 1158; x_wconf 86' lang='lat' dir='ltr'><strong>ex</strong></span> <span class='ocrx_word' id='word_1_115' title='bbox 941 1122 1031 1158; x_wconf 87' lang='lat' dir='ltr'><strong>tam</strong></span> <span class='ocrx_word' id='word_1_116' title='bbox 1051 1117 1234 1171; x_wconf 89' lang='lat' dir='ltr'><strong>repetito</strong></span> <span class='ocrx_word' id='word_1_117' title='bbox 1259 1117 1572 1158; x_wconf 89' lang='lat' dir='ltr'><strong>narcoticorum</strong></span> 
     </span>
     <span class='ocr_line' id='line_1_16' title="bbox 114 1184 1572 1239; baseline 0.002 -16"><span class='ocrx_word' id='word_1_118' title='bbox 114 1197 196 1224; x_wconf 90' lang='lat' dir='ltr'><strong>usu</strong></span> <span class='ocrx_word' id='word_1_119' title='bbox 225 1184 350 1237; x_wconf 88' lang='lat' dir='ltr'><strong>plane</strong></span> <span class='ocrx_word' id='word_1_120' title='bbox 381 1185 640 1226; x_wconf 88' lang='lat' dir='ltr'><strong>contrarium</strong></span> <span class='ocrx_word' id='word_1_121' title='bbox 670 1185 870 1226; x_wconf 88' lang='lat' dir='ltr'><strong>effectum</strong></span> <span class='ocrx_word' id='word_1_122' title='bbox 900 1185 952 1225; x_wconf 89' lang='lat' dir='ltr'><strong>iri</strong></span> <span class='ocrx_word' id='word_1_123' title='bbox 978 1185 1183 1226; x_wconf 83' lang='lat' dir='ltr'><strong>videatur.</strong></span> <span class='ocrx_word' id='word_1_124' title='bbox 1245 1184 1373 1226; x_wconf 77' lang='lat' dir='ltr'><strong>Quod</strong></span> <span class='ocrx_word' id='word_1_125' title='bbox 1400 1190 1442 1226; x_wconf 87' lang='lat' dir='ltr'><strong>et</strong></span> <span class='ocrx_word' id='word_1_126' title='bbox 1470 1185 1572 1239; x_wconf 88' lang='lat' dir='ltr'><strong>ipse,</strong></span> 
     </span>
     <span class='ocr_line' id='line_1_17' title="bbox 115 1251 1572 1306; baseline 0.001 -14"><span class='ocrx_word' id='word_1_127' title='bbox 115 1251 218 1292; x_wconf 89' lang='lat' dir='ltr'><strong>dum</strong></span> <span class='ocrx_word' id='word_1_128' title='bbox 258 1252 363 1293; x_wconf 88' lang='lat' dir='ltr'><strong>haec</strong></span> <span class='ocrx_word' id='word_1_129' title='bbox 403 1252 641 1302; x_wconf 87' lang='lat' dir='ltr'><strong>scriberem,</strong></span> <span class='ocrx_word' id='word_1_130' title='bbox 672 1253 718 1293; x_wconf 91' lang='lat' dir='ltr'><strong>in</strong></span> <span class='ocrx_word' id='word_1_131' title='bbox 754 1267 959 1306; x_wconf 88' lang='lat' dir='ltr'><strong>generoso</strong></span> <span class='ocrx_word' id='word_1_132' title='bbox 1000 1252 1182 1306; x_wconf 90' lang='lat' dir='ltr'><strong>quodam</strong></span> <span class='ocrx_word' id='word_1_133' title='bbox 1216 1252 1299 1293; x_wconf 89' lang='lat' dir='ltr'><strong>ileo</strong></span> <span class='ocrx_word' id='word_1_134' title='bbox 1334 1252 1572 1294; x_wconf 84' lang='lat' dir='ltr'><strong>saevissimo</strong></span> 
     </span>
     <span class='ocr_line' id='line_1_18' title="bbox 112 1319 1573 1374; baseline 0.001 -14"><span class='ocrx_word' id='word_1_135' title='bbox 112 1319 334 1361; x_wconf 80' lang='lat' dir='ltr'><strong>laborante</strong></span> <span class='ocrx_word' id='word_1_136' title='bbox 361 1327 559 1374; x_wconf 86' lang='lat' dir='ltr'><strong>expertus</strong></span> <span class='ocrx_word' id='word_1_137' title='bbox 591 1336 684 1361; x_wconf 87' lang='lat' dir='ltr'><strong>sum</strong></span> <span class='ocrx_word' id='word_1_138' title='bbox 698 1338 709 1371; x_wconf 82' lang='lat'><em>3</em></span> <span class='ocrx_word' id='word_1_139' title='bbox 746 1322 816 1362; x_wconf 92' lang='lat' dir='ltr'><strong>cui</strong></span> <span class='ocrx_word' id='word_1_140' title='bbox 845 1326 991 1362; x_wconf 87' lang='lat' dir='ltr'><strong>tamen</strong></span> <span class='ocrx_word' id='word_1_141' title='bbox 1020 1325 1178 1374; x_wconf 87' lang='lat' dir='ltr'><strong>postea,</strong></span> <span class='ocrx_word' id='word_1_142' title='bbox 1207 1333 1258 1360; x_wconf 78' lang='lat' dir='ltr'><strong>ex</strong></span> <span class='ocrx_word' id='word_1_143' title='bbox 1287 1320 1414 1362; x_wconf 89' lang='lat' dir='ltr'><strong>nimis</strong></span> <span class='ocrx_word' id='word_1_144' title='bbox 1444 1320 1573 1373; x_wconf 85' lang='lat' dir='ltr'><strong>longa</strong></span> 
     </span>
     <span class='ocr_line' id='line_1_19' title="bbox 113 1387 1742 1441; baseline 0.003 -14"><span class='ocrx_word' id='word_1_145' title='bbox 113 1391 204 1428; x_wconf 85' lang='lat' dir='ltr'><strong>tam</strong></span> <span class='ocrx_word' id='word_1_146' title='bbox 238 1388 467 1429; x_wconf 90' lang='lat' dir='ltr'><strong>humorum</strong></span> <span class='ocrx_word' id='word_1_147' title='bbox 502 1389 699 1430; x_wconf 87' lang='lat' dir='ltr'><strong>morbum</strong></span> <span class='ocrx_word' id='word_1_148' title='bbox 740 1389 1102 1430; x_wconf 86' lang='lat' dir='ltr'><strong>committentium</strong></span> <span class='ocrx_word' id='word_1_149' title='bbox 1143 1401 1271 1441; x_wconf 86' lang='lat' dir='ltr'><strong>quam</strong></span> <span class='ocrx_word' id='word_1_150' title='bbox 1307 1387 1467 1428; x_wconf 88' lang='lat' dir='ltr'><strong>acrium</strong></span> <span class='ocrx_word' id='word_1_151' title='bbox 1502 1401 1570 1428; x_wconf 84' lang='lat' dir='ltr'><strong>ca·</strong></span> <span class='ocrx_word' id='word_1_152' title='bbox 1590 1401 1742 1441; x_wconf 79' lang='lat' dir='ltr'><strong>Aphthae</strong></span> 
     </span>
    </p>

    <p class='ocr_par' dir='ltr' id='par_1_3' title="bbox 112 1444 1776 1523">
     <span class='ocr_line' id='line_1_20' title="bbox 112 1444 1776 1523; baseline 0 -28"><span class='ocrx_word' id='word_1_153' title='bbox 112 1455 394 1497; x_wconf 84' lang='lat' dir='ltr'><strong>tharticorum</strong></span> <span class='ocrx_word' id='word_1_154' title='bbox 423 1457 675 1507; x_wconf 86' lang='lat' dir='ltr'><strong>retentione,</strong></span> <span class='ocrx_word' id='word_1_155' title='bbox 703 1456 887 1510; x_wconf 87' lang='lat' dir='ltr'><strong>aphthae</strong></span> <span class='ocrx_word' id='word_1_156' title='bbox 918 1469 1208 1509; x_wconf 83' lang='lat' dir='ltr'><strong>supervenere,</strong></span> <span class='ocrx_word' id='word_1_157' title='bbox 1235 1454 1308 1495; x_wconf 88' lang='lat' dir='ltr'><strong>sed</strong></span> <span class='ocrx_word' id='word_1_158' title='bbox 1337 1469 1443 1508; x_wconf 87' lang='lat' dir='ltr'><strong>quae</strong></span> <span class='ocrx_word' id='word_1_159' title='bbox 1469 1455 1570 1495; x_wconf 88' lang='lat' dir='ltr'><strong>satis</strong></span> <span class='ocrx_word' id='word_1_160' title='bbox 1588 1444 1776 1523; x_wconf 48' lang='lat' dir='ltr'><strong>ivlgssigffl&#39;g*</strong></span> 
     </span>
    </p>
   </div>
   <div class='ocr_carea' id='block_1_3' title="bbox 111 1522 1750 1646">
    <p class='ocr_par' dir='ltr' id='par_1_4' title="bbox 111 1522 1750 1646">
     <span class='ocr_line' id='line_1_21' title="bbox 112 1522 1750 1576; baseline -0.004 -13"><span class='ocrx_word' id='word_1_161' title='bbox 112 1522 235 1564; x_wconf 85' lang='lat' dir='ltr'><strong>facile</strong></span> <span class='ocrx_word' id='word_1_162' title='bbox 265 1524 580 1565; x_wconf 86' lang='lat' dir='ltr'><strong>debellarentur</strong></span> <span class='ocrx_word' id='word_1_163' title='bbox 613 1539 696 1564; x_wconf 85' lang='lat' dir='ltr'><strong>usu</strong></span> <span class='ocrx_word' id='word_1_164' title='bbox 731 1524 896 1565; x_wconf 89' lang='lat' dir='ltr'><strong>corticis</strong></span> <span class='ocrx_word' id='word_1_165' title='bbox 926 1523 1152 1564; x_wconf 79' lang='lat' dir='ltr'><strong>Peruviani</strong></span> <span class='ocrx_word' id='word_1_166' title='bbox 1182 1537 1310 1576; x_wconf 87' lang='lat' dir='ltr'><strong>supra</strong></span> <span class='ocrx_word' id='word_1_167' title='bbox 1344 1522 1568 1576; x_wconf 86' lang='lat' dir='ltr'><strong>descripto,</strong></span> <span class='ocrx_word' id='word_1_168' title='bbox 1590 1529 1750 1569; x_wconf 84' lang='lat' dir='ltr'><strong>quomodo</strong></span> 
     </span>
     <span class='ocr_line' id='line_1_22' title="bbox 111 1576 1729 1646; baseline -0.005 -14"><span class='ocrx_word' id='word_1_169' title='bbox 111 1595 162 1632; x_wconf 89' lang='lat' dir='ltr'><strong>ut</strong></span> <span class='ocrx_word' id='word_1_170' title='bbox 183 1595 226 1632; x_wconf 90' lang='lat' dir='ltr'><strong>et</strong></span> <span class='ocrx_word' id='word_1_171' title='bbox 247 1605 292 1632; x_wconf 89' lang='lat' dir='ltr'><strong>os</strong></span> <span class='ocrx_word' id='word_1_172' title='bbox 314 1606 436 1646; x_wconf 88' lang='lat' dir='ltr'><strong>saepe</strong></span> <span class='ocrx_word' id='word_1_173' title='bbox 458 1592 680 1634; x_wconf 87' lang='grc' dir='ltr'><strong>601111611ᾶο</strong></span> <span class='ocrx_word' id='word_1_174' title='bbox 701 1606 800 1633; x_wconf 86' lang='grc'><strong>611111</strong></span> <span class='ocrx_word' id='word_1_175' title='bbox 821 1596 1024 1646; x_wconf 88' lang='lat' dir='ltr'><strong>sequente</strong></span> <span class='ocrx_word' id='word_1_176' title='bbox 1046 1591 1350 1645; x_wconf 81' lang='lat' dir='ltr'><strong>gargarismate</strong></span> <span class='ocrx_word' id='word_1_177' title='bbox 1363 1607 1435 1632; x_wconf 89' lang='lat'><strong>:—-</strong></span> <span class='ocrx_word' id='word_1_178' title='bbox 1589 1576 1729 1602; x_wconf 81' lang='lat' dir='ltr'><strong>curatae.</strong></span> 
     </span>
    </p>
   </div>
   <div class='ocr_carea' id='block_1_4' title="bbox 1590 375 1775 382">
    <p class='ocr_par' dir='ltr' id='par_1_5' title="bbox 1590 375 1775 382">
     <span class='ocr_line' id='line_1_23' title="bbox 1590 375 1775 382; baseline 0 0"><span class='ocrx_word' id='word_1_179' title='bbox 1590 375 1775 382; x_wconf 95' lang='lat' dir='ltr'><strong> </strong></span> 
     </span>
    </p>
   </div>
   <div class='ocr_carea' id='block_1_5' title="bbox 115 1714 1369 1876">
    <p class='ocr_par' dir='ltr' id='par_1_6' title="bbox 115 1714 1369 1876">
     <span class='ocr_line' id='line_1_24' title="bbox 115 1714 1369 1761; baseline -0.001 -12"><span class='ocrx_word' id='word_1_180' title='bbox 115 1714 247 1760; x_wconf 87' lang='lat' dir='ltr'><strong>[Form.</strong></span> <span class='ocrx_word' id='word_1_181' title='bbox 267 1716 387 1757; x_wconf 68' lang='lat'>113.]¹³</span> <span class='ocrx_word' id='word_1_182' title='bbox 421 1714 462 1758; x_wconf 74' lang='lat' dir='ltr'>R</span> <span class='ocrx_word' id='word_1_183' title='bbox 491 1716 594 1750; x_wconf 88' lang='lat' dir='ltr'><strong>Succi</strong></span> <span class='ocrx_word' id='word_1_184' title='bbox 612 1716 800 1750; x_wconf 88' lang='lat' dir='ltr'><strong>Pomorum</strong></span> <span class='ocrx_word' id='word_1_185' title='bbox 818 1716 1018 1761; x_wconf 70' lang='lat' dir='ltr'><strong>Agrestium</strong></span> <span class='ocrx_word' id='word_1_186' title='bbox 1034 1715 1159 1749; x_wconf 86' lang='lat' dir='ltr'><strong>libram</strong></span> <span class='ocrx_word' id='word_1_187' title='bbox 1173 1714 1369 1755; x_wconf 84' lang='lat' dir='ltr'><strong>dimidiam,</strong></span> 
     </span>
     <span class='ocr_line' id='line_1_25' title="bbox 488 1773 1222 1819; baseline -0.001 -12"><span class='ocrx_word' id='word_1_188' title='bbox 488 1774 614 1819; x_wconf 82' lang='lat' dir='ltr'><strong>Syrupi</strong></span> <span class='ocrx_word' id='word_1_189' title='bbox 632 1775 674 1808; x_wconf 91' lang='lat' dir='ltr'><strong>de</strong></span> <span class='ocrx_word' id='word_1_190' title='bbox 691 1774 793 1808; x_wconf 90' lang='lat' dir='ltr'><strong>Rubo</strong></span> <span class='ocrx_word' id='word_1_191' title='bbox 812 1773 919 1807; x_wconf 84' lang='lat' dir='ltr'><strong>Idaeo</strong></span> <span class='ocrx_word' id='word_1_192' title='bbox 935 1774 1077 1807; x_wconf 87' lang='lat' dir='ltr'><strong>unciam</strong></span> <span class='ocrx_word' id='word_1_193' title='bbox 1093 1784 1200 1806; x_wconf 88' lang='lat' dir='ltr'><strong>unam</strong></span> <span class='ocrx_word' id='word_1_194' title='bbox 1214 1786 1222 1813; x_wconf 92' lang='lat'>;</span> 
     </span>
     <span class='ocr_line' id='line_1_26' title="bbox 301 1830 624 1876; baseline 0.003 -13"><span class='ocrx_word' id='word_1_195' title='bbox 301 1830 381 1865; x_wconf 85' lang='lat' dir='ltr'><strong>Fiat</strong></span> <span class='ocrx_word' id='word_1_196' title='bbox 398 1833 624 1876; x_wconf 83' lang='lat' dir='ltr'><strong>gargarisma.</strong></span> 
     </span>
    </p>
   </div>
   <div class='ocr_carea' id='block_1_6' title="bbox 110 1943 1762 2611">
    <p class='ocr_par' dir='ltr' id='par_1_7' title="bbox 110 1943 1571 2474">
     <span class='ocr_line' id='line_1_27' title="bbox 179 1943 1570 1999; baseline 0 -14"><span class='ocrx_word' id='word_1_197' title='bbox 179 1944 287 1999; x_wconf 89' lang='lat'><strong>[31.]</strong></span> <span class='ocrx_word' id='word_1_198' title='bbox 325 1945 385 1985; x_wconf 90' lang='lat' dir='ltr'><strong>At</strong></span> <span class='ocrx_word' id='word_1_199' title='bbox 416 1958 514 1985; x_wconf 90' lang='lat' dir='ltr'><strong>cum</strong></span> <span class='ocrx_word' id='word_1_200' title='bbox 545 1945 634 1998; x_wconf 86' lang='lat' dir='ltr'><strong>jam</strong></span> <span class='ocrx_word' id='word_1_201' title='bbox 671 1943 824 1984; x_wconf 90' lang='lat' dir='ltr'><strong>ductus</strong></span> <span class='ocrx_word' id='word_1_202' title='bbox 854 1944 926 1984; x_wconf 88' lang='lat' dir='ltr'><strong>isti</strong></span> <span class='ocrx_word' id='word_1_203' title='bbox 960 1958 1037 1998; x_wconf 88' lang='lat' dir='ltr'><strong>pro</strong></span> <span class='ocrx_word' id='word_1_204' title='bbox 1071 1944 1266 1985; x_wconf 86' lang='lat' dir='ltr'><strong>Naturae</strong></span> <span class='ocrx_word' id='word_1_205' title='bbox 1300 1945 1394 1998; x_wconf 86' lang='lat' dir='ltr'><strong>lege</strong></span> <span class='ocrx_word' id='word_1_206' title='bbox 1429 1944 1570 1986; x_wconf 89' lang='lat' dir='ltr'><strong>denuo</strong></span> 
     </span>
     <span class='ocr_line' id='line_1_28' title="bbox 112 2011 1570 2067; baseline -0.001 -14"><span class='ocrx_word' id='word_1_207' title='bbox 112 2018 301 2067; x_wconf 84' lang='lat' dir='ltr'><strong>pateant,</strong></span> <span class='ocrx_word' id='word_1_208' title='bbox 324 2026 448 2065; x_wconf 85' lang='lat' dir='ltr'><strong>aegro</strong></span> <span class='ocrx_word' id='word_1_209' title='bbox 474 2012 656 2053; x_wconf 90' lang='lat' dir='ltr'><strong>liberum</strong></span> <span class='ocrx_word' id='word_1_210' title='bbox 683 2016 746 2052; x_wconf 89' lang='lat' dir='ltr'><strong>est</strong></span> <span class='ocrx_word' id='word_1_211' title='bbox 768 2016 816 2052; x_wconf 87' lang='lat' dir='ltr'><strong>ut</strong></span> <span class='ocrx_word' id='word_1_212' title='bbox 838 2011 891 2051; x_wconf 88' lang='lat' dir='ltr'><strong>ad</strong></span> <span class='ocrx_word' id='word_1_213' title='bbox 919 2011 1006 2052; x_wconf 90' lang='lat' dir='ltr'><strong>dies</strong></span> <span class='ocrx_word' id='word_1_214' title='bbox 1035 2012 1194 2064; x_wconf 89' lang='lat' dir='ltr'><strong>aliquot</strong></span> <span class='ocrx_word' id='word_1_215' title='bbox 1224 2012 1400 2052; x_wconf 90' lang='lat' dir='ltr'><strong>ferietur</strong></span> <span class='ocrx_word' id='word_1_216' title='bbox 1420 2027 1445 2053; x_wconf 89' lang='lat' dir='ltr'><strong>a</strong></span> <span class='ocrx_word' id='word_1_217' title='bbox 1470 2026 1570 2066; x_wconf 89' lang='lat' dir='ltr'><strong>pur-</strong></span> 
     </span>
     <span class='ocr_line' id='line_1_29' title="bbox 114 2079 1571 2134; baseline -0.001 -13"><span class='ocrx_word' id='word_1_218' title='bbox 114 2080 297 2134; x_wconf 86' lang='lat' dir='ltr'><strong>gatione,</strong></span> <span class='ocrx_word' id='word_1_219' title='bbox 320 2080 454 2120; x_wconf 89' lang='grc'><strong>(101166</strong></span> <span class='ocrx_word' id='word_1_220' title='bbox 475 2080 633 2120; x_wconf 90' lang='lat' dir='ltr'><strong>scilicet</strong></span> <span class='ocrx_word' id='word_1_221' title='bbox 653 2079 866 2120; x_wconf 87' lang='lat' dir='ltr'><strong>tumultus</strong></span> <span class='ocrx_word' id='word_1_222' title='bbox 892 2093 1029 2133; x_wconf 90' lang='lat' dir='ltr'><strong>nuper</strong></span> <span class='ocrx_word' id='word_1_223' title='bbox 1049 2079 1095 2119; x_wconf 91' lang='lat' dir='ltr'><strong>in</strong></span> <span class='ocrx_word' id='word_1_224' title='bbox 1115 2079 1342 2120; x_wconf 85' lang='lat' dir='ltr'><strong>visceribus</strong></span> <span class='ocrx_word' id='word_1_225' title='bbox 1364 2080 1571 2120; x_wconf 82' lang='lat' dir='ltr'><strong>excitatus</strong></span> 
     </span>
     <span class='ocr_line' id='line_1_30' title="bbox 113 2147 1570 2202; baseline -0.001 -13"><span class='ocrx_word' id='word_1_226' title='bbox 113 2149 287 2190; x_wconf 92' lang='lat' dir='ltr'><strong>omnino</strong></span> <span class='ocrx_word' id='word_1_227' title='bbox 308 2148 509 2189; x_wconf 88' lang='lat' dir='ltr'><strong>resederit</strong></span> <span class='ocrx_word' id='word_1_228' title='bbox 522 2165 533 2198; x_wconf 68' lang='grc' dir='ltr'><strong><em>ς</em></strong></span> <span class='ocrx_word' id='word_1_229' title='bbox 567 2148 680 2202; x_wconf 89' lang='lat' dir='ltr'><strong>quod</strong></span> <span class='ocrx_word' id='word_1_230' title='bbox 699 2147 901 2201; x_wconf 87' lang='lat' dir='ltr'><strong>temporis</strong></span> <span class='ocrx_word' id='word_1_231' title='bbox 923 2147 1107 2201; x_wconf 86' lang='lat' dir='ltr'><strong>spatium</strong></span> <span class='ocrx_word' id='word_1_232' title='bbox 1127 2147 1357 2187; x_wconf 89' lang='lat' dir='ltr'><strong>humorum</strong></span> <span class='ocrx_word' id='word_1_233' title='bbox 1379 2148 1507 2188; x_wconf 87' lang='lat' dir='ltr'><strong>calori</strong></span> <span class='ocrx_word' id='word_1_234' title='bbox 1527 2152 1570 2188; x_wconf 83' lang='lat' dir='ltr'><strong>et</strong></span> 
     </span>
     <span class='ocr_line' id='line_1_31' title="bbox 113 2215 1569 2269; baseline -0.001 -12"><span class='ocrx_word' id='word_1_235' title='bbox 113 2217 367 2257; x_wconf 85' lang='lat' dir='ltr'><strong>acrimoniae</strong></span> <span class='ocrx_word' id='word_1_236' title='bbox 395 2216 605 2256; x_wconf 88' lang='lat' dir='ltr'><strong>diluendis</strong></span> <span class='ocrx_word' id='word_1_237' title='bbox 633 2215 1084 2269; x_wconf 87' lang='lat' dir='ltr'><strong>contemperandisque</strong></span> <span class='ocrx_word' id='word_1_238' title='bbox 1112 2215 1213 2255; x_wconf 86' lang='lat' dir='ltr'><strong>satis</strong></span> <span class='ocrx_word' id='word_1_239' title='bbox 1241 2215 1460 2256; x_wconf 90' lang='lat' dir='ltr'><strong>commode</strong></span> <span class='ocrx_word' id='word_1_240' title='bbox 1490 2216 1569 2256; x_wconf 93' lang='lat' dir='ltr'><strong>im-</strong></span> 
     </span>
     <span class='ocr_line' id='line_1_32' title="bbox 111 2282 1566 2338; baseline -0.001 -13"><span class='ocrx_word' id='word_1_241' title='bbox 111 2285 258 2338; x_wconf 88' lang='lat' dir='ltr'><strong>pertiri</strong></span> <span class='ocrx_word' id='word_1_242' title='bbox 284 2289 446 2338; x_wconf 89' lang='lat' dir='ltr'><strong>potest:</strong></span> <span class='ocrx_word' id='word_1_243' title='bbox 482 2299 563 2338; x_wconf 91' lang='lat' dir='ltr'><strong>quo</strong></span> <span class='ocrx_word' id='word_1_244' title='bbox 588 2284 712 2334; x_wconf 84' lang='lat' dir='ltr'><strong>facto,</strong></span> <span class='ocrx_word' id='word_1_245' title='bbox 735 2283 918 2325; x_wconf 86' lang='lat' dir='ltr'><strong>catharsi</strong></span> <span class='ocrx_word' id='word_1_246' title='bbox 945 2283 1117 2324; x_wconf 88' lang='lat' dir='ltr'><strong>alternis</strong></span> <span class='ocrx_word' id='word_1_247' title='bbox 1144 2282 1292 2323; x_wconf 89' lang='lat' dir='ltr'><strong>diebus</strong></span> <span class='ocrx_word' id='word_1_248' title='bbox 1323 2284 1387 2335; x_wconf 91' lang='lat' dir='ltr'><strong>(ut</strong></span> <span class='ocrx_word' id='word_1_249' title='bbox 1409 2285 1566 2338; x_wconf 85' lang='lat' dir='ltr'><strong>supra,)</strong></span> 
     </span>
     <span class='ocr_line' id='line_1_33' title="bbox 111 2351 1570 2406; baseline 0 -13"><span class='ocrx_word' id='word_1_250' title='bbox 111 2353 366 2406; x_wconf 88' lang='lat' dir='ltr'><strong>repetendae</strong></span> <span class='ocrx_word' id='word_1_251' title='bbox 387 2367 533 2393; x_wconf 82' lang='lat' dir='ltr'><strong>vacare</strong></span> <span class='ocrx_word' id='word_1_252' title='bbox 562 2352 700 2403; x_wconf 90' lang='lat' dir='ltr'><strong>debet,</strong></span> <span class='ocrx_word' id='word_1_253' title='bbox 724 2353 758 2393; x_wconf 92' lang='lat' dir='ltr'><strong>si</strong></span> <span class='ocrx_word' id='word_1_254' title='bbox 777 2352 844 2393; x_wconf 77' lang='lat' dir='ltr'><strong>vel</strong></span> <span class='ocrx_word' id='word_1_255' title='bbox 869 2352 1048 2392; x_wconf 90' lang='lat' dir='ltr'><strong>minima</strong></span> <span class='ocrx_word' id='word_1_256' title='bbox 1074 2351 1213 2391; x_wconf 87' lang='lat' dir='ltr'><strong>adhuc</strong></span> <span class='ocrx_word' id='word_1_257' title='bbox 1239 2355 1402 2392; x_wconf 89' lang='lat' dir='ltr'><strong>restent</strong></span> <span class='ocrx_word' id='word_1_258' title='bbox 1424 2352 1570 2393; x_wconf 85' lang='lat' dir='ltr'><strong>Febris</strong></span> 
     </span>
     <span class='ocr_line' id='line_1_34' title="bbox 110 2420 757 2474; baseline -0.002 -13"><span class='ocrx_word' id='word_1_259' title='bbox 110 2421 300 2474; x_wconf 86' lang='lat' dir='ltr'><strong>vestigia.</strong></span> <span class='ocrx_word' id='word_1_260' title='bbox 364 2421 448 2462; x_wconf 88' lang='lat' dir='ltr'><strong>Sed</strong></span> <span class='ocrx_word' id='word_1_261' title='bbox 469 2421 520 2461; x_wconf 90' lang='lat' dir='ltr'><strong>de</strong></span> <span class='ocrx_word' id='word_1_262' title='bbox 541 2420 620 2462; x_wconf 92' lang='lat' dir='ltr'><strong>hoc</strong></span> <span class='ocrx_word' id='word_1_263' title='bbox 642 2421 757 2461; x_wconf 89' lang='lat' dir='ltr'><strong>satis.</strong></span> 
     </span>
    </p>

    <p class='ocr_par' dir='ltr' id='par_1_8' title="bbox 110 2487 1762 2611">
     <span class='ocr_line' id='line_1_35' title="bbox 176 2487 1730 2543; baseline 0.003 -14"><span class='ocrx_word' id='word_1_264' title='bbox 176 2488 307 2543; x_wconf 85' lang='lat'><strong>[32.]¹</strong></span> <span class='ocrx_word' id='word_1_265' title='bbox 341 2489 386 2529; x_wconf 85' lang='lat' dir='ltr'><strong>Si</strong></span> <span class='ocrx_word' id='word_1_266' title='bbox 415 2489 555 2529; x_wconf 87' lang='lat' dir='ltr'><strong>infans</strong></span> <span class='ocrx_word' id='word_1_267' title='bbox 589 2489 669 2530; x_wconf 89' lang='lat' dir='ltr'><strong>hac</strong></span> <span class='ocrx_word' id='word_1_268' title='bbox 699 2489 832 2530; x_wconf 86' lang='lat' dir='ltr'><strong>Febre</strong></span> <span class='ocrx_word' id='word_1_269' title='bbox 866 2488 1042 2538; x_wconf 87' lang='lat' dir='ltr'><strong>laboret,</strong></span> <span class='ocrx_word' id='word_1_270' title='bbox 1073 2492 1168 2528; x_wconf 86' lang='lat' dir='ltr'><strong>tum</strong></span> <span class='ocrx_word' id='word_1_271' title='bbox 1202 2487 1422 2528; x_wconf 87' lang='lat' dir='ltr'><strong>hirudines</strong></span> <span class='ocrx_word' id='word_1_272' title='bbox 1458 2487 1566 2529; x_wconf 84' lang='lat' dir='ltr'><strong>duae</strong></span> <span class='ocrx_word' id='word_1_273' title='bbox 1584 2501 1730 2533; x_wconf 79' lang='lat' dir='ltr'><strong>Infantes</strong></span> 
     </span>
     <span class='ocr_line' id='line_1_36' title="bbox 110 2545 1762 2611; baseline -0.001 -14"><span class='ocrx_word' id='word_1_274' title='bbox 110 2557 312 2611; x_wconf 88' lang='lat' dir='ltr'><strong>utrinque</strong></span> <span class='ocrx_word' id='word_1_275' title='bbox 340 2571 450 2611; x_wconf 89' lang='lat' dir='ltr'><strong>pone</strong></span> <span class='ocrx_word' id='word_1_276' title='bbox 481 2570 602 2597; x_wconf 88' lang='lat' dir='ltr'><strong>aures</strong></span> <span class='ocrx_word' id='word_1_277' title='bbox 629 2557 894 2611; x_wconf 86' lang='lat' dir='ltr'><strong>applicentur</strong></span> <span class='ocrx_word' id='word_1_278' title='bbox 909 2574 920 2606; x_wconf 85' lang='lat'>;</span> <span class='ocrx_word' id='word_1_279' title='bbox 953 2555 1051 2596; x_wconf 88' lang='lat' dir='ltr'><strong>dein</strong></span> <span class='ocrx_word' id='word_1_280' title='bbox 1078 2555 1355 2609; x_wconf 88' lang='lat' dir='ltr'><strong>emplastrum</strong></span> <span class='ocrx_word' id='word_1_281' title='bbox 1382 2555 1564 2609; x_wconf 90' lang='lat' dir='ltr'><strong>epispas-</strong></span> <span class='ocrx_word' id='word_1_282' title='bbox 1582 2545 1642 2575; x_wconf 70' lang='lat'><strong>¹¹³⁰</strong></span> <span class='ocrx_word' id='word_1_283' title='bbox 1661 2546 1762 2577; x_wconf 79' lang='lat' dir='ltr'><strong>Febre</strong></span> 
     </span>
    </p>
   </div>
   <div class='ocr_carea' id='block_1_7' title="bbox 1581 2587 1772 2625">
    <p class='ocr_par' dir='ltr' id='par_1_9' title="bbox 1581 2587 1772 2625">
     <span class='ocr_line' id='line_1_37' title="bbox 1581 2587 1772 2625; baseline 0.016 -9"><span class='ocrx_word' id='word_1_284' title='bbox 1581 2587 1772 2625; x_wconf 86' lang='lat' dir='ltr'><strong>laborantes,</strong></span> 
     </span>
    </p>
   </div>
   <div class='ocr_carea' id='block_1_8' title="bbox 109 2623 1750 2748">
    <p class='ocr_par' dir='ltr' id='par_1_10' title="bbox 109 2623 1750 2748">
     <span class='ocr_line' id='line_1_38' title="bbox 109 2623 1729 2679; baseline -0.004 -13"><span class='ocrx_word' id='word_1_285' title='bbox 109 2625 244 2666; x_wconf 89' lang='lat' dir='ltr'><strong>ticum</strong></span> <span class='ocrx_word' id='word_1_286' title='bbox 264 2625 485 2679; x_wconf 85' lang='lat' dir='ltr'><strong>posteriori</strong></span> <span class='ocrx_word' id='word_1_287' title='bbox 507 2625 657 2666; x_wconf 67' lang='lat' dir='ltr'><strong>cervici</strong></span> <span class='ocrx_word' id='word_1_288' title='bbox 685 2624 958 2665; x_wconf 79' lang='lat' dir='ltr'><strong>admoveatur</strong></span> <span class='ocrx_word' id='word_1_289' title='bbox 970 2641 981 2674; x_wconf 81' lang='lat'><em>3</em></span> <span class='ocrx_word' id='word_1_290' title='bbox 1014 2638 1111 2664; x_wconf 91' lang='lat' dir='ltr'><strong>cum</strong></span> <span class='ocrx_word' id='word_1_291' title='bbox 1133 2623 1342 2672; x_wconf 69' lang='lat' dir='ltr'><strong>ceren&#39;sia,</strong></span> <span class='ocrx_word' id='word_1_292' title='bbox 1367 2637 1449 2676; x_wconf 87' lang='lat' dir='ltr'><strong>qua</strong></span> <span class='ocrx_word' id='word_1_293' title='bbox 1467 2623 1564 2664; x_wconf 85' lang='lat' dir='ltr'><strong>rha-</strong></span> <span class='ocrx_word' id='word_1_294' title='bbox 1582 2640 1645 2669; x_wconf 88' lang='lat' dir='ltr'><strong>qua</strong></span> <span class='ocrx_word' id='word_1_295' title='bbox 1661 2641 1729 2661; x_wconf 85' lang='lat' dir='ltr'><strong>me-</strong></span> 
     </span>
     <span class='ocr_line' id='line_1_39' title="bbox 109 2674 1750 2748; baseline -0.001 -14"><span class='ocrx_word' id='word_1_296' title='bbox 109 2693 338 2735; x_wconf 87' lang='lat' dir='ltr'><strong>barbarum</strong></span> <span class='ocrx_word' id='word_1_297' title='bbox 357 2694 485 2735; x_wconf 89' lang='lat' dir='ltr'><strong>fuerit</strong></span> <span class='ocrx_word' id='word_1_298' title='bbox 506 2694 709 2744; x_wconf 83' lang='lat' dir='ltr'><strong>infusum,</strong></span> <span class='ocrx_word' id='word_1_299' title='bbox 725 2699 945 2748; x_wconf 87' lang='lat' dir='ltr'><strong>purgetur.</strong></span> <span class='ocrx_word' id='word_1_300' title='bbox 1008 2692 1054 2732; x_wconf 88' lang='lat' dir='ltr'><strong>Si</strong></span> <span class='ocrx_word' id='word_1_301' title='bbox 1074 2696 1168 2745; x_wconf 87' lang='lat' dir='ltr'><strong>post</strong></span> <span class='ocrx_word' id='word_1_302' title='bbox 1185 2691 1397 2732; x_wconf 88' lang='lat' dir='ltr'><strong>catharsin</strong></span> <span class='ocrx_word' id='word_1_303' title='bbox 1419 2691 1564 2733; x_wconf 87' lang='lat' dir='ltr'><strong>Febris</strong></span> <span class='ocrx_word' id='word_1_304' title='bbox 1580 2674 1682 2746; x_wconf 46' lang='lat' dir='ltr'><strong>{233ss</strong></span> <span class='ocrx_word' id='word_1_305' title='bbox 1694 2684 1750 2704; x_wconf 81' lang='lat' dir='ltr'><strong>cu-</strong></span> 
     </span>
    </p>
   </div>
   <div class='ocr_carea' id='block_1_9' title="bbox 110 2759 1564 2816">
    <p class='ocr_par' dir='ltr' id='par_1_11' title="bbox 110 2759 1564 2816">
     <span class='ocr_line' id='line_1_40' title="bbox 110 2759 1564 2816; baseline -0.001 -13"><span class='ocrx_word' id='word_1_306' title='bbox 110 2761 394 2803; x_wconf 88' lang='lat' dir='ltr'><strong>intermittere</strong></span> <span class='ocrx_word' id='word_1_307' title='bbox 413 2762 620 2812; x_wconf 83' lang='lat' dir='ltr'><strong>videatur,</strong></span> <span class='ocrx_word' id='word_1_308' title='bbox 640 2766 734 2803; x_wconf 91' lang='lat' dir='ltr'><strong>tum</strong></span> <span class='ocrx_word' id='word_1_309' title='bbox 757 2761 1002 2816; x_wconf 79' lang='lat' dir='ltr'><strong>julapiumm</strong></span> <span class='ocrx_word' id='word_1_310' title='bbox 1024 2773 1122 2801; x_wconf 91' lang='lat' dir='ltr'><strong>eum</strong></span> <span class='ocrx_word' id='word_1_311' title='bbox 1150 2759 1303 2800; x_wconf 89' lang='lat' dir='ltr'><strong>cortice</strong></span> <span class='ocrx_word' id='word_1_312' title='bbox 1325 2760 1564 2802; x_wconf 87' lang='lat' dir='ltr'><strong>Peruviano</strong></span> 
     </span>
    </p>
   </div>
   <div class='ocr_carea' id='block_1_10' title="bbox 154 2844 1481 2928">
    <p class='ocr_par' dir='ltr' id='par_1_12' title="bbox 154 2844 1481 2928">
     <span class='ocr_line' id='line_1_41' title="bbox 154 2844 1481 2880; baseline -0.002 -3"><span class='ocrx_word' id='word_1_313' title='bbox 154 2844 172 2868; x_wconf 88' lang='lat' dir='ltr'>k</span> <span class='ocrx_word' id='word_1_314' title='bbox 197 2847 246 2877; x_wconf 87' lang='lat' dir='ltr'><strong>Cf.</strong></span> <span class='ocrx_word' id='word_1_315' title='bbox 265 2847 354 2877; x_wconf 83' lang='lat' dir='ltr'><strong>form.</strong></span> <span class='ocrx_word' id='word_1_316' title='bbox 374 2848 444 2877; x_wconf 83' lang='lat'>160.</span> <span class='ocrx_word' id='word_1_317' title='bbox 1083 2849 1104 2863; x_wconf 76' lang='lat'><strong>&#39;¹‘</strong></span> <span class='ocrx_word' id='word_1_318' title='bbox 1129 2844 1177 2874; x_wconf 87' lang='lat' dir='ltr'><strong>Cf.</strong></span> <span class='ocrx_word' id='word_1_319' title='bbox 1195 2844 1320 2875; x_wconf 84' lang='lat' dir='ltr'><strong>formm.</strong></span> <span class='ocrx_word' id='word_1_320' title='bbox 1339 2845 1389 2880; x_wconf 86' lang='lat'><strong>52,</strong></span> <span class='ocrx_word' id='word_1_321' title='bbox 1409 2845 1481 2874; x_wconf 86' lang='lat'>155.</span> 
     </span>
     <span class='ocr_line' id='line_1_42' title="bbox 154 2886 976 2928; baseline -0.002 -9"><span class='ocrx_word' id='word_1_322' title='bbox 154 2886 161 2907; x_wconf 81' lang='lat'>¹</span> <span class='ocrx_word' id='word_1_323' title='bbox 185 2889 312 2928; x_wconf 79' lang='lat' dir='ltr'><strong>Deest§</strong></span> <span class='ocrx_word' id='word_1_324' title='bbox 330 2891 371 2920; x_wconf 83' lang='lat'><strong>32</strong></span> <span class='ocrx_word' id='word_1_325' title='bbox 387 2890 418 2919; x_wconf 89' lang='lat' dir='ltr'><strong>in</strong></span> <span class='ocrx_word' id='word_1_326' title='bbox 436 2890 483 2921; x_wconf 84' lang='lat' dir='ltr'><strong>ed.</strong></span> <span class='ocrx_word' id='word_1_327' title='bbox 500 2891 563 2920; x_wconf 79' lang='grc' dir='ltr'><strong>’8(ὶ.</strong></span> <span class='ocrx_word' id='word_1_328' title='bbox 613 2890 660 2919; x_wconf 68' lang='lat' dir='ltr'>(Jf.</span> <span class='ocrx_word' id='word_1_329' title='bbox 680 2891 812 2920; x_wconf 51' lang='lat' dir='ltr'><strong>Prot-sss.</strong></span> <span class='ocrx_word' id='word_1_330' title='bbox 830 2890 887 2920; x_wconf 78' lang='lat' dir='ltr'><strong>Int.</strong></span> <span class='ocrx_word' id='word_1_331' title='bbox 903 2900 927 2920; x_wconf 87' lang='lat' dir='ltr'><strong>c.</strong></span> <span class='ocrx_word' id='word_1_332' title='bbox 947 2890 976 2917; x_wconf 73' lang='lat'><strong>⁴3.</strong></span> 
     </span>
    </p>
   </div>
  </div>
 </body>
</html>
