1985 3308
405 140 694 181 EPISTOLA
725 141 760 180 I.
796 140 1227 181 RESPONSORIA.
1454 146 1534 184 295

146 246 255 302 [48]
294 247 457 288 Verum
486 247 531 286 111
559 246 714 287 morbis
742 247 1011 300 EpidemiciS,
1044 248 1334 301 cujuscunque
1366 248 1538 289 demum
1558 259 1611 289 Dm
1624 259 1741 290 Mona.

86 315 252 367 generis
287 315 385 365 sint,
421 315 471 368 (si
505 314 630 354 modo
660 327 807 354 recens
841 314 979 354 adhuc
1015 328 1190 366 aegrum
1225 314 1534 368 corripucrint,)
1572 302 1725 374 ¹37¹}ssssss

86 397 352 436 summopere
384 382 617 424 cavendum
645 396 699 422 ne
727 382 844 422 alvus
875 381 914 421 ei
945 381 1126 421 ducatur
1157 381 1240 420 nisi
1264 381 1391 421 misso
1421 382 1538 435 prius
1558 396 1654 426 Ratio
1670 399 1741 427 red-

86 455 316 508 sanguine:
360 456 432 509 qui
460 455 574 496 enim
598 454 734 495 morbi
763 469 787 495 a
814 454 1120 495 constitutione
1153 453 1262 494 ae'ris
1293 453 1539 506 Epidemica
1556 438 1744 511 ξῖἵουῐξᾙξζζ

85 522 287 576 pendent,
311 528 383 562 aut
401 523 490 575 jam
511 522 648 563 febres
671 525 783 571 sunt,
807 524 886 561 aut'
901 520 947 560 111
969 534 1115 560 earum
1137 520 1311 560 classem
1332 519 1540 560 levissima
1557 523 1675 571 morbis]
1695 524 1739 571 E-

86 589 138 630 de
159 603 285 630 eausa
303 594 529 630 transeunt
547 607 557 639 3
590 603 688 630 cum
709 603 758 629 ex
779 588 971 629 tumultu
993 588 1040 628 in
1061 588 1268 640 sanguine
1290 592 1332 628 et
1352 587 1539 628 humori-
1557 565 1724 645 ξῖᾔὲἷᾟξζῗ

85 656 165 696 bus
196 670 220 696 a
250 656 432 696 catharsi
457 657 522 696 vel
547 656 763 697 lenissima
786 656 980 706 excitato,
1004 661 1046 696 et
1074 656 1359 709 subsequente
1390 657 1539 707 calore,
1557 649 1690 721 ffiigscia·

85 723 205 763 facile
228 722 483 763 accendatiu·
510 723 652 773 febris,
677 737 803 777 quam
825 723 926 764 alias
946 723 1116 763 Natura
1136 722 1421 776 propulsasset
1442 737 1540 764 con-
1558 733 1709 773 praemit-

86 790 216 830 suetis
238 790 438 830 materiae
459 791 700 831 morbificae
729 791 1084 841 evacuationjbus,
1109 792 1334 844 gravedine
1363 793 1542 846 exempli
1559 776 1654 806 tenda
1671 781 1733 811 θεῖς

86 857 236 910 gratia,
259 862 334 897 aut
360 857 467 897 tussi
498 857 542 897 in
569 858 648 898 hoc
677 858 728 898 de
757 872 839 911 quo
865 858 955 912 jam
986 859 1151 911 agimus
1176 859 1435 912 Epidemico,
1468 866 1542 901 aut

87 923 307 964 diarrhoea
329 924 492 976 quoties
513 924 641 964 febris
663 939 761 964 cum
781 925 854 964 illa
873 925 1032 965 faciens
1054 925 1284 978 epidemice
1313 930 1541 979 grassatur.

86 991 209 1032 Idem
237 995 377 1044 potest
406 991 487 1031 diei
516 991 567 1032 de
595 1005 846 1045 quacunque
875 992 956 1032 alia
984 992 1090 1033 aeris
1121 993 1438 1043 constitutione,
1462 1008 1545 1047 qua

87 1072 236 1112 corpus
268 1058 322 1098 ad
352 1063 517 1099 certum
548 1059 719 1111 aliquod
749 1058 878 1098 febris
910 1072 1044 1111 genus
1082 1058 1403 1109 determinatur,
1437 1073 1543 1113 quae

87 1125 259 1178 quidem
293 1139 381 1165 11011
414 1140 578 1179 semper
614 1131 712 1166 actu
742 1125 915 1176 invadit,
949 1125 1022 1165 sed
1062 1125 1320 1178 benignioris
1351 1126 1544 1166 Naturae

87 1193 220 1234 ductu
244 1193 379 1233 morbi
403 1193 535 1234 fomes
558 1208 580 1234 e
609 1194 830 1247 sanguine,
852 1193 1068 1234 mediante
1100 1193 1373 1233 evacuatione
1404 1193 1545 1246 aliqua

87 1261 177 1314 ejus
199 1261 324 1313 genio
352 1261 633 1311 accommoda,
663 1261 927 1301 exturbatur.
991 1261 1085 1301 Hoc
1114 1264 1359 1301 constanter
1390 1275 1543 1310 assero,

88 1328 403 1381 quantumlibet
442 1342 533 1368 mos
565 1329 654 1381 jam
690 1328 881 1369 obtineat
914 1328 1142 1368 exhibendi
1174 1328 1406 1368 cathartica
1445 1333 1545 1369 ante

88 1393 342 1434 celebratam
357 1395 753 1444 venae-sectionem,
771 1395 836 1435 vel
857 1395 985 1448 (quod
1005 1395 1144 1436 adhue
1161 1400 1224 1436 est
1237 1395 1542 1448 periculosius,)

62 1454 70 1461 ’
89 1473 138 1501 ea
170 1460 341 1514 penitus
374 1461 550 1501 omissa:
585 1461 692 1515 [49]
730 1462 829 1502 licet
865 1463 980 1502 enim
1011 1462 1235 1516 objiciatur
1270 1463 1546 1503 faeculentias

88 1530 134 1568 10
173 1528 319 1581 primis
357 1528 433 1568 viis
474 1528 737 1569 stabulantes
778 1529 903 1570 toties
938 1529 985 1569 111
1018 1543 1169 1570 vacuas
1200 1543 1327 1570 venas
1354 1529 1544 1582 propelli,

90 1595 253 1649 quoties
275 1596 514 1637 detrahitur
535 1597 720 1650 sanguis,
742 1597 832 1638 alvo
852 1612 940 1638 non
960 1598 1077 1652 prius
1099 1597 1309 1638 subducta
1321 1615 1332 1648 3
1364 1598 1545 1639 certissi-

90 1677 209 1703 mum
238 1668 385 1704 tamen
415 1668 491 1714 est,
524 1665 854 1716 evacuationem,
878 1680 1005 1719 quam
1035 1665 1107 1705 isti
1136 1665 1352 1718 praemitti
1381 1666 1544 1715 volunt,

90 1730 208 1771 nullo
227 1731 353 1771 modo
368 1731 568 1772 resarcire
588 1746 710 1785 posse
725 1732 926 1786 injuriam
943 1733 1142 1786 sanguini
1156 1733 1321 1774 illatam
1342 1748 1366 1774 a
1385 1733 1544 1774 tumul-

90 1802 241 1838 tuante
282 1797 513 1838 cathartico
552 1797 864 1851 phlebotomiae
904 1800 1148 1853 praemisso.
1214 1801 1359 1854 Atque
1398 1800 1547 1854 negari

92 1878 179 1904 non
199 1869 350 1917 potest,
373 1865 654 1905 catharticum
678 1880 776 1906 mox
797 1881 820 1906 a
851 1867 1022 1920 dempto
1043 1867 1250 1921 sanguine
1281 1872 1547 1921 assumptum

91 1931 219 1983 longe
239 1931 384 1970 mitius
403 1931 489 1971 vim
511 1946 630 1971 suam
651 1946 832 1983 exerere,
854 1948 993 1987 neque
1013 1935 1188 1987 perinde
1210 1934 1462 1987 sanguinem
1482 1934 1548 1974 vel

94 1998 334 2047 calefacere,
360 1998 424 2038 vel
455 1999 680 2051 exagitare,
713 2003 840 2053 atque
869 2001 983 2041 idem
1015 2002 1119 2042 solet
1151 2002 1186 2041 si
1214 2001 1548 2054 phlebotomiam

94 2065 342 2118 praecedat:
374 2079 513 2118 neque
540 2080 709 2119 paucos,
742 2081 791 2107 ex
821 2068 1058 2108 infantibus
1088 2069 1284 2118 maxime,
1306 2069 1372 2109 vel
1402 2068 1454 2109 ob
1486 2068 1548 2121 ig-

95 2135 290 2174 noratam
310 2132 420 2173 hanc
440 2147 544 2183 rem,
566 2134 631 2174 vel
650 2135 902 2187 neglectam,
923 2136 1094 2188 periisse
1116 2136 1322 2176 existimo.

161 2200 268 2254 [50.]
306 2201 450 2253 Atque
480 2201 560 2243 hoc
600 2202 705 2241 mihi
736 2203 995 2256 suffragante
1027 2203 1286 2257 experientia
1324 2202 1549 2256 multiplici
1568 2213 1721 2244 enimul-

96 2267 478 2321 compertissimum
510 2272 573 2308 est
586 2285 598 2318 3
630 2270 892 2321 eoepem'entia,
928 2270 1117 2323 inquam,
1160 2270 1320 2323 optima
1360 2269 1466 2310 duce
1506 2274 1549 2310 et
1566 2256 1739 2339 ζξῑιίζζξζ,

95 2336 310 2389 magistra,
325 2335 379 2376 ad
399 2336 518 2389 cujus
539 2335 653 2389 leges
675 2341 717 2377 et
738 2350 932 2377 normam
952 2337 1035 2376 nisi
1057 2341 1301 2376 exerceatur
1317 2335 1547 2385 Medicina,
1568 2342 1633 2390 dpx
1644 2346 1751 2370 etma-

99 2416 192 2443 eam
213 2417 382 2456 prorsus
411 2403 579 2444 exulare
601 2403 730 2443 satius
752 2408 885 2444 esset:
929 2403 1084 2443 luditur
1105 2403 1220 2443 enim
1245 2402 1374 2455 (quod
1395 2402 1545 2455 aiunt,)
1567 2389 1699 2466 {Jissa’

99 2471 148 2511 de
169 2471 278 2511 corio
299 2472 498 2511 humanou
519 2471 613 2524 plus
635 2471 749 2521 satis,
768 2485 865 2511 eum
880 2470 980 2511 hinc
1003 2470 1203 2524 empirici,
1224 2483 1363 2523 neque
1383 2469 1548 2510 morbo·
1567 2469 1720 2541 {grffiaga-

98 2553 194 2580 rum
214 2539 433 2581 historiam
464 2553 542 2580 nec
562 2540 811 2581 methodum
839 2539 1037 2580 medendi
1063 2539 1276 2588 callentes,
1299 2542 1341 2578 et
1371 2538 1550 2591 receptis
1570 2564 1730 2605 Empirici

98 2612 270 2648 tantum
299 2607 410 2658 freti,
438 2607 595 2648 isthinc
626 2608 849 2649 sciolorum
879 2607 1107 2657 vanissimi,
1149 2620 1266 2659 spem
1297 2620 1467 2647 omnem
1506 2606 1552 2646 in
1570 2613 1601 2638 et
1616 2607 1705 2656 scioli

100 2676 295 2717 affectato
316 2675 436 2716 Artis
467 2676 631 2716 ambitu
662 2681 704 2716 et
736 2674 1093 2729 speculationibus
1123 2674 1324 2727 utrinque
1354 2674 1446 2727 pari
1465 2673 1552 2714 fere
1571 2656 1721 2734 {332⁰-

100 2746 316 2783 momento
357 2741 597 2796 disceptatis
637 2747 856 2796 ponentes,
890 2743 1007 2796 quasi
1033 2742 1194 2795 junctis
1223 2741 1382 2782 viribus
1421 2742 1552 2795 majo-

101 2823 190 2851 rem
211 2809 345 2850 edunt
366 2814 551 2862 stragem
577 2823 704 2863 quam
726 2809 900 2850 ederent
920 2808 1058 2850 morbi
1086 2822 1232 2849 eorum
1260 2807 1455 2849 destituti
1480 2822 1552 2848 au·-

144 2898 158 2911 ¹¹
181 2896 216 2924 de
232 2895 328 2924 alieno
344 2897 422 2924 corio
439 2897 549 2929 ludere,
567 2895 586 2923 i.
604 2905 629 2924 e.
647 2897 744 2924 alieno
760 2905 850 2933 agere
863 2895 1006 2933 periculo.
1048 2892 1095 2923 Cf.
1116 2892 1244 2922 Erasmi
1260 2894 1360 2933 Adag.
1377 2893 1411 2923 ii.
1429 2894 1455 2923 2.
1475 2893 1524 2923 88.
