1985 3308
415 121 502 160 590
834 120 1093 163 THOMAE
1127 121 1469 163 SYDENHAM

231 235 287 266 Di:
306 236 377 266 Go-
478 227 558 282 [6.]
596 228 680 270 Vel
700 233 950 283 sequentem
970 227 1222 269 methodum
1242 227 1517 281 aggrediatur
1530 243 1599 267 :—

238 287 372 350 15:232..
413 316 547 357 [Form.
564 320 663 362 224]
716 315 756 365 R
787 317 986 351 Pilularum
1004 328 1048 351 ex
1066 316 1214 350 Duobus
1229 315 1533 357 semidmchmam,

787 374 1014 420 opobalsami
1030 379 1150 418 guttas
1164 379 1252 414 tres3

600 432 707 471 Fiant
721 432 853 476 pilulae
870 438 938 466 tres
950 445 958 472 ς
982 432 1099 476 capiat
1109 430 1196 464 hora
1208 437 1333 475 quarta
1347 430 1536 472 matutina,
1546 430 1855 475 superdormiendo
1870 443 1880 469 ς

600 494 870 533 repetanturque
885 488 1028 522 alternis
1045 487 1179 528 diebus,
1197 487 1250 521 vel
1268 488 1372 521 tertia
1388 498 1527 532 quaque
1545 486 1612 521 die.

479 581 524 634 [7
530 580 558 634 .]
596 579 760 620 Diebus
791 593 817 620 a
845 579 1099 633 purgatione
1125 578 1267 619 vacuis
1296 577 1514 632 injiciatur
1542 590 1668 618 mane
1699 581 1742 618 et
1770 576 1877 618 hora

415 650 564 703 quinta
584 649 875 703 pomeridiana
895 650 1050 703 clyster
1070 663 1196 703 supra
1217 648 1464 702 descriptus.

212 725 328 756 Diaeta
343 725 391 755 in-
480 716 559 770 [8.]
598 716 861 758 Procedente
883 716 1114 767 curatione,
1136 717 1405 770 (quacunque
1421 730 1471 756 ea
1486 715 1659 756 demum
1674 714 1876 756 methodo

210 773 387 842 Begguran-
413 784 635 837 tentetur,)
661 784 834 838 sanguis
865 784 943 825 sub
971 784 1161 826 medium
1191 783 1422 825 curationis
1453 783 1583 824 semel
1601 783 1667 823 vel
1692 782 1758 823 bis
1778 781 1876 822 mit-

413 855 532 892 tatur
545 868 556 901 3
596 856 639 892 et
671 852 812 893 diaeta
844 852 1100 906 refrigerans
1134 856 1177 893 et
1208 851 1446 892 incrassans
1477 850 1801 904 praescribatur,
1834 853 1877 891 et

413 919 729 960 medicamenta
757 920 908 961 iisdem
934 919 1163 961 virtutibus
1193 919 1410 973 pollentia,
1433 918 1573 973 qualia
1603 922 1704 959 sunt
1723 917 1876 973 hydro-

416 987 523 1040 gala,
547 987 802 1028 emulsiones
824 1002 875 1029 ex
896 987 1129 1029 seminibus
1149 987 1328 1041 frigidis,
1350 991 1430 1028 etc.

481 1054 560 1108 [9.]
601 1054 647 1094 Si
666 1054 787 1109 penis
807 1059 976 1097 tumore
997 1056 1276 1105 afficiatur,—

419 1142 551 1182 [Fomz.
570 1143 668 1184 225]
680 1149 695 1167 ⁰
726 1143 765 1195 R
794 1145 938 1180 Radicis
954 1145 1137 1187 Althaeae,

795 1203 974 1247 [Radicis]
994 1204 1177 1244 Liliorum,
1194 1214 1261 1237 aua
1279 1202 1551 1246 sesquiuucimn,

793 1261 968 1295 Foliorum
988 1261 1142 1302 Malmc,

795 1320 1011 1363 [Foliorum]
1030 1320 1208 1360 Verbasci,

795 1377 1009 1420 [Foliorum]
1030 1377 1206 1418 Sambuci‚

794 1433 1009 1475 [Foliorum]
1031 1434 1258 1479 Hyoscyami,

797 1490 938 1525 Florum
957 1491 1208 1532 Chamaemeli,

794 1548 973 1593 [Florum]
993 1549 1157 1589 Memmi,
1173 1560 1240 1583 ana
1259 1550 1476 1594 manipulum
1495 1561 1616 1590 unum,

794 1605 977 1639 Seminum
996 1606 1088 1647 Lini,

797 1661 1016 1707 [Seminum]
1037 1663 1288 1709 Foenugraeci,
1305 1675 1374 1697 ana
1391 1665 1619 1698 semiunciam
1633 1678 1640 1704 ;

609 1720 730 1763 Coquc
752 1719 943 1753 sufficiente
969 1721 1165 1764 quantitate
1190 1732 1302 1765 aquae
1322 1721 1510 1761 fontanae3
1534 1727 1569 1754 et
1590 1722 1651 1755 fiat
1673 1721 1776 1762 fotus,
1792 1722 1883 1767 parti

609 1777 755 1811 affectae
773 1777 1010 1811 admovendus
1027 1790 1087 1823 per
1104 1779 1209 1813 horae
1226 1781 1330 1813 unius
1349 1781 1501 1824 spatium
1519 1781 1572 1814 bis
1587 1781 1641 1814 vel
1659 1786 1710 1814 ter
1726 1781 1763 1814 in
1780 1780 1846 1815 die.

424 1857 601 1896 Peracta
621 1856 942 1908 fomentatione,
965 1862 1232 1912 perungatur
1261 1873 1357 1912 pars
1379 1859 1531 1901 affecta
1555 1860 1646 1901 oleo
1672 1860 1883 1901 seminum

422 1923 499 1963 lini
539 1928 732 1964 recenter
773 1928 988 1976 extracto,
1031 1926 1132 1967 dein
1172 1927 1449 1981 emplastrum
1485 1941 1508 1968 e
1543 1927 1882 1982 mucilaginibus‚

424 1991 564 2032 alutae
605 1991 788 2045 agninae
822 1992 1062 2044 inductum,
1095 1994 1219 2036 labiis
1250 1995 1461 2049 praeputii
1495 1995 1671 2036 tumidis
1707 1996 1883 2037 circum-

422 2063 620 2111 ponatur.

489 2126 596 2180 [10]
637 2127 682 2166 Si
708 2128 829 2168 ulcus
864 2129 910 2169 in
942 2130 1154 2183 praeputii
1180 2130 1303 2171 labiis
1338 2131 1403 2172 vel
1432 2131 1479 2172 in
1510 2132 1701 2186 subjecta
1731 2131 1884 2187 glande

422 2193 607 2244 haereat,
629 2199 724 2235 tum
745 2209 925 2249 sequens
945 2197 1219 2238 linimentum
1240 2199 1550 2251 praescribatur
1568 2216 1636 2240 :—

427 2281 562 2321 [Form.
578 2283 700 2325 226.]d
732 2283 771 2326 R
799 2285 988 2330 Unguenti
1007 2287 1152 2321 Basilici
1171 2287 1352 2322 drachmas
1370 2300 1442 2330 sex,

802 2344 985 2389 Unguenti
1002 2357 1020 2378 e
1038 2345 1227 2379 Nicotiana
1245 2346 1427 2380 drachmas
1445 2347 1542 2388 duas,

801 2401 1024 2446 Praecipitati
1039 2402 1184 2446 [Rubri]
1199 2404 1302 2448 Aqua
1316 2403 1488 2438 Rosarum
1504 2405 1577 2446 loti,
1591 2410 1625 2439 et
1638 2406 1768 2450 optime
1780 2406 1885 2440 laevi-

848 2460 933 2504 gati,
951 2459 1241 2494 semidrachmam
1256 2474 1263 2501 ;

615 2516 749 2557 Misce;
782 2517 844 2551 fiat
859 2518 1094 2560 linimentum,
1113 2530 1180 2563 quo
1196 2519 1296 2553 liutei
1314 2531 1433 2554 rasura
1449 2521 1639 2563 imbuatur,
1656 2526 1691 2554 et
1707 2521 1885 2555 ulcusculo

612 2574 841 2609 admoveatur
857 2587 991 2621 semper
1007 2582 1085 2621 post
1101 2574 1193 2611 fotus
1210 2578 1414 2623 praescripti
1431 2590 1546 2612 usum.

491 2654 530 2707 [1
541 2654 599 2708 1.]
639 2654 685 2694 Si
701 2660 888 2696 scrotum
901 2660 1070 2697 tumore
1085 2656 1304 2708 afficiatur,
1319 2657 1465 2699 statim
1485 2658 1659 2712 sanguis
1675 2671 1698 2699 e
1713 2657 1886 2700 brachio

426 2721 686 2772 extrahatur,
709 2726 837 2776 atque
866 2723 931 2763 bis
961 2724 1008 2764 in
1035 2724 1102 2765 die
1131 2724 1246 2766 fotus
1277 2725 1558 2780 praescriptus
1578 2726 1691 2779 parti
1711 2726 1886 2768 affectae

427 2789 712 2841 admoveatur,
749 2791 926 2844 singulis
967 2791 1140 2833 fotubus
1176 2792 1372 2834 addendo
1407 2794 1578 2847 spiritus
1610 2793 1696 2834 vini
1733 2793 1886 2836 Gallici

515 2878 528 2894 c
554 2874 602 2904 Cf.
620 2875 710 2904 form.
726 2876 775 2905 633.
1528 2876 1545 2899 d
1571 2878 1618 2909 Cf.
1638 2879 1728 2909 form,
1748 2880 1798 2909 64.
