1985 3308
250 144 772 186 OBSERVATIONUM
804 142 1186 185 MEDICARUM
1221 150 1351 183 111.·2.
1462 149 1543 188 127

75 252 202 292 etiam
222 250 496 300 calidissimis,
517 250 701 291 revocari
720 254 871 303 potest.
934 251 1073 303 Aeger
1098 251 1268 291 interim
1288 252 1527 304 phrenitidc
1547 266 1727 296 mumma

73 320 308 373 corripitur,
345 319 569 368 anxietate,
600 319 842 372 jactatione,
883 319 1146 372 aegritudine
1181 320 1499 361 vehementibus
1515 339 1526 371 3
1547 308 1728 380 ξξῖξζιζῐξ,

73 387 242 426 urinam
261 399 384 439 parce
399 386 536 426 reddit
559 400 605 426 ac
626 386 892 438 f1·eque11ter;
924 400 970 425 ac
985 386 1159 426 tandem
1179 387 1527 439 paucissimarum
1546 394 1729 443 2⁷³⁶&-

73 453 274 494 horarum
305 453 439 506 spatio
470 453 702 493 amicorum
733 467 849 506 spem
870 453 989 503 fallit,
1013 459 1054 493 et
1077 454 1130 493 ad
1159 454 1300 507 plures
1327 455 1481 507 migrat
1496 462 1525 495 Ρ.

73 521 366 561 Veruntamen
396 520 465 560 hic
496 526 558 560 est
586 520 834 570 notandum,
858 520 982 573 quod,
1005 521 1039 560 si
1070 535 1227 574 paucae
1259 529 1527 575 compareant
1548 531 1723 579 (Regimen

73 588 282 638 Variolae,
304 588 452 641 hyems
474 588 508 627 si
528 588 669 638 fuerit,
692 601 815 640 aeger
844 594 981 628 aetate
1010 590 1255 641 provectior,
1279 595 1352 630 aut
1379 605 1527 631 venae·
1547 574 1731 654 {iiilgdlssini-

74 656 202 696 sectio
231 655 358 696 fuerit
395 655 615 705 celebrata,
647 656 837 708 regimen
872 656 976 695 illud
1012 656 1185 696 calidius
1215 657 1260 697 in
1293 659 1404 710 quod
1439 660 1529 712 jam
1547 668 1607 706 ¹¹9³
1624 659 1693 687 offi-

74 723 460 772 animadvertimus,
490 737 577 763 non
607 723 668 763 ita
697 728 812 763 certo
842 723 961 763 faciei
991 725 1321 776 turgescentiam
1353 726 1529 779 impedit
1546 701 1638 738 mat.)

74 794 116 831 et
136 790 312 843 proinde
332 796 512 830 mortem
534 790 718 840 accersit,
742 796 867 843 atque
888 790 962 830 ubi
983 791 1194 831 confertae
1215 792 1423 842 Variolae,
1445 807 1528 843 ver,

75 863 261 897 aestasve
281 857 421 906 fuerit,
445 871 568 910 aeger
588 862 724 897 aetate
745 858 910 907 florem,
932 872 1069 910 neque
1091 860 1262 911 sanguis
1284 859 1509 900 detractus.

141 925 249 978 [21]
286 926 345 965 At
367 939 463 966 vero
484 926 528 964 in
550 925 873 965 Confluentihus
889 926 1071 966 maxime
1091 927 1383 979 periclitantur
1403 929 1529 981 aegri,
1549 927 1663 975 porum

75 997 118 1032 et
134 993 321 1046 plerique
337 993 465 1032 etiam
482 993 734 1043 morimitur,
753 993 819 1033 (110
840 993 1063 1033 undecimo
1076 1010 1086 1042 ;
1119 1008 1218 1033 nam
1235 1008 1330 1034 cum
1346 995 1424 1035 hoc
1444 995 1530 1035 fere
1550 976 1637 999 1tem.

74 1064 265 1112 tempore
286 1060 486 1109 salivatio,
505 1074 611 1112 quac
633 1074 806 1112 aegrum
827 1060 1031 1100 hactenus
1052 1061 1097 1100 in
1117 1066 1212 1101 tuto
1232 1063 1384 1114 posuit,
1402 1063 1531 1103 soleat

76 1126 267 1167 desinere
289 1132 438 1179 sponte
460 1142 546 1176 sua,
569 1127 651 1167 nisi
667 1127 811 1167 facieiq
834 1128 1162 1168 intumescentia
1183 1129 1321 1169 adhuc
1342 1129 1530 1183 aliquan-

75 1194 235 1234 tulum*
264 1194 507 1247 persistens,
531 1200 598 1235 ac⁵
619 1209 825 1235 manuum
848 1196 1072 1248 insigniter
1094 1197 1184 1249 jam
1209 1197 1414 1250 incipiens
1442 1198 1531 1252 ejus

75 1262 208 1302 vicem
230 1261 391 1312 subeat,
413 1276 580 1302 necesse
612 1267 674 1302 est
695 1267 743 1301 ut
773 1268 916 1315 pereat
939 1277 1074 1315 aeger.
1136 1263 1188 1303 Id
1216 1265 1329 1304 enim
1350 1270 1413 1304 est
1439 1279 1531 1318 per-

75 1328 360 1382 pendendum,
375 1329 494 1381 quod·
506 1328 552 1368 in
572 1329 651 1369 1100
667 1329 935 1370 Yariolarum
957 1344 1122 1382 genere,
1136 1331 1210 1370 ubi
1230 1332 1424 1383 pustulae
1444 1336 1534 1372 tam

75 1401 177 1436 sunt
216 1396 404 1449 exiguae,
441 1410 528 1436 non
568 1397 757 1437 salivatio
797 1402 967 1437 tantum
1008 1398 1081 1437 sed
1119 1397 1240 1438 faciei
1279 1399 1452 1452 insuper
1492 1406 1533 1439 et

75 1478 282 1504 manuum
312 1464 641 1504 intumescentia
665 1464 717 1504 ad
747 1464 968 1504 materiam
999 1464 1261 1504 morbificam
1291 1465 1370 1505 rite
1401 1466 1532 1506 elimi-

75 1531 263 1571 nandam
293 1531 467 1571 omnino
497 1531 772 1584 requiruntiu'
784 1549 795 1581 3
842 1545 1021 1584 quarum
1055 1532 1254 1572 utralibet
1283 1533 1318 1572 si
1347 1533 1411 1573 vel
1445 1548 1535 1573 non

77 1598 200 1649 adsit,
221 1599 287 1639 vel
307 1605 406 1639 ante
422 1600 588 1652 justum
607 1604 776 1652 tempus
796 1599 976 1649 recedat,
992 1614 1116 1653 aegro
1137 1601 1330 1653 protinus
1352 1601 1532 1642 morien-

77 1666 180 1707 dum
200 1672 277 1707 est.
339 1667 366 1706 J
369 1681 438 1706 am
458 1681 554 1707 vero
581 1667 714 1707 nimio
736 1667 900 1720 saepius
928 1668 1066 1707 evenit
1086 1667 1130 1708 in
1152 1668 1231 1708 hoc
1261 1668 1408 1708 morbo
1436 1669 1532 1709 cali-

53 1734 55 1736 *
78 1734 197 1784 (fiori,
214 1739 263 1774 ut
279 1734 497 1787 sanguinis
513 1735 619 1774 crasi
639 1749 663 1774 a
682 1734 889 1787 regimine
909 1735 1168 1788 praefervido
1190 1735 1363 1789 disjecta
1382 1736 1533 1776 fracta-

43 2847 62 2942 ἐ

79 1815 173 1855 que,
195 1806 322 1854 atque
349 1816 398 1842 eo
418 1816 551 1855 usque
572 1816 746 1842 accensa
771 1808 820 1842 ut
845 1803 1146 1856 particularum
1175 1803 1534 1844 inflammatariim

79 1869 421 1910 exterminationi
453 1870 609 1910 sensim
638 1870 854 1910 faciendae
885 1885 973 1910 non
1003 1871 1182 1923 amplius
1215 1876 1439 1924 competat,
1471 1872 1533 1924 (ut

80 1950 187 1990 quae
208 1936 429 1976 sudoribus
457 1937 698 1989 importune
719 1937 892 1977 extortis
924 1937 1132 1978 debentur
1149 1939 1261 1978 mala
1288 1940 1377 1992 jam
1397 1945 1533 1980 tacea-

79 2006 203 2056 mus,)
228 2004 328 2044 hinc
348 2004 412 2044 vel
438 2018 525 2044 non
546 2005 720 2044 omnino
745 2004 1028 2062 intumuerint
1048 2006 1174 2046 facies
1200 2021 1447 2060 manusque,
1468 2008 1534 2047 vel

79 2076 222 2111 tumor
260 2071 330 2111 ille
370 2085 456 2111 una
490 2085 587 2111 cum
628 2072 871 2112 salivatione
912 2073 1126 2113 evanuerit
1139 2090 1150 2121 3
1192 2074 1380 2125 quamn's
1419 2074 1533 2113 enim

79 2139 201 2179 faciei
230 2144 373 2179 tumor
402 2139 492 2192 ipso
524 2139 603 2180 1100
634 2139 701 2179 (110
737 2139 1038 2192 aliquantisper
1067 2139 1215 2179 debeat
1246 2141 1419 2190 remitti,
1446 2155 1534 2180 non

79 2206 204 2247 debet
225 2212 369 2247 tamen
390 2207 471 2246 nisi
488 2212 581 2259 post
603 2206 715 2246 diem
735 2221 870 2246 unum
892 2206 1121 2247 alterumve
1143 2207 1315 2247 omnino
1328 2207 1531 2257 recedere,

78 2287 283 2314 manuum
305 2274 476 2314 interim
496 2279 662 2313 tumore
683 2275 932 2326 persistente
952 2274 1227 2327 vigenteque5
1260 2288 1341 2326 quo
1364 2275 1534 2327 quidem

79 2341 147 2381 vix
177 2341 292 2381 aliud
319 2346 381 2381 est
409 2342 551 2381 minus
578 2341 703 2381 fallax
738 2341 1093 2381 convalescentiae
1121 2338 1446 2396 προγνωστικόν,
1467 2342 1532 2382 uti

79 2421 217 2462 neque
237 2409 446 2449 contrario
466 2414 628 2449 certum
648 2409 782 2462 magis
802 2409 1064 2448 imminentis
1085 2409 1259 2462 periculi
1278 2409 1495 2450 indicium.

144 2476 251 2530 [22]
293 2476 376 2517 Sed
395 2482 493 2517 utut
514 2476 559 2516 id
586 2477 652 2526 sit,
674 2476 851 2517 materia
869 2476 1094 2530 ptyalismi,
1119 2490 1224 2529 quae
1249 2476 1302 2516 ad
1322 2476 1436 2517 hunc
1462 2491 1530 2517 us-

80 2562 161 2603 que
191 2549 303 2590 diem
333 2549 461 2590 cruda
480 2550 574 2599 fuit,
595 2549 749 2600 tenuis,
771 2555 812 2589 et
833 2549 954 2590 facile
985 2549 1240 2599 excreabiliS,
1262 2549 1417 2589 viscida
1441 2550 1532 2603 jam

77 2617 190 2658 facta
222 2623 265 2658 et
298 2622 439 2667 tenax,
471 2631 596 2670 aegro
627 2617 945 2658 suffocationem
980 2617 1164 2657 intentat
1180 2634 1191 2667 3
1241 2622 1366 2670 potus
1407 2614 1532 2671 quem

79 2686 267 2735 assumit,
289 2686 335 2725 in
358 2685 579 2738 pulmones
603 2685 689 2726 fere
717 2684 930 2734 dilabitur,
952 2684 1066 2725 unde
1096 2698 1194 2724 cum
1222 2685 1330 2724 tussi
1350 2685 1532 2726 violenta

77 2766 153 2806 per
181 2767 303 2794 nares
332 2753 544 2806 rejicitur3
576 2766 674 2793 voce
705 2758 768 2793 est
798 2767 946 2802 rauca,·
979 2752 1259 2792 somnolentia
1288 2757 1330 2793 et
1361 2757 1530 2806 stupore

121 2862 136 2882 Ρ
160 2857 209 2889 Cf.
229 2860 332 2889 Sched.
351 2859 459 2889 Dioni!-
478 2860 522 2889 II.
541 2860 554 2897 §
574 2860 601 2889 2.
883 2863 893 2876 ¹·
915 2857 1082 2898 aliq11ant.]
1100 2867 1162 2888 om.
1180 2858 1226 2889 ed.
1242 2858 1304 2890 76.

123 2902 136 2921 ‘³
153 2898 271 2940 faciei]
289 2906 318 2931 e!
336 2913 473 2932 manuum
490 2901 559 2932 add.
577 2901 624 2931 ed.
642 2901 703 2933 ’76.
884 2905 894 2918 ⁵
917 2899 1107 2940 (tc—incisa]
1124 2910 1185 2932 om.
1204 2901 1250 2930 ed.
1270 2901 1331 2934 76.
