1985 3308
635 726 662 754 s)
672 725 957 756 RNATISSIMO
987 724 1435 757 ERUDITISSIMOQUE
1460 724 1506 755 VI
1516 724 1576 754 Ro

769 829 1030 878 HENRICO
1061 831 1279 890 PAMAN,
1310 831 1448 890 M.D.‚

463 956 592 990 DIVI
634 956 936 991 JOHANNIS
979 956 1526 992 CANTABRIGIENSIS
1571 955 1754 995 SOCIO,

648 1065 982 1096 ACADEMIAE
1023 1066 1265 1097 ORATORI
1308 1066 1561 1102 PUBLICO,

460 1156 518 1186 ET
544 1156 595 1186 IN
621 1157 863 1189 COLLEGIO
890 1158 1238 1189 GRESHAMENSI
1264 1159 1393 1190 APUD
1419 1156 1759 1189 LONDINENSES

838 1235 881 1260 IN
903 1234 1103 1260 MEDICINA
1125 1234 1375 1261 PROFESSORI.

434 1352 701 1398 QUANQUAM
720 1368 818 1395 eum
835 1369 960 1408 quem
976 1356 1039 1396 De
1052 1356 1199 1396 Acutis
1214 1356 1387 1406 Morbis,
1404 1355 1484 1395 Vir
1503 1353 1834 1408 Spectaffissime,

374 1434 510 1473 nuper
535 1421 648 1461 edidi
677 1426 910 1462 tractatum
936 1424 1058 1476 (quae
1089 1428 1153 1464 est
1184 1423 1275 1463 Tua
1304 1428 1393 1463 tam
1423 1422 1681 1471 humanitas,
1705 1435 1831 1474 quam

374 1487 504 1528 animi
526 1489 572 1528 in
592 1503 660 1529 me
684 1490 936 1543 propensio‚)
962 1505 1040 1531 ceu
1061 1505 1165 1544 opus
1186 1491 1375 1544 undique
1397 1494 1738 1531 consummatum
1761 1488 1830 1528 de-

371 1555 612 1608 praedicare
635 1556 845 1610 digneris5
878 1573 1013 1613 usque
1040 1559 1143 1599 adeo
1164 1564 1311 1599 tamen
1331 1558 1554 1599 tenuitatis
1581 1562 1675 1597 tum
1696 1569 1828 1605 meae,

369 1627 464 1663 tum
496 1623 618 1664 istius
660 1625 832 1678 opellae,
864 1626 970 1666 mihi
1006 1641 1100 1666 sum
1136 1627 1341 1676 conscius,
1378 1631 1427 1666 ut
1463 1639 1531 1666 mc
1567 1624 1675 1664 nihil
1715 1623 1832 1664 aliud

370 1691 505 1744 egisse
527 1692 777 1743 existimem,
796 1708 923 1747 quam
939 1694 1049 1735 viam
1072 1699 1445 1748 praemonstrasse,
1464 1708 1547 1747 qua
1563 1693 1636 1747 qui
1655 1692 1829 1746 ingenio

369 1760 504 1812 magis
526 1760 679 1811 valent,
699 1761 907 1802 dictorum
930 1762 1175 1803 morborum
1197 1768 1239 1804 et
1260 1762 1481 1803 historiam
1502 1766 1544 1803 et
1566 1761 1829 1802 curationem

370 1834 527 1882 queant
549 1830 803 1884 investigare
819 1848 885 1873 :—

448 1932 554 1940 .....
573 1911 592 1926 “
606 1910 722 1950 fungor
737 1911 806 1940 vice
822 1911 910 1947 cotis,
927 1916 1059 1941 acutum

444 1962 588 1993 Reddere
605 1974 685 2003 quae
700 1964 820 1993 ferrum
836 1964 930 2001 valet,
948 1975 1039 1994 exors
1055 1965 1124 2005 ipsa
1140 1965 1301 1995 secandi.‘’
1329 1964 1460 2005 [Horat.
1478 1966 1524 1995 De
1540 1965 1617 1995 Arte
1633 1965 1717 1995 Pozt.
1735 1962 1826 2003 3042]

433 2027 512 2080 [2.]
549 2028 606 2068 Et
634 2028 822 2081 profecto
849 2028 910 2069 ita
935 2030 1171 2084 multiplex,
1198 2030 1374 2081 incerta,
1401 2035 1442 2071 et
1469 2030 1643 2070 delicata
1676 2030 1739 2082 (ut
1766 2029 1828 2069 ita

369 2094 535 2147 dicam,)
557 2100 620 2136 est
641 2096 825 2147 Natura,
843 2101 970 2151 atque
990 2098 1052 2139 ita
1072 2098 1182 2138 ludit
1198 2098 1244 2138 in
1264 2098 1330 2138 his
1351 2097 1509 2138 morbis
1530 2096 1825 2151 producendis,

365 2167 415 2203 ut
447 2163 573 2203 unius
604 2178 693 2204 non
724 2164 778 2205 sit
808 2164 1006 2215 hominis,
1035 2170 1135 2206 utut
1165 2166 1331 2216 vivacis,
1360 2166 1474 2206 varia
1505 2179 1651 2206 eorum
1683 2161 1826 2219 φαινό-

364 2245 481 2281 μενα,
500 2235 542 2271 et
564 2231 802 2273 curationes
823 2232 974 2274 iisdem
996 2234 1345 2284 accommodatas,
1364 2233 1562 2287 graphice
1584 2232 1824 2285 depingere.

367 2301 392 2318 “
412 2298 540 2338 Unum
567 2299 820 2340 hominem'’
844 2300 960 2341 disi?
993 2302 1096 2355 quid
1117 2302 1229 2355 quod
1250 2302 1316 2342 vel
1337 2303 1467 2342 decem
1491 2300 1663 2354 quidem
1689 2299 1824 2340 homi-

363 2379 452 2416 nes,
483 2380 558 2420 per
588 2372 652 2408 tot
682 2368 848 2409 saecula
876 2369 956 2410 sibi
986 2369 1166 2410 invicem
1197 2369 1511 2419 succenturiati,
1542 2372 1669 2422 atquc
1695 2367 1825 2408 iidem

362 2437 456 2473 tum
496 2435 681 2476 maxima
721 2435 884 2489 ingenii
919 2437 971 2487 η’,
1005 2442 1100 2478 timi
1130 2437 1340 2478 indefessa
1374 2436 1596 2486 industria,
1628 2435 1822 2489 praediti,

361 2505 456 2541 tum
487 2502 616 2542 etiam
646 2503 691 2542 in
722 2504 842 2557 praxi
873 2519 979 2558 quae
1007 2519 1253 2546 numerosas
1285 2504 1596 2546 observationes
1627 2503 1822 2557 suppedi-

361 2572 472 2609 taret
494 2570 780 2622 versatissimi,
803 2572 1055 2626 perpulchre
1076 2572 1145 2613 hic
1167 2587 1338 2627 operam
1359 2587 1480 2613 suam
1505 2572 1707 2613 collocare
1727 2585 1821 2624 pos·

362 2635 479 2676 sint?
540 2636 728 2678 Tantum
756 2639 875 2681 abest
896 2645 945 2680 ut
973 2640 1026 2681 ad
1053 2641 1205 2682 Artem
1227 2640 1443 2682 Medicam
1466 2640 1532 2681 vel
1558 2638 1822 2694 pervenerim

360 2705 462 2759 ipse,
484 2707 548 2747 vel
569 2722 638 2748 me
659 2712 805 2762 putem
826 2709 1065 2763 pervenisse
1081 2726 1150 2751 :—

402 2797 422 2810 “
435 2795 565 2826 Mecum
582 2798 702 2835 habito,
719 2803 749 2828 et
766 2799 840 2829 novi
858 2810 953 2839 quam
971 2800 1012 2830 sit
1027 2800 1106 2830 mihi
1122 2805 1210 2831 curta
1226 2800 1403 2840 supellex.’'
1429 2798 1549 2839 [Persii
1566 2800 1629 2830 Sal.
1646 2798 1686 2830 iv.
1704 2797 1775 2838 52.]

424 2869 503 2923 [3.]
541 2871 717 2914 Morbos
733 2874 836 2915 istos
854 2875 1086 2917 Chronicos
1104 2876 1216 2930 quod
1234 2876 1402 2926 attinet,
1421 2889 1603 2930 quorum
1618 2873 1819 2915 historiae

358 2938 679 2989 perscribendae
701 2934 818 2995 spem
846 2943 925 2984 tibi
953 2943 1148 2995 feceram,
1171 2944 1232 2986 ita
1262 2945 1433 2999 penitus
1459 2942 1602 2984 animo
1631 2956 1727 2983 meo
1753 2942 1818 2982 in-
