1985 3308
408 131 804 172 DISSERTATIO
836 131 1241 171 EPISTOLARIS.
1471 134 1554 173 393

99 239 217 286 tunc,
247 241 415 290 praeter
437 236 664 291 Hysterica
689 236 779 290 jam
808 236 992 286 laudata,
1014 236 1244 277 laudanum
1272 236 1318 276 in
1342 250 1465 276 usum
1490 251 1553 277 rc·
1596 249 1650 279 DE
1670 249 1736 279 Ar-

98 303 239 343 vocari
268 303 407 355 debet,
430 304 543 357 quod
572 303 708 344 solum
737 303 846 343 vires
872 303 1002 344 habet
1032 304 1096 343 his
1128 303 1421 356 symptomatis
1442 303 1554 344 cohi-
1576 301 1669 322 wrm.
1688 292 1758 321 Hv-

1589 343 1746 365 STERICA·

99 368 250 411 bendis
271 385 441 425 prorsus
461 386 596 425 pares.
1573 379 1641 421 [2010
1658 382 1721 421 iani
1740 382 1757 384 ’“

155 436 217 477 Α1
237 451 334 479 vero
364 439 411 478 in
440 438 490 479 iis
522 437 734 479 doloribus
761 436 956 478 sedandis
989 437 1059 491 qui
1080 437 1330 479 vomitiones
1356 438 1555 490 excitant,
1575 434 1754 506 ξὲζζῖυἳῡὴῑ·

97 505 335 545 cavendum
365 511 428 546 031
450 506 608 556 3οᾶ1110,
629 520 683 546 110
703 505 764 545 1111
786 505 870 545 sive
891 504 1074 545 laudano
1096 505 1180 546 sive
1205 506 1286 546 alio
1314 507 1557 559 paregorico

97 570 363 624 mitigentur,
378 587 465 613 non
485 572 723 626 praemissis
738 572 890 613 debitis
912 572 1268 624 evacuatiom'bus,
1291 573 1374 614 nisi
1394 575 1557 627 patien-

96 637 203 678 tiam
235 638 323 679 fere
355 639 587 680 humanam
619 654 791 681 omnem
821 639 1024 680 vicerint:
1067 640 1272 691 Primum,
1306 640 1404 694 quia
1437 646 1560 682 tanta

96 719 406 760 nonnunquam
428 708 646 761 sanguinis
668 713 710 749 et
730 708 959 749 humorum
980 709 1100 762 copia
1121 714 1184 750 est
1214 715 1400 763 aggesta,
1427 710 1557 763 (max-

95 772 181 814 ime
221 773 267 813 in
305 773 501 815 foeminis
547 776 782 829 sanguineo
823 780 866 816 et
910 776 1107 816 masculis
1152 777 1368 830 propriore
1407 777 1559 819 habitu

95 840 326 895 praeditis,)
356 848 516 895 quanta
544 844 747 885 narcotici
777 844 842 884 vel
873 843 1160 895 efficacissimi,
1187 845 1361 899 ejusque
1392 847 1557 900 saepius

94 910 278 964 repetiti,
312 912 601 965 operationem
636 912 772 953 valeat
809 912 1091 954 sufflaminare
1104 931 1116 963 3
1161 913 1289 966 (unde
1323 914 1369 954 111
1401 915 1557 956 talibus

95 979 268 1032 sanguis
308 994 331 1021 0
370 980 534 1022 brachii
573 982 690 1022 venis
721 981 958 1022 necessario
991 986 1053 1022 est
1085 981 1383 1033 extrahendus,
1417 988 1459 1023 et
1490 998 1556 1024 ca-

94 1047 327 1088 tharticum
353 1048 411 1089 eis
441 1049 755 1103 propinandum
790 1053 866 1098 cst,
890 1051 1120 1102 antequam
1151 1049 1204 1089 ad
1231 1049 1405 1090 laudaui
1431 1065 1556 1092 usum

95 1115 368 1166 accedamus3
400 1117 465 1157 ln's
487 1118 602 1158 enim
622 1117 703 1158 rite
724 1116 918 1170 peractis,
942 1117 1054 1170 quod
1074 1117 1191 1170 prius
1211 1118 1277 1158 vel
1306 1118 1351 1158 in
1373 1120 1557 1161 maxima

95 1181 187 1222 dosi
208 1182 445 1224 exhibitum
465 1184 572 1225 nihil
592 1184 850 1238 proficiebat,
869 1185 958 1238 jam
981 1183 1027 1224 in
1049 1184 1139 1224 dosi
1159 1185 1362 1226 mediocri
1383 1200 1555 1240 scopum

95 1251 279 1305 attinget
292 1252 320 1305 ς)
363 1252 529 1303 deinde,
562 1253 660 1307 quia
689 1253 914 1306 multiplici
949 1253 1208 1306 experientia
1239 1253 1379 1294 edocti
1410 1268 1555 1295 sumus

94 1319 208 1372 quod
238 1319 401 1372 quoties
433 1334 559 1373 aegra
588 1320 793 1373 paulatim
829 1319 1014 1360 laudano
1050 1321 1291 1370 assueverit,
1323 1335 1412 1361 non
1436 1336 1554 1375 prae-

92 1385 222 1426 missa
242 1386 515 1427 evacuatione
537 1387 692 1437 debita,
714 1400 886 1427 necesse
905 1387 1069 1436 habuit,
1092 1387 1145 1427 ob
1174 1387 1362 1428 dolorem
1383 1403 1481 1429 mox
1502 1389 1554 1430 ab

92 1460 368 1495 evanescente
389 1455 567 1496 remedii
586 1455 743 1495 virtute
770 1455 911 1495 denuo
940 1459 1239 1505 revertentem,
1261 1456 1555 1508 paregoricum

91 1537 236 1565 rursus
265 1524 472 1577 ingerere,
492 1524 620 1578 idque
652 1523 839 1578 quotidie
871 1523 925 1564 ad
957 1536 1091 1563 annos
1124 1523 1284 1576 aliquot
1314 1524 1552 1575 continuos,

91 1592 184 1634 dosi
215 1592 395 1634 subinde
430 1607 506 1646 per
538 1593 693 1646 gradus
734 1596 870 1642 aucta,
907 1591 967 1632 ita
1006 1596 1055 1632 ut
1086 1591 1206 1632 nullo
1240 1591 1367 1632 modo
1402 1593 1493 1645 jam
1529 1607 1554 1633 a

90 1660 272 1701 laudano
313 1659 527 1701 abstinere
569 1664 708 1713 queat,
748 1659 848 1699 licet
889 1673 1037 1699 omnes
1089 1658 1141 1699 ab
1181 1657 1253 1699 illo
1294 1659 1552 1712 digestiones

90 1727 307 1779 vitientur,
359 1732 401 1768 et
450 1728 692 1768 functiones
741 1727 957 1767 naturales
1008 1726 1308 1767 debilitentur:
1361 1727 1551 1780 quamvis

89 1811 179 1838 non
234 1796 417 1838 sentiam
469 1796 643 1837 laudani
696 1810 823 1836 usum
879 1795 961 1835 sive
1018 1795 1203 1845 cerebro,
1255 1795 1339 1835 sive
1395 1795 1548 1845 nervis,

89 1864 176 1905 sive
205 1862 477 1905 facultatibus
499 1863 765 1912 animalibus,
787 1863 1032 1903 immediate
1060 1877 1224 1903 nocere.
1295 1861 1431 1916 [122]
1471 1863 1498 1902 J
1502 1877 1546 1902 u-
1568 1875 1606 1904 In
1625 1876 1742 1915 quibus

89 1932 184 1972 dico
222 1931 366 1984 itaque
406 1944 498 1983 ego,
539 1930 667 1983 (quod
707 1934 904 1982 expertus
943 1929 1120 1982 loquor,)
1161 1930 1408 1970 evacuantia
1447 1944 1547 1970 ano-
1565 1919 1745 1999 ξζζ(1ξξξὲο

89 1998 212 2053 dynis
245 1998 399 2038 debere
431 1997 672 2050 praemitti:
709 1997 825 2037 verbi
857 1996 1005 2049 gratia,
1033 1996 1294 2049 viraginibus
1327 2002 1369 2037 et
1400 1997 1546 2037 foemi-
1566 2003 1750 2039 mittendae,

88 2067 156 2106 nis
186 2066 233 2106 in
264 2066 415 2119 quibus
456 2065 628 2119 sanguis
660 2065 1018 2118 praedominatur,
1050 2079 1159 2105 vena
1194 2065 1375 2105 secanda
1409 2070 1472 2106 est
1504 2070 1546 2106 01
1565 2046 1753 2117 §miramb—

87 2132 204 2174 alvus
235 2133 521 2183 subducenda,
552 2132 801 2186 praesertim
832 2132 866 2172 si
896 2146 984 2172 non
1019 2132 1109 2185 jam
1140 2147 1165 2172 a
1192 2132 1320 2185 longo
1355 2137 1547 2186 tempore

86 2215 338 2255 paroxysmo
372 2201 533 2241 fuerint
569 2208 784 2254 correptae
797 2217 809 2250 ς
857 2200 891 2239 31
930 2214 1027 2240 vero
1060 2199 1269 2240 foeminae
1310 2200 1546 2251 debiliores,

88 2272 131 2308 et
167 2282 273 2322 quae
307 2268 634 2321 temperamenti
670 2282 694 2308 a
728 2267 938 2321 prioribus
973 2268 1054 2307 illis
1084 2268 1209 2320 plane
1245 2268 1396 2308 diversi
1432 2273 1545 2318 sunt,

85 2333 379 2388 hujuscemodi
413 2348 662 2389 paroxysmo
699 2339 740 2375 et
772 2334 912 2375 dolore
948 2335 1202 2388 affligantur,
1234 2340 1361 2389 atque
1397 2336 1545 2376 eodem

87 2401 267 2442 subinde
287 2401 403 2442 haud
428 2402 489 2442 ita
508 2402 672 2455 pridem
698 2402 992 2452 laboraverint,
1015 2402 1192 2443 sufficiet
1214 2417 1361 2443 eorum
1386 2404 1543 2444 ventri-

85 2469 201 2509 culos
222 2469 372 2521 congio
388 2482 474 2509 uno
498 2469 607 2522 (plus
631 2469 802 2523 minus,)
821 2470 942 2510 lactis
957 2470 1189 2511 cerevisiati
1208 2470 1361 2511 hausto
1382 2476 1424 2512 et
1445 2485 1543 2512 mox

84 2551 160 2591 per
184 2537 390 2578 vomitum
416 2537 572 2591 rejecto
601 2537 832 2591 detergere,
866 2537 965 2578 dein
991 2538 1153 2591 largam
1183 2538 1305 2579 dosin
1334 2539 1541 2592 imperare

83 2605 171 2646 sive
191 2606 402 2646 theriacae
422 2605 726 2655 Andromachi,
750 2605 835 2645 sive
857 2605 1074 2645 electuarii
1095 2605 1326 2654 Orvietani,
1348 2610 1390 2645 01
1418 2605 1539 2645 00011-

83 2671 212 2713 learia
247 2673 406 2726 aliquot
438 2671 610 2725 liquoris
643 2672 819 2725 alicujus
852 2672 1066 2724 spirituosi
1101 2677 1143 2713 ct
1176 2673 1321 2724 gustui
1352 2687 1438 2713 non
1473 2673 1538 2713 in-

83 2741 194 2794 grati
214 2755 312 2782 cum
331 2740 475 2794 paucis
494 2739 668 2780 laudaui
687 2740 837 2793 liquidi
859 2741 1038 2793 guttulis
1060 2741 1382 2795 superbibenda.

147 2809 286 2863 [123]
325 2808 452 2851 Quod
480 2808 515 2849 si
542 2822 667 2861 aegra
689 2808 942 2862 jampridem
968 2809 1189 2859 vomuerit,
1215 2815 1444 2864 antequam
1472 2824 1537 2852 ac·
1559 2822 1596 2852 ln
1615 2833 1676 2864 quo
1692 2835 1738 2854 ca-

84 2882 318 2918 cerseretur
352 2876 561 2926 Medicus,
598 2880 640 2916 ct
675 2881 815 2916 metus
851 2876 917 2926 sit,
954 2890 1021 2926 ne,
1058 2877 1094 2918 si
1132 2878 1321 2919 emeticis
1359 2879 1538 2920 ulterius
1556 2876 1625 2896 ⁸¹¹³
1643 2866 1709 2896 ¹³¹¹*

771 2945 797 2983 3
822 2958 844 2982 E
