1985 3308
423 151 818 194 DISSERTATIO
850 152 1256 193 EPISTOLARIS.
1480 154 1560 194 361

103 259 252 300 diebus
273 259 433 313 aliquot
454 259 604 313 elapsis
622 258 841 313 sequentia
861 258 1097 313 adjiciebat,
1113 258 1166 299 ad
1183 257 1367 299 cundem
1388 273 1560 312 scopum
1582 266 1634 296 DE
1651 266 1763 297 νηι-

102 327 363 367 colhmant1a
377 344 446 367 :—-
1579 310 1749 382 Οὲζῖιὲξῗ.

101 429 235 470 [Form.
255 432 329 473 70.]
379 430 420 482 R
448 433 643 468 Conservae
661 434 831 468 Rosarum
850 433 1049 467 Rubrarum
1068 444 1128 478 per
1146 438 1320 467 setaceum
1341 432 1506 477 trajectae
1525 438 1561 465 et

498 491 702 525 Vin-inlatae
720 491 839 525 uncias
858 496 1019 535 quatuor,

452 547 607 581 Balsami
627 547 797 582 Locatelli
816 548 937 581 uncias
954 546 1053 587 duas,

455 604 531 637 Boli
550 605 734 645 Armenae,

452 662 642 705 Sanguinis
661 661 842 703 Draconis,

452 717 586 762 Speciei
607 718 795 752 Electuarii
815 719 1029 758 Diacorallii‚
1047 730 1115 752 ana
1132 717 1333 752 drachmam
1355 728 1474 756 unam,

453 776 578 819 Syrupi
598 787 615 808 o
634 776 796 809 Coralliis
814 777 1046 820 quantitatem
1064 775 1291 809 sufficientem

289 837 328 865 ut.
354 831 415 865 fiat
437 832 673 873 electuarium,
697 832 740 866 de
764 844 831 877 quo
851 833 967 877 capiat
989 833 1221 876 quantitatem
1247 831 1345 864 nucis
1363 830 1561 864 moschatae

287 890 340 923 bis
359 889 401 924 de
418 889 485 930 die,
503 890 756 934 superbibendo
773 890 934 924 haustum
954 890 1154 924 emulsionis
1171 890 1413 935 sequentis:—

102 982 236 1022 [Form.
253 983 352 1024 71.]“1
386 983 426 1027 R
455 985 636 1020 Seminum
657 986 841 1027 Lactucae,

114 1036 117 1040 ’
453 1042 669 1086 [Seminum]
692 1044 908 1085 Portulacae,
925 1055 994 1078 ana
1011 1044 1194 1078 drachmas
1213 1050 1291 1084 tm,

452 1100 669 1143 [Seminum]
690 1100 926 1146 Cydoniorum
945 1101 1275 1145 sesquidrachmam,

453 1157 674 1203 [Seminum]
696 1157 882 1202 Papaveris
899 1158 979 1191 Albi
997 1158 1224 1197 semunciam,

456 1215 670 1260 Amygdalas
690 1215 818 1249 Dulces
836 1216 1066 1249 excorticatas
1083 1215 1257 1259 quinque3

290 1271 562 1306 Contundantur
578 1273 612 1306 in
630 1274 794 1307 mortario
812 1283 1015 1313 marmoreo,
1034 1272 1160 1305 sensim
1180 1271 1394 1305 affundendo

451 1330 573 1373 Aquae
592 1329 812 1375 Plantaginis
828 1330 933 1363 libras
951 1329 1048 1370 duas,

451 1388 574 1431 Aquae
592 1387 816 1420 Cinnamomi
835 1386 1038 1420 Hordeatae
1056 1386 1177 1420 uncias
1195 1385 1302 1425 duas3

288 1443 463 1476 colaturae
480 1442 569 1477 adde
586 1443 740 1477 sacchari
758 1444 991 1488 quantitatem
1011 1443 1251 1477 sufficientem.

161 1537 283 1579 “His
311 1538 507 1579 remediis
540 1539 721 1593 (favente
748 1539 977 1592 Nonum)
1010 1553 1135 1593 aeger
1164 1538 1278 1579 intra
1308 1539 1563 1593 septimanas

101 1611 187 1647 tres
208 1621 233 1648 a
252 1606 369 1648 febre
391 1612 433 1648 et
453 1608 673 1648 horrendis
693 1607 774 1647 illis
797 1621 903 1661 quae
923 1606 1249 1648 memoravimus
1271 1608 1565 1661 symptomatis

102 1673 314 1725 liberatuS,
345 1676 549 1729 petechiis
582 1676 761 1727 abolitis,
793 1681 919 1730 atque
950 1676 1072 1717 urina
1100 1680 1195 1716 tum
1226 1676 1408 1716 colorem
1438 1681 1564 1716 natu-

102 1742 234 1783 ralem
268 1748 363 1783 tum
399 1744 718 1785 consistentiam
747 1743 990 1797 recipiente,
1018 1743 1223 1797 paulatim
1255 1743 1309 1784 ad
1339 1743 1565 1784 sanitatem

103 1815 145 1851 et
166 1810 271 1852 vires
292 1812 490 1865 pristinas
510 1812 678 1853 rediit.”

167 1879 276 1933 [55.]
306 1879 508 1921 Quamvis
529 1885 672 1921 autem
693 1884 978 1933 symptomata
997 1878 1079 1920 ista
1094 1879 1185 1933 jam
1206 1879 1319 1920 dicta
1337 1879 1446 1920 febri
1466 1893 1563 1920 con·

102 1946 248 1988 tinuae
268 1952 565 1998 accrescerent,
583 1962 671 1988 non
687 1961 783 1988 vero
803 1947 864 1987 illi
884 1947 1032 1987 morbo
1054 1947 1105 1987 de
1127 1961 1210 2000 quo
1230 1961 1308 1988 nos
1330 1961 1456 2001 supra
1477 1948 1562 2000 egi-

103 2030 222 2056 mus:
255 2030 352 2057 cum
373 2022 530 2067 tamen,
555 2015 715 2069 quoties
742 2015 994 2056 utrumlibet
1022 2028 1072 2055 ea
1098 2015 1370 2066 comitantur,
1393 2030 1419 2056 a
1437 2016 1561 2056 vehe-
1582 2026 1644 2057 Par
1660 2037 1727 2058 me-

103 2085 238 2126 menti
268 2085 601 2126 inflammatione
632 2089 674 2125 ct
705 2083 923 2137 sanguinis
953 2083 1084 2124 nimia
1114 2083 1420 2134 attenuatione,
1447 2083 1561 2123 unde
1580 2070 1698 2100 thodus
1716 2071 1749 2100 5¹¹

1580 2122 1749 2143 causarum

103 2153 272 2206 sanguis
302 2167 376 2207 per
406 2153 547 2193 oscula
572 2166 768 2193 vasorum
793 2151 912 2205 quasi
938 2151 978 2191 vi
1006 2151 1199 2205 exigitur,
1229 2165 1394 2205 semper
1419 2156 1560 2191 ortum
1579 2155 1714 2194 paritate

102 2220 284 2272 ducant3
316 2221 459 2262 nullus
480 2220 628 2262 dubito
650 2220 752 2274 quin
778 2234 854 2273 par
873 2219 1099 2260 methodus
1125 2219 1170 2259 in
1189 2224 1312 2260 tanta
1338 2233 1560 2260 causarum
1578 2197 1768 2271 ,(πὲζξᾏῖἓᾙ,

102 2289 280 2343 paritate
306 2289 479 2331 omnino
509 2289 563 2330 sit
591 2288 843 2339 adhibenda,
872 2292 1079 2342 quantum
1108 2288 1265 2328 scilicet
1294 2287 1376 2328 fert
1403 2288 1560 2329 utrius·
1579 2285 1758 2331 que-morbi

104 2371 185 2411 que
214 2357 352 2399 morbi
382 2357 542 2411 genius.
604 2356 891 2399 Quamobrem
918 2356 1073 2396 Virum
1104 2356 1328 2410 Optimum
1357 2356 1560 2410 rogabam
1578 2327 1728 2400 Ξὲῂῃῖζὲἷι).

102 2430 152 2465 ut
183 2425 287 2465 mihi
314 2439 388 2479 per
415 2425 535 2465 illum
561 2425 704 2466 liceret·
733 2424 845 2466 hanc
872 2424 960 2478 ejus
991 2423 1254 2465 curationem
1283 2423 1352 2464 hic
1382 2423 1560 2465 subnec-
1579 2415 1640 2443 tur.

103 2497 206 2534 tere.
268 2492 409 2535 Quam
444 2492 614 2546 quidem
655 2493 687 2534 si
724 2493 816 2547 quis
851 2492 917 2533 vel
954 2492 1060 2532 mihi
1098 2491 1406 2532 infensissimus
1446 2493 1560 2544 (cum

103 2565 262 2612 tamen,
285 2561 442 2602 alienos
469 2575 606 2601 mores
633 2575 656 2602 e
679 2561 856 2615 propriis
884 2560 1123 2611 aestimans,
1145 2560 1311 2600 nullum
1338 2558 1559 2599 inimicum

102 2628 259 2671 habere
289 2630 482 2684 sperem,)
507 2629 785 2683 praestiterat,
815 2634 974 2679 tamen,
995 2628 1170 2669 veritate
1200 2627 1349 2676 victus,
1371 2625 1558 2679 praecla-

101 2698 310 2740 rissimam
332 2713 425 2740 eam
446 2698 574 2739 fuisse
602 2698 792 2739 omnium
823 2711 926 2752 quas
947 2710 1137 2751 unquam
1153 2695 1253 2736 novi
1273 2694 1556 2744 curationum,

103 2765 253 2813 lubens
274 2767 453 2816 faterer;
486 2781 618 2820 quum
643 2766 809 2821 jamdiu
836 2771 1098 2819 compertum
1128 2764 1321 2814 habeam,
1344 2777 1471 2817 quam
1504 2763 1558 2803 sit

101 2833 228 2876 fatale
255 2835 593 2877 febricitantibus
625 2834 876 2888 sanguinem
905 2847 1001 2874 cum
1032 2833 1155 2874 urina
1185 2846 1430 2874 excernere:
1463 2845 1558 2873 cum

699 2918 712 2938 ‘¹
738 2920 786 2949 Cf.
804 2919 894 2948 form.
919 2919 969 2951 67.

793 2973 870 3016 3A
