1985 3308
518 124 854 165 PROCESSUS
886 124 1153 165 INTEGRI.
1479 130 1562 168 599

681 313 806 354 CAP.
841 313 1000 353 XLVI.

695 420 758 460 De
784 421 979 460 Cltlorosz'.

166 509 352 549 Ansvm-
368 509 510 549 vultus
532 514 573 550 ct
594 510 727 549 totius
748 509 931 563 corporis
949 509 1216 560 decoloratio,
1234 509 1565 551 intumescentia
1583 521 1686 552 Morbi
1704 524 1757 554 de-

108 572 155 614 in
181 575 300 626 facie,
322 576 532 630 palpebris
563 581 605 617 ct
634 577 853 626 mallcoh's,
876 577 1057 629 gravitas
1088 577 1219 617 totius
1250 577 1446 630 corporis,
1470 591 1563 618 cru-
1582 565 1721 606 scriptio.

108 657 206 684 rum
242 658 289 685 ac
321 645 478 698 pedum
512 646 677 686 tensiva
706 645 923 696 lassitudo,
955 646 1176 699 respiratio
1205 646 1394 696 difficilis,
1427 647 1563 687 cordis

108 711 342 764 palpitatio,
379 713 527 766 capitis
564 713 694 762 dolor,
727 713 874 766 pulsus
914 713 1086 764 febrilis,
1124 713 1418 764 somnolentia,
1456 714 1562 767 pica,

109 783 152 819 et
173 780 385 820 mensium
407 781 657 833 suppressio.

169 846 320 887 Sumat
350 848 501 901 pilulas
533 847 816 902 chalybeataS,
847 848 913 888 vel
942 848 1157 901 pulverem
1189 848 1487 901 chalybeatum
1518 849 1564 889 in
1583 858 1755 888 Commo.

107 914 334 967 Affectione
368 916 590 968 Hysterica
624 916 944 969 praescriptum,
980 916 1075 969 plus
1110 916 1253 956 minus
1286 930 1362 970 pro
1397 917 1564 958 ratione

108 982 272 1032 aetatis,
295 983 606 1036 superbibendo
632 983 836 1023 haustum
857 983 943 1023 vini
971 984 1197 1037 cujuslibet
1220 983 1274 1024 ad
1292 984 1477 1034 libitum,
1499 985 1565 1025 vel

106 1049 363 1090 infusionem
394 1051 738 1092 corroborantem
769 1065 867 1091 cum
893 1051 1034 1092 radice
1065 1051 1279 1104 angelicae
1306 1052 1464 1092 ibidem
1493 1052 1563 1092 de-

107 1117 320 1171 scriptam.
360 1117 469 1172 [sup.
488 1132 522 1158 c.
542 1118 601 1172 1.]
671 1118 716 1158 Si
738 1133 862 1172 aegra
881 1132 970 1159 non
990 1119 1111 1159 valde
1132 1119 1280 1160 debilis
1302 1119 1442 1170 fuerit,
1464 1133 1562 1173 pur-

108 1189 233 1238 getur
254 1186 383 1227 semel
403 1186 468 1227 vel
489 1186 553 1227 bis
575 1190 675 1227 ante
695 1186 1052 1240 praescriptorum
1073 1201 1212 1227 usum.

663 1344 789 1384 CAP.
822 1344 1009 1384 XLVII.

526 1450 590 1489 De
611 1450 903 1501 Sempressz'one
923 1450 1144 1490 Mensz’um.

162 1539 318 1579 CIBUM
339 1538 565 1579 fastidiunt
581 1538 854 1579 mulierculae
867 1556 879 1589 3
907 1539 1056 1579 foedus
1072 1538 1194 1579 faciei
1214 1538 1328 1579 color
1349 1542 1412 1579 est
1426 1555 1438 1588 3
1467 1552 1561 1591 gra·
1581 1547 1688 1598 Mqrbi
1704 1550 1758 1580 de-

103 1607 209 1647 vitas
229 1606 362 1647 totius
384 1606 567 1660 corporis
581 1623 592 1655 3
625 1606 788 1646 dolores
810 1606 1029 1659 sincipitis,
1050 1606 1308 1656 lumborum,
1326 1620 1499 1647 crurum
1519 1610 1562 1647 et
1581 1596 1720 1631 sompno.

102 1675 179 1715 imi
198 1674 382 1724 ventris3
413 1674 571 1727 pedum
591 1679 780 1714 tumores
802 1674 1022 1714 infestant.

160 1743 323 1783 Eadem
356 1742 681 1795 praescribenda
720 1757 768 1783 ae
802 1743 849 1782 in
883 1743 1095 1796 hysteriea
1130 1742 1399 1792 affectione23
1442 1746 1486 1783 at
1527 1742 1562 1783 si
1581 1757 1753 1788 Commo.

102 1812 254 1852 iisdem
285 1811 482 1851 remediis
514 1811 691 1851 affectus
726 1825 815 1851 non
855 1811 1038 1862 cesserit,
1074 1815 1170 1851 tum
1206 1811 1428 1864 sequentia
1460 1816 1560 1852 sunt

102 1879 429 1934 praescribenda
443 1895 511 1918 :—

163 1946 352 1999 Singulis
369 1946 542 1996 auroris,
566 1950 608 1986 et
631 1950 782 1999 quarta
800 1946 1104 1999 pomeridiana,
1128 1950 1268 1986 sumat
1285 1946 1312 1985 J
1315 1945 1445 1998 ulapii
1468 1945 1560 2000 Hy-

105 2014 270 2055 sterieib
296 2014 389 2053 sine
410 2018 598 2054 castoreo
620 2013 854 2053 cochlearia
876 2013 1075 2066 quinque,
1107 2013 1354 2053 instillando
1390 2013 1561 2066 spiritus

102 2096 237 2122 cornu
263 2081 374 2121 cerii
402 2085 545 2134 guttas
572 2080 807 2121 duodecim.
872 2080 1060 2133 Singulis
1090 2080 1289 2120 noctibus
1317 2084 1457 2120 sumat
1488 2094 1559 2120 cu-

102 2149 242 2189 bitum
268 2149 382 2189 itura
408 2148 714 2189 troehiscorum
743 2148 794 2188 de
824 2147 998 2201 myrrha
1024 2147 1270 2200 scrupulum
1295 2161 1432 2186 unum
1463 2160 1559 2187 cum

105 2231 260 2271 syrupo
281 2216 333 2257 de
355 2216 568 2257 artemisia
587 2216 633 2256 in
653 2216 833 2256 formam
854 2214 939 2255 boli
960 2214 1025 2255 vel
1045 2214 1274 2268 pilularum
1295 2214 1528 2255 redactum.

632 2403 758 2444 CAP.
792 2403 1026 2443 XLVIII.c

290 2512 353 2551 De
381 2511 541 2551 Vomitu
564 2511 798 2562 Smyuinis,
813 2510 884 2549 vel
901 2510 1024 2549 etiam
1046 2509 1094 2549 de
1113 2509 1371 2560 Haemoptok'.

160 2601 215 2642 lx
249 2601 516 2654 Haemoptoe
540 2599 657 2640 dolor
677 2604 720 2639 et
751 2599 863 2640 calor
883 2602 1031 2652 pectus
1053 2598 1260 2648 obsident,
1284 2611 1381 2638 cum
1409 2597 1555 2638 debili-

101 2674 191 2710 tate
213 2668 410 2723 quadam.

168 2736 247 2790 [2]
286 2736 491 2776 Mittatm·
511 2735 682 2788 sanguis
711 2749 760 2775 ex
783 2734 956 2774 brachio
978 2733 1126 2774 dextro
1147 2733 1201 2774 ad
1221 2733 1367 2774 uncias
1396 2733 1553 2774 decem.
1575 2748 1746 2779 CURATIO.

104 2803 310 2858 Sequenti
338 2817 463 2844 mane
491 2807 631 2843 sumat
652 2802 877 2843 Potioncm
899 2802 1173 2855 Purgativam
1195 2801 1491 2852 Communem,
1513 2806 1556 2841 et

146 2892 162 2909 ³
187 2888 236 2918 Cf.
255 2898 324 2927 sup.
342 2898 367 2918 c.
387 2890 412 2919 1.
579 2885 597 2908 b
622 2887 670 2916 Cf.
689 2887 778 2918 form.
801 2888 870 2917 133.
1026 2891 1040 2907 ⁰
1069 2886 1118 2916 Cf.
1139 2888 1258 2918 Observ.
1278 2886 1360 2916 Med.
1378 2886 1419 2915 vi.
1438 2885 1464 2918 7.
1483 2886 1511 2915 9.
