1985 3308
252 140 774 184 OBSERVATIONUM
805 142 1182 184 MEDICARUM
1216 147 1258 180 V.
1285 150 1315 180 5.
1437 141 1520 180 227

69 243 188 286 bant.
256 247 312 288 Et
349 248 661 301 quantumlibet
694 249 837 290 lateris
879 249 997 290 dolor
1035 247 1296 302 punctorius,
1338 245 1524 299 spirandi
1574 252 1705 281 Tussns

71 311 306 364 difficultas,
330 315 442 356 color
463 316 639 356 detracti
661 317 892 370 sanguinis,
915 322 958 358 et
978 317 1140 370 reliqua
1167 316 1289 368 signa
1308 312 1523 367 plemitidi
1544 294 1726 367 ξζῗζῗῃξό

70 379 304 432 familiaria,
322 384 588 424 essentialem
608 385 820 437 plemesin
842 385 1012 426 subesse
1033 385 1275 433 innuerent,
1290 395 1378 422 non
1399 380 1523 420 aliam
1544 381 1728 423 Memfi&—

70 452 216 489 tamen
237 451 435 491 medendi
455 452 702 494 methodum
724 453 951 507 postulavit
971 453 1040 494 hic
1060 452 1246 501 morbus,
1271 464 1396 504 quam
1419 462 1525 502 quae
1543 437 1712 508 gssfsgffidus

70 515 177 557 febri
204 517 331 572 hujus
356 518 687 561 Constitutionis
709 521 954 574 quadrabat,
978 520 1029 561 ab
1060 520 1131 560 illa
1151 532 1247 559 vero
1280 531 1385 571 quae
1406 529 1527 556 verae
1547 532 1628 561 quae
1638 521 1719 551 febri

70 585 287 639 plem'itidi
327 588 603 628 conveniebat
653 588 905 630 abhorrebat
946 587 1187 636 admodum,
1229 590 1277 625 ut
1329 599 1380 625 cx
1419 582 1529 622 infra
1546 564 1732 636 ξζξξζίἶζζζξζ

73 653 261 695 dicendis
300 655 492 708 liquebit.
552 656 690 707 Addo,
729 657 852 710 quod,
890 670 988 697 cum
1022 654 1226 710 pleuritis,
1265 652 1429 706 quoties
1465 654 1528 691 est
1549 648 1735 721 affigi-aban

71 721 245 762 morbus
275 722 512 776 primariuS,
541 738 590 765 co
619 724 867 778 plerumque
899 723 1000 764 anni
1029 727 1219 775 tempore
1247 720 1377 761 soleat
1412 719 1527 758 inva-
1548 701 1736 774 Zussessffif'

74 788 185 840 dere,
223 790 347 843 qued,
382 791 494 832 inter
528 806 600 832 ver
639 796 765 846 atque
801 795 1004 832 aestatem
1040 789 1273 842 ambigenS,
1308 786 1529 839 utriusque
1549 776 1736 849 {idiilvieififfie

75 857 191 911 quasi
224 857 356 899 fibula
387 865 474 910 est,
511 859 579 900 hic
613 860 799 910 morbus,
833 860 969 900 alieno
1000 872 1171 912 prorsus
1207 855 1354 910 sydere
1389 859 1528 903 natus,
1548 863 1611 911 bat,
1628 861 1723 900 longe

73 939 150 978 pro
175 931 457 980 symptomate
488 931 657 968 tantum
688 927 828 978 febris,
858 932 986 981 quaea
1006 926 1076 967 isti
1099 939 1210 966 anno
1240 923 1409 978 propria
1435 922 1530 973 fuit,
1549 905 1682 993 ‹gversa

76 993 293 1033 ducendus
316 999 391 1044 est,
414 998 540 1047 atque
562 995 830 1035 accidentalis
847 995 974 1035 tussis
996 993 1149 1034 sobole.
1551 974 1627 1036 antiii
1643 972 1723 1035 ξεῗιιι-

141 1061 221 1115 [3.]
260 1062 322 1102 Ut
354 1062 407 1102 ad
442 1077 535 1103 eam
571 1063 820 1104 methodum
855 1064 935 1104 rite
970 1061 1208 1116 procedam,
1242 1074 1369 1114 quam
1403 1059 1531 1113 hujus
1550 1048 1731 1121 ξίἓξῐὲἳζξῑ·

76 1131 179 1171 anni
198 1130 401 1171 Tussibus
433 1132 541 1184 (tum
567 1132 695 1172 etiam
727 1132 818 1172 istis
850 1146 957 1185 quae
988 1130 1078 1171 aliis
1108 1130 1230 1170 annis
1261 1127 1530 1179 contingunt,
1551 1134 1615 1164 bris
1632 1134 1709 1163 haee

76 1197 202 1237 modo
224 1197 275 1238 ab
297 1197 447 1237 iisdem
469 1198 604 1238 causis
624 1199 883 1252 nascantur,)
902 1198 1044 1239 deberi
1065 1196 1231 1238 monuit
1248 1193 1507 1248 experientia
1520 1210 1531 1243 3
1550 1175 1708 1259 ‘gffilssfflsst

78 1264 501 1306 animadvertendum
534 1271 610 1316 est,
633 1266 799 1306 effluvia
827 1266 921 1315 ista,
955 1278 1061 1317 quae
1095 1278 1118 1304 a
1149 1261 1369 1315 sanguinis
1398 1274 1536 1300 massa
1556 1273 1727 1303 Commo.

76 1347 152 1387 per
172 1333 416 1373 insensilem
432 1333 804 1386 transpirationem
826 1332 1012 1386 ablegari
1034 1332 1183 1381 solent,
1206 1345 1231 1371 a
1250 1330 1404 1382 frigore
1426 1327 1535 1368 cutis

79 1400 285 1454 spiracula
306 1400 446 1440 subito
467 1400 744 1441 contrahente
764 1401 878 1441 intro
898 1400 1018 1450 verti,
1037 1404 1078 1440 et
1099 1400 1145 1439 in
1166 1399 1388 1452 pulmones
1410 1397 1534 1449 depo-

77 1469 136 1519 ni,
160 1482 262 1522 quos
283 1468 501 1518 irritando,
525 1468 692 1509 Tussim
712 1484 811 1510 mox
832 1469 1031 1510 excitant.
1093 1468 1288 1521 Cumque
1313 1466 1391 1507 hoc
1411 1469 1534 1519 paeto
1555 1473 1667 1503 Tussis
1684 1483 1728 1526 ex!

80 1537 353 1578 detineantur
381 1537 540 1578 calidae
560 1538 666 1578 istae
688 1542 729 1579 et
753 1537 1093 1579 recrementitiae
1127 1534 1346 1588 sanguinis
1368 1532 1534 1574 exhala-
1553 1521 1743 1590 (ὲῖῗζζζὲξῗ

79 1606 231 1657 tiones,
255 1620 337 1660 quo
357 1606 500 1646 minus
527 1620 603 1659 per
623 1606 731 1647 cutis
752 1620 876 1660 poros
908 1609 1073 1655 exeant,
1095 1603 1224 1644 febris
1248 1602 1294 1642 in
1317 1600 1535 1654 sanguinis
1555 1607 1670 1650 tiu-,lut
1685 1606 1716 1631 et

80 1689 219 1716 massa
248 1674 370 1714 facile
403 1674 670 1724 accenditur,
702 1673 777 1714 ubi
805 1673 963 1714 scilicet
990 1671 1052 1712 vel
1081 1674 1205 1711 tanta
1231 1675 1295 1710 est
1324 1668 1537 1708 halituum
1555 1645 1733 1718 Ξῖῗὲᾗξξζῃ

81 1741 200 1795 copia
218 1745 268 1782 ut
297 1741 519 1794 pulmones
545 1741 596 1781 iis
627 1740 896 1781 eliminandis
920 1739 1036 1780 haud
1067 1737 1290 1788 sufficiant,
1307 1736 1373 1777 vel
1403 1736 1540 1777 calore

83 1812 326 1862 adventitio,
349 1811 434 1851 sive
459 1810 757 1860 remediorum,
781 1810 865 1850 sive
886 1807 1118 1862 regiminis,
1140 1807 1257 1860 justo
1279 1804 1539 1853 calidiorum‚

84 1880 203 1934 quasi
234 1879 398 1933 adjecto
428 1878 519 1919 oleo
549 1877 660 1930 ignis
691 1881 884 1930 augetur,
908 1881 950 1917 et
982 1875 1054 1929 qui
1083 1875 1129 1914 in
1150 1873 1303 1915 febrim
1329 1873 1419 1928 jam
1447 1871 1541 1926 plus

85 1950 186 1991 satis
207 1954 295 1989 erat
316 1947 520 2001 procliviS,
536 1946 581 1985 in
603 1945 781 1986 eandem
801 1958 1001 1998 praeceps
1023 1943 1176 1996 agitur.
1223 1942 1387 1982 Verum
1409 1940 1542 1981 enim-

84 2031 195 2068 vero,
218 2015 522 2070 qualiscunque
542 2014 670 2054 fuerit
691 2013 819 2053 febris
840 2011 1088 2053 stationaria
1109 2024 1216 2064 quae
1236 2010 1359 2050 illum
1380 2022 1542 2049 annum
1564 2011 1657 2061 Nova
1671 2012 1749 2060 paee

84 2085 286 2133 funestat,
309 2087 436 2135 atque
466 2095 540 2135 per
569 2081 613 2121 id
642 2081 842 2133 temporis
873 2079 1130 2128 dominatur,
1152 2092 1261 2118 nova
1289 2078 1393 2118 haec
1414 2077 1543 2118 febris
1561 2055 1706 2127 ξξξῑξζω

87 2152 231 2194 statim
252 2151 297 2190 in
320 2150 409 2203 ejus
430 2162 587 2189 nomen
609 2162 656 2188 ac
683 2147 886 2187 familiam
903 2146 1142 2200 adoptatur,
1164 2144 1355 2199 ejusdem
1384 2143 1543 2197 ubique
1562 2140 1713 2188 stationa-

87 2218 212 2272 genio
243 2217 490 2269 obsequens,
513 2215 610 2254 licet
637 2218 920 2268 symptomata
942 2212 1148 2266 quaedam
1181 2210 1318 2250 adhuc
1348 2209 1542 2260 retineat,
1562 2188 1726 2265 ἷὲέἳῑξῒές

87 2302 113 2328 a
133 2287 170 2329 T
173 2286 273 2337 ussi,
297 2299 423 2339 quam
443 2283 594 2323 habuit
615 2288 848 2336 parentem,
871 2280 1113 2335 pendentia.
1160 2280 1224 2319 Ac
1245 2277 1422 2332 proinde
1444 2278 1545 2318 satis
1564 2273 1731 2341 ἓᾶοῐζζζξίῐὲιῗ

88 2360 253 2397 constat
274 2355 319 2394 in
342 2353 464 2394 Tussi
493 2351 679 2406 qualibet
701 2364 750 2392 ex
774 2350 853 2390 hac
878 2347 1092 2405 προφάσει
1119 2353 1232 2398 nata,
1254 2361 1342 2387 non
1372 2350 1543 2386 tantum
1564 2353 1671 2401 statius]

86 2423 168 2477 ipsi
187 2422 348 2472 morbo,
371 2421 445 2461 sed
472 2425 513 2460 et
534 2418 654 2469 febri,
678 2432 784 2472 quac
806 2417 928 2458 Tussi
956 2417 1054 2457 huic
1074 2415 1340 2470 paratissima
1370 2415 1543 2466 accedit,
1560 2399 1685 2427 trans1t.

88 2490 396 2532 occurrendum
418 2502 521 2529 esse.

153 2560 233 2614 [4.]
263 2559 357 2600 Hac
372 2558 544 2599 innixus
564 2556 669 2607 basi,
690 2556 741 2596 iis
763 2555 834 2610 qui
855 2569 994 2595 meam
1015 2552 1300 2608 implorabant
1321 2566 1444 2606 opem
1465 2552 1545 2594 hoc

88 2627 213 2669 modo
244 2639 486 2668 succurrere
517 2623 712 2665 conabar.
777 2623 822 2663 Si
849 2623 992 2663 Tussis
1013 2622 1205 2663 nondum
1228 2621 1394 2672 febrim,
1417 2626 1544 2674 atque
1561 2624 1675 2677 'Ijussiff

90 2695 171 2736 alia
195 2699 478 2749 symptomata
499 2707 605 2746 quae
627 2698 675 2732 ut
701 2691 933 2745 plurimum
960 2704 1003 2730 se
1030 2690 1262 2743 adjungere
1288 2689 1420 2730 solere
1441 2689 1544 2729 dixi·
1564 2668 1755 2741 2¹&ssssssss

90 2778 197 2814 muS,
221 2762 504 2812 accersiverat,
529 2760 628 2801 satis
656 2773 745 2800 esse
768 2758 1014 2809 arbitrabar,
1038 2771 1212 2811 aegrum
1241 2772 1265 2798 a
1286 2757 1483 2798 carnibus
1505 2763 1547 2798 et
1567 2754 1753 2787 acarnibus.

89 2830 322 2885 liquoribus
349 2829 583 2885 spirituosis
607 2828 927 2882 quibuscunque
949 2841 1113 2877 arcere,-
1146 2826 1345 2868 hortabar
1375 2827 1478 2868 item
1499 2833 1547 2869 ut
1567 2797 1728 2875 ilitietigiriqiae

589 2922 601 2934 ¹·
625 2929 699 2957 qnae
716 2915 862 2955 antcfm'!
880 2916 910 2945 in
928 2916 974 2945 cd.
994 2916 1053 2947 76,
