1985 3308
418 177 920 219 OBSERVATIONES
952 175 1245 217 MEDICAE.
1527 178 1552 216 5

98 285 270 325 viderer.
347 283 538 329 Quamvis
583 287 782 335 optassem
825 282 1123 322 lucubrationes
1169 283 1289 321 hasce
1327 293 1437 320 meas
1475 294 1556 321 non
1572 291 1752 323 Ειηετοιιι

98 352 179 391 nisi
209 363 406 390 annorum
426 363 556 402 porro
587 351 739 402 aliquot
769 351 1020 402 emperientia
1052 353 1195 389 auctas
1223 353 1264 388 et
1293 347 1554 399 confirmatas
1571 334 1756 408 ἒξῦὦᾎξ

99 418 208 470 typis
227 419 444 470 evulyasse,
466 419 716 457 contumeliis
736 421 867 457 tamen
891 430 940 457 ac
958 418 1099 457 sannis
1116 416 1403 469 procacissimi
1423 415 1553 467 cujus·
1572 420 1760 426 *—

66 525 69 529 ,
98 499 172 540 que
202 485 423 525 ardelionis
455 486 617 525 tandem
641 486 740 537 plus
770 485 874 525 satis
908 485 1146 534 delassatus,
1180 484 1323 523 amicis
1357 497 1402 523 eo
1431 495 1556 535 usque

97 566 248 592 morem
273 553 382 604 yessi
407 553 529 604 (inter
555 565 654 605 quos
684 566 772 592 cum
801 553 950 592 lionore
979 541 1078 591 milii
1107 564 1262 604 semper
1290 550 1558 590 nominandus

97 623 159 670 est
196 620 484 672 saqacissimus
516 620 593 669 vir,
629 621 724 660 ΒΜ
756 621 912 659 Doctor
951 620 1170 659 Gualterus
1208 618 1433 668 Needliam,
1472 621 1557 657 tam

96 687 287 727 Medicae
304 687 434 737 Artis,
453 701 572 739 quam
586 688 648 727 rei
664 688 875 727 literariae
891 687 1011 727 decus
1026 691 1065 727 et
1081 687 1198 739 laus,)
1217 690 1263 726 ut
1277 687 1378 725 milii
1394 685 1557 725 tandem

97 756 354 804 consulerem,
387 768 436 794 ac
453 756 613 807 justam
640 768 839 807 pararem
870 754 1138 807 defensionem
1150 774 1166 803 ,·
1199 767 1246 794 ea
1276 767 1415 805 nempe
1434 752 1558 805 facta

89 823 270 874 prodens
300 823 466 874 scriptis
497 823 687 874 publicis,
725 836 826 875 quae
857 823 1049 875 inqenuos
1087 822 1211 874 (quod
1239 822 1384 873 spero)
1425 833 1559 861 omnes

97 891 198 929 milii
224 894 425 942 patronos
460 890 742 930 conciliabunt.
814 891 1003 930 Caeteros
1038 890 1146 942 quod
1178 890 1338 938 attinet,
1376 891 1556 940 “eccpec-

99 958 192 998 tabo
227 958 413 997 scilicet”
459 957 805 1009 (quemadmodum
851 961 967 997 acute
1006 958 1214 997 Romanus
1253 955 1553 1008 Pliilosoplzus,)

100 1028 184 1065 “ut
218 1026 430 1077 quicquam
466 1026 691 1065 calumniae
725 1026 779 1065 sit
813 1038 988 1075 sacrum,
1025 1025 1089 1064 cui
1123 1037 1195 1064 nec
1226 1025 1408 1063 Rutilius
1441 1036 1558 1063 sacer

86 1091 190 1145 suit,
224 1106 295 1132 nec
331 1094 431 1132 Cato
446 1093 498 1132 .?'’
558 1093 726 1146 [Senec.
759 1094 824 1133 De
864 1094 959 1132 Vita
993 1093 1139 1142 Beata,
1175 1105 1208 1132 c.
1246 1091 1332 1144 18.]
1402 1091 1449 1131 Si
1489 1091 1558 1143 qui

97 1160 235 1212 itaque
273 1160 543 1211 reperiantur,
580 1173 677 1212 quos
708 1173 815 1211 prae
854 1161 1105 1199 immanitate
1141 1159 1318 1213 quadam
1353 1171 1402 1198 ac
1442 1171 1557 1210 aspe-

97 1227 224 1267 ritate
269 1231 442 1266 naturae
489 1228 739 1266 conciliandi
779 1227 903 1266 libido
952 1227 1084 1266 adliuc
1130 1227 1352 1275 incesserit,
1399 1230 1559 1266 rectene

99 1308 154 1334 an
187 1308 300 1334 secus
333 1295 567 1346 scripserim
599 1295 712 1334 haud
741 1295 1001 1334 aestimantes
1034 1307 1162 1346 aequa
1195 1295 1322 1343 lance,
1357 1294 1426 1346 qui
1458 1293 1559 1333 vitio

99 1363 241 1402 statim
274 1365 448 1410 vertunt,
484 1362 521 1401 si
552 1363 642 1414 quis
673 1363 765 1401 nori
802 1362 970 1414 aliquid,
1007 1361 1058 1400 ab
1093 1361 1178 1400 illis
1212 1374 1292 1400 non
1316 1361 1439 1412 prius
1474 1361 1559 1400 dic-

101 1433 197 1480 tum,
234 1430 298 1469 vel
337 1430 461 1469 etiam
501 1429 742 1478 inauditum,
780 1429 824 1468 in
858 1429 1032 1469 medium
1068 1427 1260 1480 proferat
1272 1445 1285 1474 ;
1333 1428 1563 1480 hujusmodi

100 1510 171 1550 eyo
203 1497 382 1537 homines
417 1510 541 1549 aequo
576 1510 638 1537 me
673 1498 807 1536 animo
841 1497 1018 1536 laturiam
1049 1509 1165 1548 spero
1184 1513 1196 1535 .-
1231 1499 1338 1535 certe
1368 1496 1560 1536 convitio-

100 1578 191 1605 rum
223 1578 381 1605 serranz
415 1565 647 1617 neutiquam
678 1564 951 1616 reciprocabo.
1013 1564 1126 1604 Illud
1158 1567 1316 1603 tantum
1351 1577 1560 1615 opponam,

100 1633 188 1673 viro
222 1633 454 1673 Christiano
484 1646 582 1672 sane
602 1633 862 1685 perdiyniini,
892 1632 1000 1684 quod
1027 1632 1122 1672 olim
1154 1631 1268 1670 Titus
1299 1631 1464 1671 Tacitus
1494 1630 1561 1670 ob-

103 1701 295 1740 trectanti
321 1700 489 1740 Metello
517 1701 687 1752 reyessit
704 1718 714 1738 .·
750 1700 926 1739 “Facile
953 1703 1013 1739 est
1039 1699 1083 1739 in
1112 1712 1174 1738 me
1199 1699 1345 1746 dicere,
1368 1711 1456 1738 cum
1482 1711 1562 1738 non

101 1770 177 1807 sim
196 1781 484 1820 responsurus:
518 1772 561 1807 tu
582 1768 765 1808 didicisti
785 1767 1024 1807 maledicere
1040 1783 1052 1813 ;
1084 1780 1168 1819 (390,
1187 1766 1431 1806 conscientia
1448 1769 1559 1815 teste,

103 1835 230 1875 didici
249 1836 467 1876 maledicta
488 1839 749 1876 contemnere.
811 1836 859 1875 Si
880 1839 924 1875 tu
944 1835 1104 1887 linquae
1126 1837 1219 1873 tuae
1240 1834 1420 1873 dominus
1441 1847 1494 1882 es,
1516 1837 1561 1872 ut

100 1904 295 1956 quicquid
322 1903 429 1943 lubet
458 1903 646 1955 effutias;
680 1916 750 1955 eqo
782 1904 942 1942 aurium
971 1915 1151 1942 mearum
1180 1915 1268 1941 sum
1299 1902 1494 1950 dominus,
1516 1904 1562 1940 ut

103 1971 297 2023 quicquid
333 1971 536 2011 obvenerit
581 1971 752 2011 audiant
792 1970 1079 2023 inoffensaee.”
1139 1971 1276 2022 Atque
1315 1971 1415 2009 liaec
1453 1973 1559 2018 sunt,

104 2052 272 2091 quorum
302 2039 431 2078 victus
451 2039 634 2090 pondere
653 2039 824 2078 Librum
850 2040 955 2078 liunc
986 2040 1072 2079 luce
1100 2038 1330 2078 donandum
1360 2051 1444 2078 esse
1473 2051 1561 2077 sen-

104 2107 265 2146 tiebam.

167 2175 257 2213 Tibi
290 2187 396 2224 vero,
437 2175 683 2214 Cliarissime
725 2175 808 2224 Vir,
850 2174 1016 2214 eundem
1054 2174 1284 2213 dedicatum
1318 2174 1437 2223 volui,
1479 2176 1563 2212 tum

104 2241 153 2281 ob
188 2245 380 2290 mutuam,
413 2255 491 2293 qua
532 2255 603 2281 nos
638 2242 807 2281 invicem
842 2242 1152 2292 complectimur,
1190 2240 1414 2279 amicitiam
1450 2239 1562 2279 bene-

103 2309 395 2361 volentiamque
408 2327 421 2355 ;
453 2313 537 2349 tum
557 2309 681 2349 etiam
707 2309 802 2361 quia
826 2322 939 2348 nemo
965 2308 1018 2348 Te
1044 2308 1186 2347 melius
1200 2307 1395 2359 judicare
1414 2307 1562 2356 valeat,

104 2377 142 2416 si
162 2391 237 2430 quo
264 2378 307 2417 in
328 2378 412 2417 loco
441 2381 512 2417 aut
533 2378 672 2429 pretio
699 2376 907 2416 habendae
932 2377 1016 2415 sint
1046 2388 1146 2428 quas
1173 2375 1240 2414 liic
1267 2375 1385 2414 trado
1407 2373 1562 2415 Obser-

104 2444 318 2495 vationes3
350 2458 439 2485 cum
475 2458 557 2497 per
600 2445 863 2497 septennium,
908 2444 1016 2496 quod
1046 2444 1141 2496 jam
1183 2443 1325 2482 ultimo
1365 2442 1561 2491 excurrit,

95 2513 223 2564 plura
244 2526 265 2553 e
278 2514 517 2565 praecipuis
541 2517 662 2566 atque
689 2512 989 2565 insignioribus,
1013 2524 1114 2564 quae
1140 2513 1347 2562 sequentes
1373 2509 1563 2550 eoeliibent

95 2582 298 2634 pagellae,
344 2582 442 2621 Tute
481 2583 605 2622 etiam
649 2582 774 2621 oculis
820 2581 1091 2633 usurpaveris.
1164 2578 1233 2618 Uti
1271 2591 1364 2617 vcro
1410 2591 1458 2617 ea
1501 2578 1562 2617 Tu

105 2661 147 2689 es
166 2663 321 2689 morum
347 2650 582 2702 inteyritate
600 2639 885 2701 probitateque
911 2648 1135 2696 notissima,
1156 2651 1201 2686 ut
1220 2646 1364 2698 reliin
1390 2645 1480 2685 Tibi
1505 2647 1561 2686 sit

95 2716 212 2768 fictis
242 2717 581 2757 insinuationibus
613 2717 716 2756 alios
750 2717 794 2756 in
825 2729 1003 2756 errorem
1025 2716 1230 2767 pellicere,
1268 2714 1458 2767 (maoez‘me
1491 2714 1561 2753 ubi

106 2784 156 2824 de
185 2786 293 2825 corio
323 2786 496 2824 liumano
523 2785 688 2836 aynan)
723 2785 784 2824 ita
816 2797 864 2823 ea
894 2783 1017 2823 etiam
1039 2783 1172 2834 polles
1205 2782 1409 2834 sapientia
1439 2785 1559 2834 atque

147 2900 160 2915 ⁶
184 2897 308 2928 Locum
339 2898 423 2937 apud
454 2898 621 2937 scriptores
653 2899 801 2937 antiquos
861 2898 966 2936 Magn.
989 2898 1107 2927 Theatr.
1130 2898 1189 2926 Vit.
1207 2897 1298 2926 Ham.
1323 2895 1445 2935 (Lugd.
1465 2895 1556 2925 1666.

106 2948 168 2969 non
204 2940 330 2975 inveni;
377 2941 415 2969 cf.
451 2946 557 2970 tamen
598 2941 800 2981 Beyerlinck,
861 2939 932 2978 fol.)
949 2945 1023 2969 tom.
1041 2939 1081 2969 vi.
1099 2949 1128 2979 p.
1146 2940 1196 2969 60.
1216 2939 1257 2968 H.
