1985 3308
716 126 892 164 INDEX
920 125 1121 164 RERUM.

164 230 351 260 VAiuoLAr:
376 230 578 261 ΑΝοΜΑιΑε
605 237 780 260 Annorum
797 229 893 261 ’70—

124 273 188 309 72,
208 274 385 304 188—194.

168 315 317 345 Variolae
343 315 509 345 anomalae
534 315 646 354 nigrae
675 313 797 353 quales,
821 313 894 350 161,

125 357 197 393 162,
216 359 395 394 188—191,
411 359 494 391 2183
517 358 621 397 primo
642 356 822 392 atrociores,
843 355 892 385 ul-

123 399 202 429 timo
232 410 316 429 anno
338 400 494 439 benignae
519 403 594 429 sunt
620 398 721 428 factae
746 402 893 437 respectu

122 441 260 480 generis,
279 443 349 478 188,
369 443 437 477 189,
457 442 526 477 191,
544 442 626 476 219;
652 450 709 470 cur
723 442 891 480 dysenteri-

122 494 175 513 cae
187 489 328 520 vocatae,
344 485 399 514 161
415 496 422 518 3
448 484 616 513 distinctae
633 482 792 522 quomodo
804 493 821 512 a
836 492 891 512 va-

125 525 214 555 riolis
235 526 371 566 regular.
391 526 482 556 discr.
503 526 622 555 suerint
645 525 894 558 discriminatae,

125 568 203 603 1893
242 569 374 604 curatio,
406 573 437 598 et
464 568 577 603 diaeta,
610 568 665 597 191
683 579 689 601 3
729 567 894 596 anomalae

123 610 216 640 confi.
232 610 391 650 quomodo
412 621 430 640 a
451 610 650 649 regularibus
665 609 758 639 confi.
776 609 892 638 discre-

122 657 244 691 parent,
262 653 332 689 189,
350 653 422 688 190,
442 653 518 687 1943
537 652 694 692 quomodo
707 662 725 681 a
737 651 894 681 morbillis

123 698 155 724 et
179 694 369 734 erysipelate
396 695 680 733 distinguerentur,
709 694 789 728 19ος
829 693 892 722 dis-

125 736 247 766 crimen
263 737 312 766 die
332 737 394 767 14¹⁰
409 737 528 772 aderat,
541 735 713 775 aliquando
733 735 818 771 17¹¹¹⁰‚
832 745 895 774 quo

126 778 178 808 die
201 779 310 818 elapso
340 779 450 809 nullus
479 779 685 814 moriebatur,
714 779 786 812 190,
813 779 893 812 2193

124 820 266 850 furfures
277 821 331 850 diu
343 821 557 851 adhaerebant
568 833 574 856 3
593 821 742 859 stigmata
757 819 896 849 foediora

124 863 159 892 in
175 868 259 899 cute,
277 864 355 898 1903
393 863 581 898 notandum,
603 863 659 892 has
678 862 816 892 variolas
840 872 896 901 per

125 905 340 944 dysenteriam
356 915 449 946 saepe
476 905 535 935 sibi
559 906 646 935 viam
668 915 806 943 parasse,
826 905 897 941 190,

169 989 359 1019 Vmuomr:
391 989 594 1020 ANOMALAE
626 998 800 1019 Ausonum
832 988 895 1026 ¹74,

126 1030 192 1068 ’75,
209 1033 390 1062 218-225.

170 1074 247 1104 Istis
260 1075 333 1104 anni
349 1075 402 1106 ’70
415 1074 546 1110 similes,
559 1075 632 1109 218,
649 1075 710 1103 220
726 1086 732 1108 3
750 1073 896 1112 pluribus

126 1120 234 1146 tamen
258 1117 463 1151 dissidebant,
481 1117 561 1151 2193
592 1117 666 1146 hinc
690 1116 812 1155 species
838 1125 895 1145 no—

125 1169 166 1188 va
182 1158 372 1189 videbantur
385 1169 424 1189 ex
439 1159 648 1198 praecedente
661 1159 802 1194 suborta,
815 1158 876 1188 219
889 1170 896 1193 3

125 1201 276 1240 pustulae
293 1201 416 1241 quales,
431 1202 512 1235 2193
538 1201 695 1236 salivatio,
711 1210 835 1230 necnon
854 1200 898 1230 fa-

126 1243 187 1273 ciei
210 1253 246 1273 ac
270 1253 427 1273 manuum
451 1247 569 1279 tumor,
589 1243 642 1273 hic
659 1253 786 1283 quoque
809 1243 896 1272 salu-

127 1289 221 1321 tares,
237 1287 317 1321 2243
336 1291 408 1326 post
423 1285 508 1315 diem
525 1287 624 1315 20m¹¹¹¹¹
640 1286 744 1315 adhuc
761 1285 897 1315 trucida-

126 1327 215 1363 bant,
230 1329 311 1363 219;
336 1328 534 1358 confluentes
549 1333 671 1368 pestem
688 1327 828 1367 pernicie
844 1337 896 1357 ae·-

125 1379 257 1410 grorum
273 1370 337 1400 sere
352 1371 542 1410 aequabant,
558 1372 615 1400 221
628 1383 634 1404 3
652 1380 710 1399 nec
726 1375 833 1399 tamen
849 1370 896 1399 ni-

126 1412 154 1442 si
170 1417 314 1442 maturae
329 1413 497 1448 necabant,
515 1414 594 1448 2193
627 1412 653 1441 si
670 1412 824 1442 discretae
839 1411 897 1441 ali-

127 1455 255 1494 quando
269 1455 384 1491 forent,
400 1465 462 1485 non
478 1455 602 1494 pejores
618 1459 708 1484 erant
721 1454 802 1490 aliis,
815 1455 874 1484 221
889 1465 896 1489 3

126 1497 258 1533 curatio,
282 1497 363 1532 2213
389 1497 521 1538 spiritus
546 1497 664 1527 vitrioli
687 1497 721 1526 in
746 1496 796 1526 his
822 1506 898 1526 usus

126 1539 282 1579 egregius,
300 1540 373 1570 222.

169 1581 344 1612 Vamoms
361 1580 448 1621 (Dn)
466 1581 774 1617 Connussmssus,
792 1582 898 1611 332—

171 1665 377 1696 Confluentes
392 1666 550 1706 pessimae
574 1676 657 1696 anno
674 1666 722 1696 ’81
743 1665 897 1705 epidemi-

127 1718 183 1738 cae
219 1709 303 1738 fiunt
335 1708 484 1744 Londini,
515 1710 595 1744 3323
632 1708 898 1738 exanthematum

127 1751 295 1780 confluxus
308 1751 501 1780 incitabatur
513 1751 595 1781 ae‘ris
608 1750 807 1790 intemperie,
819 1752 897 1786 3323

127 1798 199 1834 post
219 1793 420 1833 eruptionem
443 1803 558 1833 corpus
579 1793 670 1832 copia
693 1793 898 1833 pustularum

128 1835 304 1871 calefiebat,
319 1837 400 1871 3483
425 1845 488 1875 quo
503 1835 642 1865 sedatior
664 1840 732 1865 erat
755 1835 896 1874 sanguis,

129 1888 165 1908 eo
186 1878 323 1917 majores
345 1882 376 1907 et
397 1878 507 1907 minus
526 1878 723 1907 confluentes
738 1877 898 1917 pustulae,

129 1921 212 1955 3483
238 1920 421 1960 paregorica
442 1919 675 1950 medicamenta
696 1924 786 1949 erant
807 1919 899 1959 quasi

129 1963 287 2002 specifica,
304 1964 376 1992 348.

175 2005 215 2034 In
238 2004 367 2034 variolis
395 2003 569 2034 tractandis
595 2003 754 2043 quomodo
778 2003 899 2033 Medici

129 2047 216 2077 fama
243 2046 452 2087 periclitetur,
476 2047 550 2082 134,
574 2048 653 2081 1353
679 2056 778 2086 quare
799 2056 838 2075 ex
859 2046 899 2076 iis

130 2089 239 2129 plures
266 2089 381 2119 divites
405 2089 582 2119 moriantur
607 2099 706 2128 quam
733 2098 898 2128 pauperes,

134 2132 213 2166 1403
239 2131 447 2161 indicationes
463 2131 591 2161 cuidam
613 2131 822 2161 fundamento
843 2141 897 2160 su-

130 2174 368 2214 perstruendae,
388 2175 466 2209 1293
499 2173 641 2204 calidum
669 2174 777 2209 nimis,
799 2183 899 2212 aeque

131 2226 167 2246 ac
182 2216 335 2256 frigidum
350 2216 456 2252 nimis,
473 2216 616 2256 regimen
632 2216 732 2252 obest,
747 2217 805 2245 221
825 2228 831 2250 3
848 2225 897 2245 re-

131 2259 270 2298 quiritur
286 2263 321 2288 ut
335 2259 501 2298 sanguinis
515 2258 657 2288 ebullitio
668 2264 900 2298 compescatur,

132 2307 163 2331 et
179 2301 384 2341 pustularum
400 2301 546 2336 elevatio,
560 2306 656 2340 atque
673 2301 765 2330 faciei
781 2306 812 2330 et
830 2310 898 2330 ma-

132 2353 235 2373 nuum
259 2348 376 2379 tumor,
399 2348 594 2383 procuretur,
620 2344 699 2379 2213
731 2343 794 2373 duo
817 2347 898 2372 tem-

131 2395 228 2426 pora3
268 2386 487 2425 separationis,
517 2390 548 2416 et
579 2386 788 2425 expulsionis,
820 2386 897 2420 1293

132 2434 273 2468 tempore
289 2428 508 2467 separationis,
524 2438 563 2458 ne
581 2428 725 2458 ebullitio
736 2428 901 2464 exorbitet,

132 2481 237 2510 neque
259 2470 356 2500 nimis
381 2470 543 2510 langueat,
563 2471 640 2505 1303
667 2480 729 2510 quo
745 2470 901 2510 separatio

133 2513 261 2548 tardior,
278 2513 373 2543 modo
396 2523 458 2542 non
481 2513 643 2551 langueat,
660 2523 696 2543 eo
712 2512 829 2542 melius
844 2512 901 2542 illa

133 2555 319 2590 absolvitur,
338 2556 407 2590 131,
428 2556 506 2590 1363
532 2555 657 2585 Natura
672 2555 731 2585 sibi
746 2555 902 2595 permissa

132 2597 300 2628 materiam
324 2597 429 2627 debito
453 2597 562 2627 ordine
587 2608 622 2627 ac
646 2598 697 2628 via
713 2597 849 2627 secernit
871 2602 902 2627 et

133 2639 275 2680 expellit,
308 2641 380 2675 131,
411 2641 470 2670 132
485 2652 492 2675 3
530 2639 668 2669 variolae
703 2640 808 2680 primo
837 2649 901 2669 non

133 2687 338 2722 erumpentes
365 2682 472 2712 minus
496 2682 666 2718 timendae,
694 2692 791 2722 quam
822 2692 903 2721 quae

133 2730 334 2765 praemature
356 2724 568 2760 retrocedunt,
589 2725 666 2760 1323
691 2725 868 2754 cavendum
886 2734 904 2754 a

134 2767 289 2807 regimine
312 2767 410 2796 nimis
433 2766 547 2803 calido,
575 2768 653 2802 1313
692 2777 731 2797 e).
755 2777 818 2806 quo
842 2766 904 2796 alia

133 2809 227 2850 plura
255 2809 351 2844 mala,
383 2809 529 2849 opposita
557 2809 707 2839 methodo
735 2819 902 2849 nunquam

134 2852 310 2887 observata,
338 2852 409 2887 131,
433 2853 510 2886 1323
550 2851 729 2882 cavendum
752 2852 861 2882 itidem
887 2861 904 2881 a

138 2894 294 2934 regimine
324 2894 531 2934 refrigerante
561 2894 657 2924 nimis
692 2904 732 2924 ne
761 2894 905 2924 ebullitio

1643 125 1718 161 653

950 227 1046 258 nimis
1060 227 1221 266 langueat,
1242 228 1302 257 132
1316 239 1323 261 3
1349 231 1379 256 et
1395 225 1543 265 pustulae
1559 225 1650 265 quasi
1667 235 1715 256 re-

949 279 1118 310 percussae
1143 269 1374 304 detumescant,
1395 269 1464 303 132,
1482 269 1540 298 221
1558 281 1564 303 3
1590 268 1616 297 si
1641 277 1716 297 con—

949 311 1118 342 fluentium
1134 316 1240 341 metus
1259 311 1340 340 adsit
1353 310 1517 345 minimus,
1532 319 1720 340 venae-sec-

950 354 994 384 tio
1011 354 1073 390 fiat,
1092 358 1122 383 et
1138 354 1310 384 emeticum
1335 353 1532 392 propinetur,
1552 353 1629 387 1323
1658 352 1716 381 ali-

950 396 1076 436 quando
1096 401 1164 425 tum
1189 395 1306 425 melius
1327 399 1509 434 erumpunt,
1529 395 1608 429 1323
1635 398 1716 424 tem-

950 448 1024 478 pore
1039 438 1238 478 expulsionis
1254 437 1402 477 pustulae
1418 436 1522 466 debito
1539 437 1632 466 modo
1648 446 1718 466 sus-

951 481 1122 517 tineantur,
1157 481 1226 516 130,
1264 481 1322 509 133
1337 492 1343 514 3
1381 479 1442 509 hoc
1472 484 1613 518 tempore
1647 478 1720 518 plus

951 523 1055 553 adhuc
1086 523 1158 559 alio,
1189 522 1368 552 cavendum
1399 532 1415 551 a
1449 521 1604 560 regimine
1633 520 1719 550 cale-

950 565 1095 601 faciente,
1123 566 1201 600 1333
1242 563 1401 604 quomodo
1426 563 1485 592 hoc
1513 567 1634 599 noceat,
1660 563 1720 592 130

951 618 1008 647 sq.,
1029 608 1099 642 136,
1116 609 1174 637 221
1191 620 1198 643 3
1223 606 1426 646 quandonam
1443 605 1588 635 cardiaca
1605 614 1719 634 conve-

951 651 1018 680 nire
1045 650 1179 690 possint,
1210 650 1289 684 1353
1325 648 1494 678 vitandum
1522 657 1561 677 ne
1588 657 1721 686 aegrum

952 692 1061 731 frigori
1078 692 1263 732 exponendo
1282 691 1481 730 eruptionem
1497 689 1721 729 impediamus,

955 736 1032 769 1343
1058 734 1131 763 hinc
1148 734 1261 764 caloris
1275 734 1391 772 gradus
1402 732 1552 772 optimus,
1566 731 1722 761 naturalis

953 781 1009 812 est,
1033 778 1111 811 1343
1150 776 1236 806 hunc
1259 775 1388 805 definire
1413 774 1549 814 gradum
1573 783 1721 813 sagacem

954 819 1119 849 Medicum
1137 818 1328 858 expostulat,
1347 822 1377 847 et
1393 827 1502 857 quare,
1520 817 1580 846 134
1595 829 1602 851 3
1628 826 1720 846 cura-

953 861 996 891 tio
1016 861 1174 900 generalis
1198 866 1271 890 ante
1294 860 1506 899 eruptionem,
1530 860 1721 894 135—1383

954 903 1057 933 diaeta
1083 903 1199 943 qualiS,
1225 904 1303 937 1363
1328 901 1589 932 calefacientibus
1610 910 1650 930 ne
1669 910 1722 930 ac-

954 945 1110 976 celeretur
1123 945 1259 985 erupti0,
1278 945 1355 979 1363
1379 944 1461 974 lecto
1485 944 1629 973 addicere
1648 948 1722 973 ante

955 988 1039 1018 diem
1064 989 1140 1024 4⁰⁸⁰,
1157 988 1290 1023 malum,
1312 987 1389 1022 1373
1428 986 1573 1016 cardiaca
1595 985 1723 1024 quando

954 1030 1144 1066 exhibenda,
1162 1030 1240 1065 1373
1274 1028 1490 1059 venae-sectio
1517 1028 1722 1068 quandonam

954 1073 1163 1109 instituenda,
1181 1074 1252 1103 138.

998 1115 1201 1145 Variolarum
1224 1114 1360 1153 regular.
1387 1113 1480 1143 discr.
1505 1111 1627 1142 curatio
1651 1121 1722 1151 spe-

955 1157 1045 1187 cialis
1064 1161 1136 1197 post
1157 1157 1368 1196 eruptionem,
1385 1157 1463 1190 1353
1489 1154 1640 1184 discretas
1657 1155 1723 1184 fore

954 1200 1039 1229 unde
1054 1205 1187 1236 constet,
1216 1201 1293 1234 1383
1318 1198 1405 1228 omni
1429 1207 1557 1238 prorsus
1579 1196 1723 1236 periculo

955 1247 1081 1278 vacant,
1098 1243 1175 1277 1393
1200 1242 1303 1271 diaeta
1319 1240 1434 1280 qualis,
1453 1241 1524 1275 138,
1543 1240 1621 1273 1393
1639 1239 1724 1278 quod

954 1284 989 1314 in
1009 1285 1060 1314 his
1082 1284 1299 1314 venae-sectio
1322 1284 1363 1312 sit
1385 1291 1629 1322 supervacanea,
1649 1282 1720 1317 139,

958 1328 1018 1356 140
1035 1339 1042 1363 3
1081 1327 1143 1357 nisi
1173 1327 1315 1366 regimen
1345 1324 1480 1355 calidius
1510 1323 1723 1364 praecesserit,

958 1370 1031 1406 139,
1050 1370 1128 1404 1403
1152 1368 1319 1408 regiminis
1338 1368 1426 1407 justo
1447 1366 1607 1397 calidioris
1629 1375 1722 1402 noxa,

958 1413 1028 1448 1:31,
1054 1412 1124 1448 133,
1149 1412 1230 1447 513;
1255 1410 1502 1441 evacuationum
1524 1418 1617 1445 noxa,
1641 1409 1723 1444 1323

954 1454 1080 1493 frigoris
1104 1458 1180 1483 sunt
1202 1454 1297 1483 etiam
1321 1456 1524 1487 nocumenta,
1543 1451 1622 1485 1343
1653 1460 1724 1480 car-

957 1496 1055 1525 diacis
1084 1496 1211 1535 quando
1236 1495 1403 1530 utendum,
1437 1495 1508 1529 135,
1542 1493 1611 1528 139,
1643 1493 1723 1527 1423

957 1538 1139 1568 cardiacum
1164 1538 1268 1578 quale,
1295 1537 1367 1573 137,
1393 1537 1471 1569 139;
1497 1544 1560 1574 quo
1582 1539 1724 1574 tempore

956 1585 1103 1619 aegrotus
1118 1580 1200 1610 lecto
1222 1579 1428 1614 addicendus,
1448 1578 1518 1613 137,
1536 1578 1616 1612 335;
1641 1576 1724 1606 lecto

958 1622 1104 1652 damnari
1120 1623 1216 1652 nimis
1241 1630 1459 1662 praepropere,
1476 1619 1568 1649 valde
1584 1623 1632 1649 est
1652 1629 1723 1658 per-

956 1665 1126 1702 niciosum,
1141 1665 1310 1696 335——337
1325 1677 1331 1699 3
1355 1663 1417 1693 loci
1433 1663 1465 1692 in
1481 1662 1562 1692 lecto
1575 1662 1725 1701 frequens

955 1707 1159 1747 permutatio,
1170 1712 1241 1738 tum
1255 1707 1288 1737 in
1303 1707 1374 1742 hoc,
1385 1710 1455 1735 tum
1470 1705 1503 1734 in
1519 1704 1581 1733 alio
1597 1714 1724 1744 genere,

957 1754 1004 1780 est
1020 1750 1231 1786 concedenda,
1247 1751 1318 1785 140,
1332 1750 1388 1778 141
1404 1760 1410 1784 ;
1437 1747 1604 1777 solvuntur
1621 1747 1727 1786 objec-

955 1793 1058 1822 tiones
1074 1803 1130 1832 pro
1146 1792 1297 1822 continuo
1313 1793 1346 1821 in
1361 1789 1485 1821 lectulo
1501 1789 1653 1819 decubitu
1670 1789 1724 1818 ob-

955 1834 1048 1869 latae,
1066 1836 1139 1871 338,
1158 1836 1232 1865 339.

999 1877 1203 1907 Variolarum
1229 1875 1365 1915 regular.
1391 1873 1483 1904 confi.
1507 1873 1628 1902 curatio
1653 1882 1724 1912 spe-

957 1918 1047 1948 cialis
1064 1924 1137 1949 ante
1151 1919 1352 1958 eruptionem
1368 1916 1516 1946 innititur
1531 1925 1579 1951 eo,
1595 1919 1631 1944 ut
1646 1925 1724 1954 pus-

956 1961 1098 1991 tularum
1138 1961 1239 1991 nimia
1279 1959 1459 1999 frequentia
1498 1962 1726 1997 praevertatur,

957 2005 1039 2039 3343
1072 2009 1141 2043 post
1171 2003 1382 2043 eruptionem,
1409 2001 1588 2035 140-143,
1618 2001 1726 2029 334-

957 2047 1018 2076 346
1034 2059 1040 2080 ;
1064 2046 1123 2076 hae
1137 2045 1333 2086 periculosae
1349 2043 1532 2079 admodum,
1547 2043 1626 2077 1403
1651 2052 1723 2081 par-

957 2088 1083 2127 egorica
1118 2090 1193 2118 11“““’
1218 2088 1268 2117 die
1297 2086 1439 2117 exhibita
1464 2090 1600 2115 mortem
1631 2094 1725 2124 saepe

957 2136 1169 2166 antevertunt,
1181 2132 1254 2165 351,
1267 2131 1347 2163 352ς
1373 2128 1553 2158 cavendum
1567 2137 1607 2156 ne
1622 2131 1723 2156 mate-

957 2173 1019 2203 ries
1034 2173 1198 2208 exorbitet,
1216 2178 1246 2202 et
1262 2171 1468 2212 pustularum
1483 2170 1646 2209 ingentem
1664 2169 1723 2199 fre—

958 2216 1123 2255 quentiam
1144 2219 1297 2255 procreet,
1315 2215 1387 2249 334,
1406 2214 1478 2248 340,
1496 2213 1568 2247 347,
1588 2213 1668 2246 353;
1694 2216 1726 2241 et

957 2263 993 2288 ut
1009 2258 1181 2298 spirituum
1198 2257 1397 2287 inordinatus
1408 2260 1524 2290 motuS,
1541 2254 1580 2284 ab
1595 2253 1723 2283 inflam-

957 2301 1096 2330 matione
1111 2300 1251 2341 partium
1267 2304 1470 2329 externarum
1491 2301 1522 2327 et
1535 2296 1625 2336 puris
1641 2296 1722 2326 acri-

955 2343 1064 2373 monia
1093 2343 1260 2378 excitatuS,
1289 2344 1518 2380 compescatur,
1546 2340 1618 2375 348,
1649 2340 1727 2375 353,

959 2386 1038 2420 3543
1078 2386 1199 2415 curatio
1235 2383 1430 2424 auspicanda
1460 2386 1508 2412 est
1537 2391 1724 2411 venae-sec-

956 2428 1041 2458 tione
1057 2433 1152 2468 atque
1168 2427 1313 2461 emetico,
1325 2426 1385 2457 347
1399 2438 1406 2461 3
1431 2429 1461 2454 et
1478 2423 1593 2464 spiritu
1606 2423 1726 2453 vitrioli

956 2470 989 2500 in
1006 2474 1093 2510 potu,
1111 2470 1191 2505 3473
1216 2469 1390 2509 ptyalismo
1408 2467 1613 2507 potissimum
1628 2465 1724 2505 perfi-

958 2513 1051 2548 citur,
1071 2514 1150 2548 141;
1176 2522 1194 2542 a
1215 2511 1423 2541 fundamento
1446 2513 1531 2539 recte
1555 2512 1610 2538 aut
1633 2518 1726 2537 secus

958 2555 991 2584 in
1022 2555 1134 2595 primis
1163 2554 1275 2584 diebus
1308 2554 1396 2593 jacto
1425 2551 1565 2581 maxime
1598 2550 1725 2590 pendet,

959 2598 1040 2632 3363
1078 2597 1261 2637 paregorica
1297 2596 1330 2625 in
1359 2595 1410 2624 liis
1440 2593 1531 2633 quasi
1562 2592 1723 2632 specifica,

959 2641 1040 2675 3483
1080 2639 1141 2669 nisi
1171 2639 1234 2668 sint
1259 2638 1397 2667 infantes
1423 2636 1477 2675 qui
1503 2635 1725 2674 corripiantur,

962 2683 1032 2717 142,
1045 2683 1118 2718 349,
1133 2683 1192 2711 353
1206 2693 1212 2715 3
1237 2690 1301 2720 quo
1315 2685 1456 2719 tempore
1469 2677 1571 2708 morbi
1584 2677 1726 2717 primum

959 2725 1148 2760 exhibenda,
1181 2723 1239 2753 351
1255 2735 1262 2758 3
1300 2732 1375 2762 prae
1409 2721 1480 2751 aliis
1516 2720 1727 2760 ptyalismum

961 2771 1158 2807 promovent,
1176 2767 1234 2796 141
1249 2778 1256 2800 3
1280 2774 1391 2795 eorum
1406 2763 1621 2793 exhibitorum
1637 2771 1726 2791 com-

961 2809 1065 2845 moda,
1087 2810 1164 2844 1423
1181 2807 1438 2848 paregoricorum
1456 2805 1631 2845 quantitas,
1649 2805 1727 2840 3523

962 2851 1147 2892 exemplum
1171 2860 1280 2881 eorum
1303 2849 1519 2879 exhibitorum
1541 2847 1573 2877 in
1590 2846 1729 2887 quodam

966 2894 1090 2930 Crosse,
1109 2895 1192 2928 3503
1222 2892 1450 2933 epispasticum
1472 2899 1535 2929 quo
1556 2889 1606 2919 die
1624 2888 1727 2929 appli-
