1985 3308
280 140 803 184 OBSERVATIONUM
840 139 1215 179 MEDICARUM
1249 144 1288 177 V.
1316 147 1348 176 4.
1461 142 1540 180 221

85 252 171 292 tavi
194 252 232 291 V
236 250 398 300 ariolas,
415 247 707 303 praecedentis
729 246 1045 287 constitutionis
1063 246 1244 286 Variolis
1266 245 1393 286 fuisse
1415 246 1543 285 simil·
1564 252 1750 283 meuas

85 320 219 368 limas,
242 319 323 359 nisi
351 318 462 372 quod
488 321 531 357 et
552 315 795 357 crassiorem
817 319 1029 364 naturam,
1053 319 1095 355 ct
1121 314 1391 367 putredinem
1418 315 1543 367 longe
1563 295 1747 367 Ᾰλζζζζὶζὶῐζί

84 387 374 437 intensiorem,
411 385 598 426 redolere
633 383 890 424 viderentur.
953 382 1120 424 Quibus
1156 383 1283 423 etiam
1321 383 1373 423 de
1409 383 1543 423 causis
1585 380 1745 432 ‘742753

85 455 261 506 duabus,
284 455 358 495 ubi
380 453 609 495 admodum
637 452 911 501 confluerent,
933 451 1074 505 plures
1097 451 1207 491 Orco
1236 450 1394 491 dabant
1417 466 1544 505 quam

84 523 242 576 species
274 523 355 562 alia
386 521 598 575 quaelibet
634 534 759 574 quam
794 519 900 560 mihi
934 519 1140 559 hactenus
1171 517 1312 559 videre
1348 518 1542 571 contigit,

83 595 125 632 et
150 591 200 643 (si
217 590 318 644 quid
334 604 428 630 meo
446 589 604 643 judicio
625 587 902 629 tribuendum
924 587 1006 639 sit,)
1027 591 1190 640 pestem
1206 587 1353 640 ipsam,
1371 601 1447 640 pro
1463 601 1542 626 nu-

81 672 198 699 mero
219 658 377 699 scilieet
399 663 681 711 aegrotorum,
702 655 888 710 pernicie
916 655 1158 709 aequabant
1170 672 1182 705 3
1214 655 1325 704 licet,
1347 654 1423 694 ubi
1444 654 1541 694 Dis-

81 731 220 767 cretae
246 726 507 776 invaderent,
531 724 645 765 haud
673 724 827 765 certius
858 724 1125 764 intentarent
1146 723 1382 777 periculum
1413 737 1540 776 quam

83 795 166 835 alia
193 795 362 848 quaevis
391 794 561 848 species,
588 798 630 833 et
657 797 747 833 tam
777 792 1046 846 pustularum
1074 791 1385 844 magnitudine,
1413 805 1540 844 quam

80 863 230 913 colore,
254 863 428 915 aliisque
450 860 793 910 circumstantiis,
815 860 917 901 boni
938 874 982 900 sc
1003 859 1132 900 moris
1153 873 1243 900 esse
1264 859 1511 900 faterentur.

143 930 223 985 [5.]
263 931 537 971 Curationem
563 928 676 982 quod
697 929 864 978 attinet,
889 929 978 982 jam
1001 943 1025 968 a
1045 928 1192 968 multis
1217 927 1339 968 annis
1360 927 1538 968 miratus
1558 940 1730 972 Ocnum.

79 1013 174 1039 sum
213 999 493 1039 indicationes
528 998 653 1052 plane
694 997 940 1047 contrarias,
978 1011 1080 1050 quas
1120 997 1189 1037 hic
1224 996 1330 1036 inihi
1364 995 1537 1036 morbus
1558 989 1741 1031 Iudicat—ib?

79 1067 339 1107 subinnuere
374 1066 596 1107 videbatur
607 1082 619 1116 3
660 1065 761 1105 hinc
792 1065 906 1105 enim
947 1065 1040 1105 luce
1077 1065 1229 1105 clarius
1256 1064 1350 1114 fuit,
1379 1078 1404 1104 a
1439 1064 1536 1104 cali-
1555 1044 1729 1116 ggfitsr'fflaes

78 1134 182 1175 diori
226 1134 431 1188 regimine
477 1138 765 1188 symptomata
805 1146 911 1186 quae
956 1147 980 1173 a
1024 1132 1156 1172 nimia
1200 1132 1537 1173 inflammatione
1556 1129 1709 1202 15ιὲῑὲὲῇῖὲῑέ-

77 1204 280 1257 pendent,
308 1204 453 1244 statim
483 1202 671 1256 produci,
697 1202 849 1242 febrim
881 1202 1053 1252 scilicet,
1080 1201 1322 1256 phrenesin,
1350 1202 1538 1242 maculas
1555 1214 1622 1245 bus.

76 1286 320 1325 purpureas,
350 1276 391 1311 et
423 1271 587 1321 similia,
618 1270 770 1324 quibus
806 1270 874 1311 hie
903 1270 1076 1310 morbus
1107 1284 1207 1323 prae
1238 1270 1412 1310 caeteris
1445 1270 1536 1323 qui-

75 1339 239 1392 busque
260 1344 323 1379 est
345 1338 578 1388 obnoxius3
610 1338 710 1378 inde
732 1352 828 1378 vero
848 1338 1041 1391 regimen
1061 1338 1178 1391 justo
1199 1337 1393 1390 frigidius
1414 1338 1535 1378 faciei

75 1421 368 1460 manuumque
388 1406 755 1456 intumescentiae,
774 1420 881 1459 quae
902 1406 971 1446 hic
992 1406 1181 1459 apprime
1202 1411 1265 1446 est
1286 1406 1534 1455 necessaria,

76 1475 253 1525 officere,
276 1479 318 1515 et
338 1475 531 1529 pustulas
552 1474 809 1514 flaccidiores
833 1473 1022 1515 reddere.
1084 1474 1316 1527 Postquam
1336 1473 1440 1514 haee
1462 1473 1536 1514 diu

74 1543 342 1596 multumque
364 1542 476 1596 apud
496 1556 565 1583 me
587 1542 688 1583 satis
710 1542 833 1583 anxie
856 1542 1126 1593 revolveram,
1148 1542 1339 1583 intellexi
1358 1542 1534 1583 tandem

74 1611 245 1665 utrique
267 1611 366 1652 111110
386 1610 656 1652 incommodo
677 1610 826 1652 eodem
848 1611 974 1651 simul
993 1615 1184 1664 tempore
1209 1624 1329 1664 posse
1351 1611 1534 1661 occurri3

74 1694 200 1720 usum
236 1679 350 1720 enim
383 1693 516 1733 aquae
551 1693 649 1720 cum
679 1679 788 1720 lacte
828 1684 983 1730 coctae,
1016 1679 1238 1720 cerevisiae
1273 1679 1428 1730 tenuis,
1460 1687 1534 1720 aut

73 1748 246 1801 liquoris
283 1748 456 1789 alterius
493 1748 639 1788 similis
673 1747 955 1788 liberaliorem
986 1747 1268 1798 concedendo,
1299 1762 1428 1802 penes
1466 1762 1535 1788 me

73 1822 163 1857 erat
184 1817 403 1857 internum
424 1816 642 1869 sanguinis
658 1814 875 1872 ὀρνγασμόν
888 1816 1080 1857 fraenare
1093 1833 1104 1866 3
1137 1822 1264 1870 atque
1281 1830 1330 1857 ex
1348 1817 1536 1867 adverso,

74 1898 248 1937 aegrum
265 1885 308 1924 in
324 1885 480 1925 lectulo
492 1885 653 1938 jugiter
669 1884 911 1935 detinendo,
928 1899 983 1925 ne
998 1884 1172 1925 brachio
1189 1885 1360 1938 quidem
1376 1891 1532 1936 exerto,

73 1953 229 1994 blando
260 1953 350 2007 ejus
381 1953 516 1994 calore
547 1953 815 2006 pustularum
848 1939 1200 1994 elevationem'et
1230 1954 1350 1994 faciei
1382 1969 1532 1995 manu-

74 2035 231 2074 umque
271 2021 647 2061 intumescentiam
686 2021 877 2062 valebam
917 2035 1174 2075 promovere.
1235 2022 1388 2076 Neque
1429 2023 1534 2064 haec

74 2104 217 2130 secum
247 2090 474 2130 methodus
504 2103 695 2143 pugnare
726 2089 915 2139 videtur,
950 2090 1122 2142 sanguis
1153 2090 1281 2140 enim,
1311 2092 1532 2144 eruptione

69 2159 159 2211 jam
187 2158 320 2207 finita,
342 2157 569 2211 particulas
598 2157 882 2197 inflammatas
910 2157 954 2196 in
982 2156 1165 2209 corporis
1190 2157 1386 2197 habitum
1414 2172 1531 2199 eruc-

72 2231 184 2266 tasse
200 2225 412 2279 putandus
435 2231 510 2274 est,
528 2238 664 2277 neque
680 2225 770 2278 jam
788 2223 969 2263 stimulis
991 2223 1044 2263 ad
1065 2223 1310 2264 ulteriorem
1331 2225 1533 2266 materiae

73 2292 350 2333 secretionem
384 2292 598 2345 indigere:
635 2291 696 2331 ita
725 2297 786 2341 ut,
819 2305 916 2331 eum
948 2291 1037 2345 jam
1071 2291 1118 2330 in
1149 2290 1298 2331 habitu
1335 2294 1531 2346 corporis,

72 2360 421 2413 maturandisque
449 2359 710 2409 abscessulis,
732 2359 793 2399 rei
824 2358 949 2399 cardo
976 2364 1176 2409 versetur,
1203 2359 1247 2398 id
1277 2364 1448 2401 tantum
1479 2362 1532 2403 sit

74 2428 286 2481 agendum
302 2429 513 2481 sauyuiuis
528 2427 712 2478 nominc,
730 2433 774 2467 ut
790 2427 945 2467 scilicet
964 2427 1135 2480 sanguis
1151 2427 1203 2467 ab
1218 2427 1418 2468 halitibus
1435 2430 1531 2470 cali-

74 2495 148 2546 djs,
164 2510 188 2535 a
203 2510 328 2536 carne
345 2496 524 2549 pustulis
542 2496 710 2536 obsessa
726 2501 837 2535 retro
855 2496 1040 2549 agendis,
1057 2502 1194 2536 sartus
1210 2502 1348 2537 tectus
1365 2512 1530 2539 conscr-

74 2569 194 2604 vetur
206 2581 217 2613 ;
241 2566 503 2616 pustularum
524 2578 634 2614 vero,
652 2569 700 2604 ut
722 2563 878 2604 blando
900 2564 1083 2617 partium
1107 2570 1375 2605 externarum
1393 2568 1529 2608 calore
1551 2585 1641 2616 Quae
1658 2587 1688 2616 j„

73 2631 126 2671 ad
148 2633 438 2673 maturitatem
461 2633 556 2673 illae
581 2632 882 2686 perducantur.
953 2633 1030 2686 [6.]
1070 2634 1095 2672 J
1100 2648 1167 2672 am
1190 2648 1298 2684 vero,
1322 2641 1419 2676 utut
1439 2637 1528 2677 fcli-
1547 2627 1722 2702 {sfiff‘ffiw

73 2699 175 2740 citer
188 2700 291 2740 mihi
304 2701 473 2742 cesserit
489 2702 592 2742 haec
606 2700 831 2741 methodus
850 2701 927 2751 (uti
944 2701 1058 2754 prius
1073 2701 1146 2754 [iii.
1162 2704 1202 2742 2.
1212 2704 1267 2742 50
1281 2704 1360 2758 sq.]
1371 2705 1524 2759 docui,)
1546 2690 1717 2745 {luentibus

72 2767 116 2808 in
139 2768 319 2809 Variolis
341 2770 430 2810 aliis
453 2769 790 2818 Confluentibus,
812 2769 855 2808 in
884 2769 972 2809 istis
993 2774 1137 2810 tamen
1165 2770 1340 2825 hujusce
1362 2773 1527 2815 Consti·
1544 2756 1722 2831 f‘e'ljssiit‘ffssoe

72 2837 247 2878 tutionis
270 2839 339 2879 illa
359 2854 426 2879 1110
449 2839 606 2889 fefellit,
626 2840 684 2880 ita
707 2846 751 2881 ut
775 2854 918 2881 eorum
944 2842 1129 2895 plerique
1151 2843 1222 2896 qui
1239 2844 1528 2888 vehementius
1546 2842 1732 2878 ‘¹¹⁰‘¹¹¹⁸‘¹‘³⁰

1546 2896 1606 2915 11011
1626 2897 1694 2925 pri]-

73 2905 319 2949 laborabant
352 2908 584 2958 interirent,
615 2908 697 2948 sive
730 2908 927 2949 methodo
959 2910 1047 2961 jain
1080 2925 1102 2950 a
1135 2925 1200 2951 ine
1232 2911 1415 2965 laudata,
1445 2915 1528 2958 sive
1546 2929 1626 2959 fecit,
