1985 3308
623 127 968 168 TRACTATUS
1001 128 1036 168 Ι.
1480 132 1564 171 445

104 247 232 274 cursu
251 232 448 287 mitigata
468 234 560 287 est,)
584 233 665 275 hoe
685 234 731 274 in
752 247 852 275 casu
873 233 907 274 si
923 247 1049 287 aeger
1070 233 1266 275 cubiculo
1286 234 1570 276 includendus
1600 244 1654 274 De
1672 244 1763 274 Pon-

105 306 181 350 est,
204 315 226 341 e
255 315 300 342 re
328 302 407 342 erit
435 306 484 342 ut
512 301 638 342 etiam
665 302 821 342 lectulo
850 302 902 342 ad
933 302 1091 355 primos
1120 302 1209 342 dies
1237 301 1413 355 aliquot,
1436 302 1572 343 donee
1591 296 1738 333 Aonii.

104 368 263 409 scilieet
286 369 440 409 doloris
454 369 722 410 vehementia
741 369 965 420 remiserit,
979 369 1094 410 idem
1110 369 1379 410 includatur:
1413 369 1573 410 etenim

103 435 286 476 lectulus
318 437 505 477 exercitii
537 437 750 478 defectum
781 437 1049 491 aliquatenus
1081 437 1293 490 supplebit
1309 454 1320 487 3
1353 451 1452 478 cum
1483 437 1574 491 ejus

103 518 206 545 usus
228 505 458 546 continuus
488 506 711 546 materiam
742 505 1004 546 morbifieam
1034 505 1252 558 potentius
1284 505 1448 558 digerat
1469 520 1574 559 pau-

104 571 163 612 cis
186 571 333 613 diebus
356 587 483 626 quam
515 573 738 614 excubatio
769 573 1114 627 aliquammultis,
1135 572 1319 614 maxime
1346 572 1574 627 incipiente

104 639 253 679 morbo
268 656 280 688 3
313 640 348 679 si
368 640 496 680 modo
514 655 639 694 aeger
656 641 815 694 absque
836 640 1112 695 leipothymia
1128 641 1304 694 aliisque
1321 640 1443 681 malis
1461 654 1573 694 sym-

104 706 306 760 ptomatis
335 721 359 747 a
387 708 586 748 carnibus
617 708 829 749 abstinere
862 714 1001 762 queat,
1032 708 1121 750 solo
1152 709 1321 762 jusculo
1350 722 1572 759 avenaceo,

104 774 302 816 cerevisia
322 775 456 825 tenui,
480 781 522 816 et
544 776 719 816 caeteris
741 777 962 830 ejusmodi,
986 782 1228 817 contentus.
1271 776 1573 817 Veruntamen

104 842 221 883 haud
241 843 529 884 omittendum
551 848 627 894 est,
650 843 778 898 quod,
797 844 831 883 si
853 844 1047 897 Podagra
1064 844 1154 898 jam
1175 845 1411 885 inveterata
1430 844 1573 895 fuerit,
1591 855 1624 886 in
1641 866 1703 895 quo
1715 866 1770 886 ex-

105 915 233 964 atque
250 924 375 964 aeger
403 911 457 951 ad
484 911 616 951 animi
645 911 841 965 deliquia,
870 912 1029 952 ventris
1060 912 1260 963 tormina,
1291 912 1572 963 diarrhoeam,
1591 899 1748 930 ercitium.

106 979 270 1033 aliaque
312 979 377 1019 his
409 979 563 1020 similia
594 984 894 1033 symptomata,
926 980 1202 1033 propendeat,
1234 981 1302 1021 vix
1337 980 1574 1021 Libitinam

105 1047 281 1088 evitabit
313 1047 366 1088 ab
400 1047 541 1100 aliquo
573 1062 923 1101 paroxysmorum
945 1048 1183 1102 jugulatUS‚
1207 1048 1241 1088 si
1262 1062 1352 1089 non
1373 1048 1573 1090 exercitio

104 1119 266 1165 utatur,
288 1114 416 1167 idque
445 1114 492 1154 in
523 1118 618 1156 aere
648 1115 843 1155 liberiore
875 1129 922 1155 ac
952 1115 1159 1169 perflabili
1186 1115 1306 1165 loco,
1340 1116 1454 1169 quod
1479 1115 1572 1156 dili-

107 1188 258 1236 genter
279 1182 706 1223 animadvertendum
731 1197 894 1234 censeo,
919 1183 1089 1236 quando
1113 1197 1296 1236 magnus
1318 1183 1574 1236 Podagrico-

105 1264 203 1290 rum
234 1264 437 1290 numerus
467 1250 518 1290 iis
549 1251 846 1304 symptomatis
873 1251 964 1305 jam
993 1251 1178 1304 perierit,
1208 1251 1363 1305 quibus
1393 1251 1498 1292 haee
1527 1251 1574 1292 in

106 1317 315 1368 eubiculo,
339 1322 381 1358 et
402 1318 651 1371 praesertim
671 1319 717 1358 in
738 1319 861 1368 lecto,
878 1318 1156 1358 incarceratio
1178 1310 1348 1359 eosdem
1369 1318 1574 1359 obnoxios

105 1385 262 1427 fecerat
278 1402 290 1435 3
323 1385 395 1439 qui
424 1400 513 1426 non
542 1386 604 1426 ita
627 1390 794 1426 mature
821 1386 910 1426 fato
939 1386 1245 1426 concessissent
1277 1386 1310 1426 si
1335 1386 1574 1426 molestiam

105 1453 355 1495 vectationis
399 1467 475 1507 per
518 1455 724 1508 majorem
770 1453 855 1494 diei
888 1459 1055 1507 partem
1091 1454 1291 1494 devorare
1325 1454 1570 1495 voluissent.

107 1521 229 1563 Licet
259 1521 374 1562 enim
405 1521 476 1575 qui
507 1522 635 1562 unico
672 1527 844 1562 artuum
876 1522 1019 1562 dolore
1051 1522 1271 1575 fatigatur,
1301 1535 1344 1562 se
1377 1521 1572 1563 cubiculo

106 1590 239 1644 possit
264 1589 494 1639 includere,
515 1594 662 1630 tamen
689 1591 773 1643 qui,
795 1590 887 1630 loco
910 1589 1065 1630 doloris
1091 1589 1363 1640 acerbissimi,
1387 1590 1571 1642 aegritu-

107 1658 207 1699 dine
237 1658 413 1711 aliisque
439 1659 733 1712 symptomatis
760 1658 986 1712 praedictis
1012 1658 1191 1708 laborat,
1213 1658 1310 1698 talis
1337 1658 1571 1713 idemnimi-

107 1726 239 1767 tando
261 1740 305 1767 se
325 1726 372 1766 in
391 1726 502 1766 vitae
524 1726 751 1767 discrimen
772 1726 981 1780 conjiciet.
1027 1727 1084 1766 Et
1107 1726 1279 1779 quidem
1298 1725 1408 1766 bene
1429 1726 1570 1767 nobis·
1591 1730 1778 1812 {fisslglfficgr

1768 1797 1774 1810 ‚

107 1808 206 1835 cum
237 1794 390 1847 agitur,
414 1794 539 1847 quod,
567 1794 731 1848 quoties
763 1794 882 1834 dolor
911 1794 973 1835 ita
1002 1794 1229 1834 vehemens
1263 1798 1326 1835 est
1360 1799 1410 1835 ut
1447 1808 1572 1848 aeger
1590 1826 1737 1846 amarum

107 1866 275 1901 motum
295 1861 474 1901 tolerare
495 1876 584 1901 non
604 1862 753 1912 valeat,
774 1876 914 1915 neque
935 1876 984 1902 eo
1006 1862 1237 1902 admodum
1261 1877 1366 1916 opus
1386 1862 1541 1903 habeat
1557 1880 1570 1913 ς
1589 1857 1673 1894 lieet,
1685 1869 1775 1899 mag-

108 1928 199 1982 ipso
221 1928 376 1977 dolore,
399 1929 513 1981 quod
533 1929 843 1969 amarissimum
865 1934 928 1970 est
955 1930 1148 1970 Naturae
1172 1930 1421 1980 remedium,
1444 1944 1570 1983 aegro
1590 1906 1777 1974 isszlssletgat’re.

110 1996 163 2037 de
183 1997 270 2037 vita
293 1997 589 2050 prospiciente.
1590 1986 1744 2017 medmm.

175 2066 283 2120 [62]
322 2067 420 2108 Jam
454 2082 552 2109 vero
588 2067 700 2121 quod
733 2068 889 2109 attinet
925 2067 1144 2121 Podagrae
1186 2071 1484 2121 symptomata,
1520 2066 1570 2107 iis
1590 2033 1767 2116 {idgastiinzi

110 2136 419 2177 occurrendum
448 2142 511 2177 est
542 2152 567 2177 a
592 2137 745 2191 quibus
777 2152 901 2190 aeger
930 2137 976 2177 in
1002 2151 1253 2191 paroxysmo
1275 2137 1327 2177 de
1357 2137 1443 2177 vita
1461 2136 1570 2190 peri—
1590 2121 1777 2203 ἓξζὶξζζὸρὲῗζ

111 2203 296 2245 clitatur.
359 2205 528 2245 Horum
560 2205 744 2246 maxime
776 2205 982 2245 familiare
1018 2210 1081 2245 est
1117 2205 1342 2245 ventriculi
1375 2205 1571 2245 debilitas
1591 2215 1726 2276 gxysmo

111 2285 160 2312 ac
186 2272 379 2325 languor,
402 2286 501 2313 cum
531 2273 691 2313 ventris
721 2272 978 2313 torminibus
1008 2278 1216 2326 tanquam
1243 2287 1268 2312 a
1293 2273 1400 2312 flatu
1414 2289 1425 2323 3
1459 2272 1572 2326 quod
1591 2254 1776 2328 Υἱῖῑζξῗὲξ

111 2338 162 2378 iis
203 2339 355 2380 accidit
395 2340 468 2393 qui
507 2341 573 2380 vel
603 2341 694 2394 jam
735 2355 760 2381 a
795 2341 942 2381 multis
975 2341 1098 2381 annis
1139 2340 1360 2393 Podagrae
1401 2340 1572 2381 obnoxii
1592 2334 1761 2406 {lgssiffiitcgssli

111 2405 322 2457 vixerunt,
343 2408 408 2447 vel
429 2407 492 2458 iis,
517 2408 601 2461 qui,
624 2408 723 2448 lieet
749 2423 838 2449 non
862 2409 924 2449 ita
945 2408 1018 2448 diu
1040 2408 1192 2449 eadem
1213 2408 1469 2458 laborantes,
1491 2408 1571 2448 hoc
1592 2428 1665 2447 cum
1683 2424 1747 2449 tor-

112 2477 258 2513 tamen
285 2475 387 2514 mali
413 2475 650 2516 invitarunt
677 2490 968 2530 praepropere,
990 2476 1174 2530 liquores
1205 2476 1452 2529 spirituosos
1474 2490 1571 2516 cum
1592 2462 1734 2534 {¹1:21¹}ssss

111 2546 378 2587 tenuioribus
419 2553 462 2588 et
498 2549 682 2589 multum
722 2549 1074 2603 refrigerantibus
1115 2550 1346 2602 derepente
1382 2563 1571 2589 commu·
1591 2546 1747 2618 iiztrgami·

112 2618 267 2664 tantes,
290 2615 355 2655 vel
386 2615 614 2668 emplastra
642 2618 893 2670 repellentia
924 2617 1089 2670 aliaque
1120 2617 1433 2657 medicamenta
1453 2617 1571 2656 refri-
1593 2630 1666 2661 Qua
1683 2615 1774 2662 data>

114 2682 306 2735 gerantia
325 2683 518 2736 partibus
541 2684 702 2724 affectis
724 2685 777 2725 ad
802 2685 1051 2725 leniendum
1073 2684 1262 2724 dolorem
1284 2684 1570 2735 admoventes,
1590 2674 1733 2753 {ssfisstfn'

112 2749 227 2790 unde
248 2750 385 2791 morbi
407 2764 533 2791 causa
554 2752 796 2801 materialis,
820 2766 927 2805 quae
957 2752 1003 2791 in
1031 2756 1147 2792 artus
1177 2751 1381 2792 debuerat
1403 2752 1570 2806 deponi,
1594 2757 1633 2787 Ei
1651 2759 1739 2789 miti-

112 2816 159 2857 in
178 2817 337 2858 viscera
357 2818 558 2872 rejicitur.
621 2819 765 2859 Multa
796 2825 964 2872 egomet
990 2825 1188 2872 expertus
1220 2833 1312 2859 sum
1335 2820 1380 2860 in
1410 2825 1570 2873 postre-
1589 2802 1778 2875 {³:33¹ssssss

113 2899 280 2926 morum
302 2900 512 2927 annorum
535 2887 794 2940 paroxysmis
817 2886 865 2927 ad
896 2887 1181 2940 mitigandum
1202 2887 1282 2928 hoc
1304 2893 1543 2942 symptoma
1560 2906 1570 2938 3
1592 2895 1774 2959 ξξξῐςῗηέοξζ
