1985 3308
596 133 942 174 TRACTATUS
975 134 1012 174 Ι.
1448 138 1531 176 -1-13

78 240 234 291 nando,
261 240 555 295 phaenomena
584 240 770 280 multum
801 243 902 280 sunt
933 239 1096 280 diversa
1127 253 1152 280 a
1178 240 1267 293 jam
1300 239 1531 294 descriptis.
1560 256 1614 286 DE
1634 257 1721 287 Pon-

77 309 193 349 Nam
215 323 312 349 cum
331 308 536 348 hactenus
558 307 677 348 dolor
696 306 874 360 pedibus
890 310 1061 347 tantum
1077 306 1206 347 fuerit
1226 307 1418 357 infestus,
1446 309 1533 361 (qui
1592 309 1694 330 ‘³⁰⁸³-

76 376 289 430 peccantis
312 375 512 416 materiae
540 375 658 415 sedes
687 379 787 415 sunt
815 374 1015 427 genuina,
1039 388 1146 427 quae
1167 388 1265 414 cum
1286 374 1387 414 alias
1411 389 1531 427 quas·
1548 368 1734 442 ἐξζξὲῐζξὲἶ

76 443 181 484 libet
214 448 355 495 partes
388 447 577 495 occupat,
611 442 893 482 certissimum
926 446 990 482 est
1019 441 1085 481 vel
1114 441 1251 481 morbi
1284 441 1532 482 methodum
1548 453 1645 482 teriae
1662 465 1710 484 se-

76 509 284 550 inversam
316 524 417 560 esse,
448 510 514 550 vel
544 510 728 563 corporis
757 510 945 563 vigorem
976 509 1182 563 paulatim
1209 509 1299 562 jam
1331 509 1531 549 imminu·
1548 495 1733 569 ἓῗεξῗὲιῑ·

76 578 200 629 tum‚)
235 578 325 630 jam
365 578 507 630 itaque
547 592 712 628 manus,
750 591 908 630 carpos,
945 577 1123 627 cubitos,
1160 590 1312 629 genua,
1350 577 1534 630 aliasque
1550 589 1623 619 Jam
1640 592 1724 621 vari-

75 644 270 697 regiones
301 649 491 698 occupat,
523 659 573 685 ca
602 646 704 698 jam,
738 645 846 685 sicut
877 645 1005 698 pedes
1037 645 1138 685 olim
1169 644 1343 695 solebat,
1376 645 1534 685 discru-
1551 642 1739 713 {Zsctsssspggffis

77 713 206 753 cians.
268 712 534 765 Quandoque
560 713 675 753 enim
699 727 834 753 unum
864 713 1055 766 phu·esve
1087 713 1241 766 digitos
1269 712 1535 766 distorquens
1552 722 1658 757 cupat.

75 780 275 820 fasciculo
302 780 492 820 radicum
520 780 761 833 pastinacae
789 781 945 821 similes
977 794 1046 821 cos
1076 780 1228 830 reddit,
1249 785 1371 821 motu
1391 781 1535 834 paula·
1553 771 1739 854 ἓὲᾱξξέῗζε

76 848 156 889 tim
180 847 360 901 privans,
382 848 640 901 tandemque
672 849 963 889 concretiones
994 849 1104 888 circa
1135 848 1408 889 articulorum
1431 848 1536 901 liga·
1552 862 1692 895 generat,

76 919 223 955 menta
252 915 476 968 tophaceas
513 930 734 969 generans,
768 930 874 969 quae
906 916 1180 956 articulorum
1216 917 1446 957 cuticulam
1475 916 1537 969 ip-

78 996 252 1035 samque
273 987 415 1022 cutem
447 982 752 1033 destruentesd,
777 983 914 1023 nudos
941 984 1092 1036 tophos
1123 988 1282 1024 cretam
1309 984 1374 1024 vel
1395 983 1538 1024 oculos

78 1064 327 1091 cancrorum
342 1051 787 1100 aemulantes‚acicula
803 1051 1024 1101 eruendos,
1041 1051 1266 1092 exhibent‘i
1281 1051 1538 1105 conspectui.

77 1118 404 1171 Nonnunquam
434 1119 613 1158 materia
642 1118 840 1158 morbum
867 1119 1138 1159 committens
1170 1119 1325 1159 cubitis
1355 1119 1540 1172 impacta
1554 1127 1587 1157 in
1603 1127 1719 1158 cubitis

77 1190 291 1226 tumorem
318 1185 543 1226 subalbum
575 1186 743 1235 excitat,
765 1186 852 1226 fere
886 1186 938 1226 ad
969 1186 1035 1226 ovi
1065 1186 1421 1239 magnitudinem,
1445 1186 1540 1239 quid
1555 1173 1739 1243 Ξῗζζῖἑᾝ-

79 1254 236 1294 sensim
265 1253 557 1294 inflammatur
588 1267 686 1294 cum
716 1253 884 1294 rubore.
945 1255 1024 1293 Est
1054 1253 1130 1293 ubi
1159 1254 1298 1293 femur
1328 1268 1538 1306 occupans
1556 1255 1640 1285 citat.

79 1334 251 1361 sensum
277 1321 448 1361 exhibet
475 1321 593 1373 quasi
623 1321 811 1374 ingentis
841 1321 1039 1374 ponderis
1071 1321 1257 1374 appensi,
1281 1321 1371 1360 sinc
1397 1321 1538 1361 dolore
1554 1297 1712 1379 {giiiiffla

78 1392 224 1429 tamen
252 1388 432 1428 notabili
445 1405 456 1438 ς
490 1394 533 1428 at
559 1402 673 1440 genu
701 1388 852 1428 exinde
879 1393 1028 1441 petens
1055 1388 1100 1428 id
1128 1388 1264 1428 acrius
1289 1393 1427 1440 mget,
1449 1402 1539 1428 mo·
1556 1383 1661 1454 &ect'itm
1678 1383 1739 1412 5¹¹¹·

77 1460 172 1497 tum
193 1469 363 1496 omnem
384 1456 596 1505 inhibens,
613 1460 662 1495 ut
680 1456 799 1509 quasi
820 1456 936 1496 clavo
952 1459 1168 1495 transacto
1188 1455 1346 1495 lectulo
1368 1456 1540 1495 affixum
1555 1435 1575 1464 P
1637 1447 1644 1454 ’

78 1537 133 1564 ne
164 1524 300 1564 latum
334 1524 470 1577 pilum
500 1538 525 1563 a
559 1524 651 1564 loco
678 1523 724 1563 in
753 1537 836 1577 quo
867 1528 930 1563 est
962 1537 1004 1563 sc
1038 1527 1164 1576 queat
1200 1523 1422 1563 dimovere.
1483 1523 1541 1563 Et

80 1592 261 1646 quando,
278 1593 343 1633 vel
364 1597 535 1646 propter
554 1593 686 1633 totius
705 1592 888 1646 corporis
909 1592 1252 1645 inquietudinem
1272 1592 1371 1632 huic
1392 1591 1541 1632 morbo

78 1661 140 1701 ita
173 1660 436 1710 familiarem,
474 1661 540 1700 vel
574 1665 755 1714 urgente
791 1661 1028 1701 necessario
1064 1660 1204 1713 aliquo
1240 1659 1350 1700 vitae
1391 1659 1539 1710 officio,

79 1742 204 1781 aeger
225 1728 403 1768 aliorum
424 1742 550 1781 opera
574 1732 637 1768 est
659 1728 904 1778 movendus,
928 1728 1045 1769 omni
1073 1728 1239 1768 cautela
1267 1741 1371 1780 opus
1397 1732 1460 1768 est
1484 1740 1540 1767 ne

79 1796 187 1837 forte
207 1797 273 1837 vel
294 1796 471 1836 minima
498 1801 639 1837 motus
662 1796 938 1836 contrarietas
961 1796 1149 1836 dolorem
1177 1800 1374 1845 accersat,
1398 1795 1470 1848 qui
1491 1809 1540 1836 eo

81 1868 252 1904 tantum
293 1863 465 1904 nomine
505 1868 645 1917 potest
680 1863 852 1904 tolerari
888 1864 1000 1916 quod
1041 1863 1263 1903 confestim
1303 1867 1538 1903 evanescat.

83 1932 204 1973 Quae
227 1931 397 1985 quidem
419 1932 602 1984 corporis
624 1931 738 1981 latio,
760 1931 822 1971 ita
852 1935 974 1971 caute
1005 1935 1046 1971 et
1076 1931 1253 1971 delicate
1284 1931 1537 1984 peragenda,

81 1999 196 2039 haud
218 1999 370 2051 exigua
389 2013 485 2052 pars
511 2003 574 2039 est
603 2012 903 2039 aerumnarum
925 1998 1077 2051 quibus
1099 1998 1294 2050 Podagra
1315 2002 1515 2038 oneratur
1527 2014 1538 2047 3

82 2068 201 2108 dolor
233 2067 347 2108 enim
377 2067 667 2107 vehementior
701 2081 789 2107 non
821 2080 896 2120 per
930 2081 1101 2107 omnem
1133 2080 1435 2120 paroxysmum
1469 2079 1539 2106 ex-

80 2135 285 2184 tenditur,
309 2134 343 2174 si
363 2134 490 2175 modo
510 2148 605 2187 pars
627 2134 778 2174 affecta
799 2134 973 2174 omnino
995 2134 1196 2187 quiescat.

147 2203 226 2257 [7]
267 2203 376 2243 Cum
392 2202 586 2255 Podagra
607 2203 787 2242 antehac
807 2216 895 2242 non
917 2202 999 2242 nisi
1017 2206 1198 2242 exeunte
1219 2201 1370 2255 hyeme
1388 2201 1539 2242 soleret
1559 2208 1619 2238 Per
1633 2218 1689 2238 an-

81 2271 292 2321 invadere,
322 2276 416 2324 post
448 2271 552 2312 duos
585 2275 721 2311 tresve
748 2284 915 2311 menses
945 2284 1021 2324 pro
1053 2284 1169 2310 more
1196 2283 1423 2320 recessura,
1450 2269 1540 2323 jam
1557 2250 1720 2332 ᾓζῖἓῖἐῖξξξ

82 2352 158 2392 per
183 2352 343 2378 annum
370 2338 587 2391 integrum
607 2343 729 2378 vexat
758 2352 945 2391 aegrum,
969 2338 1151 2391 demptis
1181 2337 1347 2378 duobus
1373 2338 1439 2378 vel
1465 2337 1540 2377 tri-
1560 2336 1654 2397 d¹ff12³t
1669 2346 1742 2375 par-

82 2405 162 2447 bus
190 2405 406 2446 mensibus
432 2406 703 2446 calidioribus
731 2411 858 2459 atque
884 2406 1063 2447 aestivis.
1125 2406 1183 2446 Et
1213 2406 1342 2459 (quod
1367 2405 1541 2458 insuper
1559 2388 1724 2418 ⁰⁸³&an

84 2478 148 2514 est
189 2473 526 2526 observandum‚)
567 2474 926 2527 quemadmodum
964 2487 1240 2528 paroxysmus
1281 2473 1416 2527 major
1456 2473 1540 2513 sive
1560 2482 1751 2530 Parqusmi

85 2539 291 2592 generalis
322 2540 412 2593 jam
444 2541 696 2593 protractior
727 2556 854 2594 quam
890 2541 991 2581 olim
1020 2541 1159 2581 fuerat
1193 2540 1449 2590 inveniatur,
1480 2539 1543 2580 ita
1559 2525 1746 2597 ξέζῐᾶξὲἒῇζὸ

84 2608 214 2649 etiam
238 2607 478 2661 paroxysmi
505 2607 577 2648 isti
604 2608 878 2661 particulares
910 2623 962 2649 ex
986 2608 1140 2663 quibus
1167 2608 1403 2660 generalior
1429 2621 1541 2647 com·
1561 2609 1718 2646 saeviunt,

83 2676 269 2729 ponitur,
303 2675 460 2728 singuli
493 2675 653 2715 diutius
686 2676 877 2716 saeviunt
890 2693 902 2725 3
935 2690 1032 2716 cum
1067 2675 1181 2715 enim
1208 2675 1387 2715 antehac
1414 2675 1542 2727 parti-

84 2744 246 2784 culares
281 2743 353 2784 isti
385 2757 473 2783 non
505 2743 619 2783 ultra
651 2757 787 2783 unum
823 2744 1055 2784 alterumve
1095 2743 1208 2783 diem
1239 2743 1541 2793 excruciarent,

80 2810 173 2865 jam
197 2811 442 2864 ubicunque
463 2809 607 2851 sedem
633 2811 780 2863 figant,
802 2811 985 2851 maxime
1012 2811 1046 2851 si
1071 2809 1198 2863 pedes
1218 2811 1283 2851 vel
1310 2824 1450 2864 genua
1477 2824 1544 2851 oc-

127 2896 142 2916 ‘¹
165 2902 290 2929 —entes
303 2919 310 2927 .
323 2919 330 2927 .
341 2921 349 2929 .
358 2899 472 2927 —bent
484 2919 491 2925 .
508 2919 514 2926 .
527 2919 533 2926 .
546 2895 615 2936 qui]
635 2896 696 2927 Sic.
715 2896 783 2926 edd.
800 2901 928 2934 recent„
945 2897 1029 2927 male
1047 2898 1122 2939 Syd.
1134 2909 1228 2929 —ens
1239 2922 1246 2929 .
1259 2921 1266 2928 .
1278 2921 1284 2928 .
1297 2899 1389 2929 -bet
1400 2920 1407 2928 .
1420 2920 1427 2928 .
1440 2920 1447 2928 .
1459 2909 1544 2938 quae.
