1985 3308
381 183 406 209 x
794 167 1050 209 THOMAE
1085 165 1427 207 SYDENHAM

224 288 322 319 Vm.
382 275 553 316 laudata
573 275 765 329 Epistola
793 275 846 315 ad
875 275 983 315 D¹¹¹¹¹¹¹
1008 275 1237 314 Doctorem
1265 272 1498 326 Mapletoft
1523 273 1561 325 (e
1590 287 1674 327 qua
1700 272 1844 314 omnia

300 337 359 340 ⁴
383 344 468 384 fere
500 358 549 383 ca
581 357 687 397 quac
718 343 769 383 de
800 341 910 383 tanti
942 341 1036 381 Viri
1067 341 1154 382 vita
1184 340 1238 382 ad
1267 345 1458 381 nostram
1489 341 1688 382 notitiam
1715 345 1842 382 'vene-

382 418 483 452 runt
511 410 747 452 haurienda
777 410 906 462 sunt)
938 408 1075 449 verbis
1102 408 1245 462 paullo
1273 414 1374 450 ante
1405 408 1599 450 adductis
1624 409 1844 463 perspicue

383 485 540 529 narrat,
570 493 626 529 sc,
648 483 743 532 post
774 477 933 530 aliquot
963 477 1010 516 in
1032 476 1321 517 Universitate
1343 477 1578 518 Oxoniensi
1607 481 1844 518 transactos

383 562 529 598 annoS,
572 547 744 587 demum
785 545 1033 586 Londinum
1076 558 1288 586 reversum
1327 546 1447 586 Artis
1494 545 1693 587 exercitio
1736 545 1844 586 serio

382 615 622 656 incubuisse
635 632 646 664 ;
700 613 812 667 quod
853 627 951 654 cum
990 613 1160 655 intento
1206 613 1437 655 admodum
1482 614 1604 656 oculo
1643 613 1845 667 omnique

382 684 572 724 adhibita
607 681 827 735 diligentia
857 681 1117 735 aliquamdiu
1152 681 1427 734 observasset,
1460 682 1505 723 in
1541 696 1636 724 eam
1667 681 1844 724 tandem

383 752 590 792 deductus
613 756 675 791 cst
697 750 967 801 sententiam,
990 751 1133 804 (quam
1155 755 1197 792 et
1214 755 1352 792 aetate
1372 751 1607 805 provectior
1621 751 1844 792 inconcus-

383 835 470 860 sam
495 819 699 872 retinuit‚)
727 822 752 840 “
769 819 880 859 hanc
901 819 1053 860 Artem
1080 819 1196 859 haud
1226 818 1384 860 rectius
1414 819 1734 872 perdiscendam
1755 832 1845 860 esse

382 903 509 941 quam
530 888 662 941 ipsius
682 887 801 928 Artis
827 887 1025 928 exercitio
1047 892 1089 928 et
1110 887 1236 927 usu.”
1299 886 1421 929 Quae
1443 887 1614 941 quidem
1634 887 1762 928 verba
1779 887 1844 928 lu-

380 955 670 996 culentissime
702 955 886 1009 probant
922 970 990 997 me
1032 970 1203 996 sensum
1237 955 1523 1010 responsionis
1557 956 1637 997 D¹¹⁰
1667 955 1845 997 Doctori

384 1023 634 1065 Blackmore
657 1023 781 1065 datae
801 1028 916 1065 recte
937 1024 1186 1078 percepisse.

434 1092 512 1146 [8.]
542 1092 714 1133 Poterat
729 1107 896 1146 quoque
909 1092 1032 1134 istius
1046 1092 1356 1134 criminationis
1372 1092 1533 1134 falsitas
1549 1092 1649 1134 inde
1661 1091 1844 1147 probari,

379 1160 493 1215 quod
513 1159 827 1214 Sydenhamius
844 1161 889 1201 in
904 1161 990 1202 suis
1008 1160 1175 1215 scriptis
1188 1161 1423 1202 multorum
1440 1166 1482 1202 et
1500 1161 1565 1202 sui
1580 1160 1784 1215 temporis
1801 1165 1844 1202 et

378 1228 526 1281 prioris
549 1229 701 1270 aetatis
723 1229 996 1270 Medicorum
1021 1229 1151 1270 libros
1174 1228 1411 1279 adduxerit,
1435 1243 1668 1283 eorumque
1688 1229 1846 1283 placita

379 1311 452 1337 sua
473 1296 604 1350 ipsius
626 1297 888 1351 experientia
909 1302 982 1338 aut
1002 1297 1263 1348 refutaverit,
1278 1302 1352 1338 aut
1375 1297 1701 1338 confirmaverit.
1758 1296 1844 1338 Sed

379 1365 483 1405 falsa
504 1365 577 1406 illa
597 1364 740 1419 opinio
762 1365 814 1406 ab
836 1364 886 1406 iis
906 1365 1176 1419 potissimum
1198 1365 1437 1418 excogitata
1463 1369 1590 1418 atque
1611 1369 1845 1418 propagata

379 1447 481 1483 csse,
505 1438 547 1474 ct
569 1433 707 1474 adhuc
735 1432 889 1474 acriter
910 1432 1094 1483 defendi,
1117 1432 1294 1484 w‘detur,
1319 1432 1391 1486 qui
1413 1446 1514 1473 suae
1534 1432 1728 1485 ignaviae
1747 1446 1843 1486 pro-

380 1500 562 1541 babilem
599 1501 785 1554 aliquam
821 1505 1034 1554 quaerunt
1074 1501 1390 1550 excusationem
1409 1518 1416 1542 :
1469 1500 1504 1541 si
1545 1501 1673 1552 onim,
1707 1500 1844 1551 aiunt,

382 1569 699 1623 Sydenhamius
722 1569 841 1610 Artis
871 1583 952 1610 usu
983 1573 1024 1610 et
1056 1569 1310 1623 scriptorum
1342 1569 1555 1610 editorum
1585 1569 1846 1623 praestantia

380 1637 470 1678 sine
502 1638 671 1691 praevio
707 1635 949 1678 Medicinae
979 1637 1121 1678 studio
1151 1642 1348 1678 accurato
1378 1637 1564 1678 nominis
1593 1636 1844 1678 immortali-

379 1709 514 1745 tatem
534 1705 704 1755 meruit,
728 1704 798 1745 alii
821 1719 988 1759 quoque
1015 1704 1196 1745 eandem
1216 1704 1327 1745 w'am
1350 1704 1501 1747 eodem
1526 1718 1626 1746 cum
1647 1718 1844 1746 successu

381 1772 553 1826 ingredi
572 1777 789 1826 poterunt.

180 1850 324 1882 Montem
447 1840 530 1896 [9.]
563 1841 718 1896 Neque
745 1840 969 1882 discendae
989 1840 1108 1882 Artis
1138 1840 1335 1882 Medicac
1366 1841 1687 1896 opportunitate
1716 1855 1844 1895 quam

179 1894 329 1978 ffifgussz‘
383 1908 599 1950 Oxonium
640 1909 939 1963 suppeditabat
976 1914 1205 1950 contentus
1244 1909 1339 1961 fuit,
1374 1910 1448 1951 sed
1487 1910 1630 1964 (Petro
1665 1909 1846 1951 Desault

179 1981 239 2011 tiit.
380 1977 536 2031 teste‘,)
563 1978 763 2019 Montcm
795 1977 1090 2027 Pessulanum‚
1112 1977 1188 2018 ubi
1211 1982 1317 2019 tunc
1340 1978 1542 2032 temporis
1573 1977 1848 2019 celeberrima

381 2050 424 2086 et
466 2046 647 2086 maxime
687 2046 958 2100 frequentata
994 2045 1147 2086 Schola
1187 2046 1359 2087 Medica
1399 2046 1590 2097 florebat,
1625 2045 1761 2100 petiit,
1795 2050 1847 2087 ut

382 2114 538 2155 Oxonii
559 2115 783 2156 collectum
807 2114 1022 2156 Scientiac
1046 2114 1244 2155 Medicae
1271 2115 1523 2156 thesaurum
1549 2115 1685 2169 magis
1706 2114 1846 2156 adhuc

380 2183 674 2237 locupletaret.
735 2183 858 2224 Adeo
878 2183 1005 2236 longe
1032 2182 1178 2224 aberat
1202 2183 1518 2238 Sydenhamius
1540 2184 1592 2225 ab
1614 2184 1732 2225 omm'
1752 2198 1845 2224 aca-

383 2251 569 2292 demicae
601 2251 885 2292 institutionis
920 2255 1184 2306 contemptu,
1217 2256 1346 2306 atque
1378 2266 1404 2293 a
1434 2266 1543 2293 vana
1574 2251 1846 2306 persuasione

384 2318 599 2359 Medicam
634 2321 787 2360 Artem
819 2333 908 2360 non
944 2319 1026 2360 nisi
1057 2334 1133 2374 per
1168 2320 1470 2374 experimenta,
1503 2334 1611 2374 quac
1643 2334 1847 2374 magnam

385 2391 551 2439 partem
573 2401 669 2428 011111
693 2388 900 2438 sanitatis,
923 2388 1028 2442 quin
1048 2388 1158 2430 vitae
1180 2388 1285 2430 adeo
1305 2389 1587 2443 plurimorum
1606 2388 1845 2440 hominum,

386 2453 542 2495 damno
564 2455 865 2507 instituuntm,
889 2456 993 2497 disci
1013 2471 1134 2510 posse
1152 2457 1160 2498 Ξ

187 2535 257 2564 Alia
275 2535 311 2564 d„-
449 2522 557 2576 [lO.]
586 2524 760 2564 Praeter
775 2524 879 2565 hacc
897 2539 1003 2578 quac
1024 2525 1127 2566 falso
1144 2524 1196 2566 de
1219 2524 1507 2580 Sydenhamio
1528 2539 1554 2566 a
1573 2525 1734 2566 coaevis
1749 2538 1846 2567 nar-

183 2578 367 2660 ζιζζξζζῖξξιζὶυ
386 2595 478 2630 rata
499 2597 612 2642 sunt,
636 2591 740 2632 illud
762 2607 942 2647 quoque,
969 2593 1305 2647 Sydenhamium
1338 2594 1551 2635 tricesimo
1584 2594 1757 2635 demum
1777 2608 1845 2634 ae-

183 2665 262 2713 rjalsft
279 2675 326 2694 re—
386 2660 485 2700 tatis
503 2675 614 2702 anuo
631 2663 749 2704 Artis
771 2663 1018 2704 exercitium
1034 2669 1217 2706 tractare
1238 2664 1436 2719 coepisse,
1458 2664 1647 2718 quamvis
1662 2664 1766 2715 leve,
1782 2669 1846 2704 ta-

184 2707 315 2737 stum*
387 2742 486 2768 men
507 2743 604 2769 cum
626 2731 792 2772 veritati
818 2732 1078 2773 contrarium
1099 2732 1166 2783 sit,
1189 2732 1357 2773 silentio
1377 2731 1659 2786 praetermitti
1683 2731 1844 2784 nequit.

390 2796 510 2837 Ilaec
532 2802 676 2838 autom
697 2798 839 2852 opinio
862 2815 982 2841 suam
1004 2800 1214 2854 originem
1230 2800 1341 2842 male
1361 2799 1578 2841 intellecto
1593 2799 1685 2840 loco
1706 2798 1845 2849 debet,

431 2913 439 2932 f
470 2917 602 2945 Trcntisc
633 2929 667 2945 nn
700 2921 750 2955 (Ιιιζ
786 2920 928 2949 1ἰίιιτ1>ιιΙ
957 2922 1087 2949 Dislcm-
1147 2921 1224 2949 John
1249 2919 1485 2955 Andrcc,st1.D.
1506 2917 1650 2951 London,
1670 2917 1760 2960 1738.
1777 2918 1845 2948 8νο.

385 2969 438 2995 per
460 2958 509 2998 ST.
533 2961 700 2989 translated
719 2959 801 2997 from
832 2964 878 2991 {hc
909 2963 1023 2993 French
1050 2964 1087 3002 7¹3!
1148 2973 1175 3002 p.
1195 2963 1266 2993 296.
