1985 3308
448 157 530 196 112
863 151 1121 194 THOMAE
1155 148 1493 191 SYDENHAM

271 275 401 306 Famus
442 260 765 314 quibuscunque
797 258 1030 312 praeceptis
1060 257 1360 298 umbratilibus
1391 253 1702 309 anteponendo,
1724 253 1896 307 phlebo-

246 318 417 390 gflsssggssfs
441 328 617 369 tomiam
641 327 834 368 similiter
855 326 1151 367 administrare
1167 339 1254 365 non
1276 322 1479 364 dubitavi.

239 403 423 433 Axxonmx
507 395 614 448 [37.]
654 393 785 434 Hunc
802 398 945 434 autem
960 393 1092 433 ritum
1112 391 1396 432 imminuendi
1408 389 1622 430 liberalius
1644 387 1897 441 sanguinem

262 445 407 481 '⁶5'’⁶⁶'
446 462 530 514 (cui
560 462 688 502 etiam
721 461 913 514 ptisanae
947 474 994 500 ac
1025 459 1189 499 diaetae
1223 458 1268 498 id
1301 472 1435 511 genus
1470 455 1760 508 refrigerantis
1794 467 1897 494 usus

442 529 645 581 accessit‚)
682 529 728 568 in
758 527 905 568 multis
937 527 1072 580 aegris
1108 527 1216 566 miro
1247 525 1439 579 profectu
1472 522 1729 572 continuavi,
1763 522 1896 562 donec

440 596 616 637 tandem
636 595 682 635 in
704 594 1009 635 nonnullorum
1030 593 1285 634 tractatione
1307 592 1429 633 solito
1451 605 1645 632 successu
1666 590 1897 630 destitutus

441 677 541 717 prae
563 663 823 703 adstantium
844 661 1066 715 protervia,
1090 660 1163 713 qui
1188 658 1456 713 praejudiciis
1477 658 1676 698 inanibus
1703 657 1898 710 occupati

442 730 631 770 debitam
681 729 901 782 sanguinis
941 728 1227 782 quantitatem
1276 726 1433 767 auferri
1481 739 1569 766 non
1610 725 1895 778 patiebantur,

239 814 376 854 Sanguis
446 798 616 849 (magno
638 796 952 848 aegrotantium
982 795 1108 844 malo,
1132 793 1298 847 quibus,
1322 793 1471 833 saltem
1497 792 1600 832 dum
1629 792 1675 831 in
1700 791 1780 832 1100
1807 805 1896 832 car-

237 856 409 928 Edifi‘ffignti
443 864 540 904 dine
562 863 738 904 curandi
769 876 918 916 scopus
940 866 1189 911 versaretur,
1213 860 1385 913 sanguis
1411 864 1484 899 aut
1517 858 1742 899 sufficienti
1763 873 1896 911 quan-

236 921 422 979 quantitate,
442 931 565 971 titate
587 935 661 970 aut
682 944 770 970 non
792 930 966 970 omnino
993 928 1280 969 detrahendus
1300 927 1469 979 fuerat‚)
1493 926 1708 979 insignem
1732 925 1896 966 obicem

236 988 369 1012 autnon
441 998 663 1039 conatibus
685 998 789 1038 meis
820 997 1061 1050 oppositum
1091 996 1227 1045 sensi3
1260 1010 1307 1036 ac
1338 995 1515 1049 proinde
1541 995 1672 1034 alium
1703 1008 1727 1034 a
1746 1007 1896 1035 venae-

235 1034 366 1054 omnmo

235 1067 401 1096 detrahess-
441 1066 626 1106 sectione
647 1065 746 1105 huic
773 1065 921 1105 morbo
953 1064 1201 1105 occurrendi
1229 1063 1404 1104 modum
1430 1062 1616 1116 reperiri,
1639 1075 1896 1116 magnopere

235 1109 306 1138 dus.
841 1132 848 1140 .
917 1132 924 1138 .
1009 1132 1016 1139 .
1491 1131 1498 1137 .
1713 1130 1719 1137 .

237 1160 345 1191 Quam
362 1159 401 1189 ob
440 1147 490 1174 ex
510 1147 591 1173 usu
611 1133 807 1172 futurum
833 1132 1033 1186 Judlcavi.
1101 1131 1210 1184 [38]
1238 1131 1503 1171 Noeument1
1529 1130 1640 1184 quod
1669 1129 1896 1183 ahquando

234 1213 365 1232 causam
438 1202 585 1242 insons
614 1200 723 1250 dedi,
745 1215 835 1241 non
856 1214 906 1240 ex
936 1214 984 1240 eo
1007 1200 1119 1252 quod
1148 1199 1401 1252 sanguinem
1423 1199 1665 1249 ademerim,
1689 1198 1762 1238 sed
1783 1199 1896 1252 quod

233 1245 423 1316 {2¹22ssssss
441 1283 491 1309 ex
520 1273 618 1309 voto
654 1268 838 1309 eundem
875 1267 1059 1308 adimere
1089 1267 1319 1320 impeditus
1354 1267 1521 1317 fuerim,
1555 1266 1795 1320 exemplum
1827 1266 1896 1307 hic

234 1329 406 1401 ξῑεῇἒζοξο-
441 1336 662 1377 adducam.
734 1336 923 1376 Vocatus
965 1335 1018 1376 ad
1054 1335 1255 1388 juvenem
1297 1334 1522 1388 quendam,
1558 1338 1896 1387 temperamento

234 1419 288 1462 ngs
306 1397 388 1462 ests
441 1404 674 1457 sanguineo
705 1417 753 1444 ac
782 1403 934 1443 habitu
956 1403 1155 1443 athletico
1176 1402 1430 1455 praeditum,
1454 1415 1580 1455 quem
1606 1401 1751 1442 Febris
1772 1402 1895 1442 vehe-

232 1456 380 1529 ,llffsssgrirff
440 1472 624 1512 mentior
656 1485 754 1511 cum
789 1471 1002 1511 doloribus
1033 1470 1182 1523 capitis
1213 1470 1493 1522 vertiginosis,
1524 1469 1687 1510 vomitu
1719 1469 1895 1520 enormi,

441 1539 616 1592 aliisque
646 1538 691 1578 id
721 1551 855 1591 genus
887 1537 1241 1591 symptomatibus
1277 1552 1302 1577 a
1330 1537 1462 1577 biduo
1495 1537 1766 1590 corripuerat,
1798 1551 1896 1578 cum

437 1607 607 1647 nullum
649 1606 793 1647 adesse
833 1606 1012 1646 tumoris
1055 1606 1227 1659 signum
1266 1606 1554 1658 interrogatus
1596 1604 1894 1658 responderet;

437 1674 584 1714 statim
605 1674 769 1714 liberali
789 1688 922 1714 manu
945 1673 1197 1726 sanguinem
1219 1673 1358 1713 emitti
1379 1672 1594 1726 imperavi,
1621 1673 1756 1726 (cujus
1777 1672 1897 1713 refri-

437 1741 573 1795 gerati
603 1742 842 1794 superficies
864 1741 1140 1794 puriformem
1167 1741 1487 1794 pleuriticorum
1509 1740 1762 1794 sanguinem
1790 1740 1896 1780 refe-

436 1808 586 1860 rebat,)
629 1809 889 1862 praescripta
924 1809 1053 1849 etiam
1086 1808 1254 1862 ptisana
1285 1822 1383 1848 cum
1418 1808 1597 1862 jusculis
1640 1822 1688 1848 ac
1721 1807 1896 1862 julapiis

435 1875 800 1928 refrigerantibus.
853 1876 894 1917 A
915 1876 1090 1916 meridie
1106 1890 1182 1929 pro
1204 1876 1389 1916 secunda
1404 1876 1492 1916 vice
1513 1889 1658 1929 parem
1675 1875 1896 1928 sanguinis

429 1943 644 1996 jacturam
677 1943 819 1993 subiit,
844 1957 927 1996 qua
957 1943 1087 1983 ctiam
1118 1948 1321 1996 sequente
1353 1957 1503 1983 aurora
1534 1943 1728 1983 similiter
1762 1943 1895 1983 mulc-

436 2014 551 2050 tatus
583 2014 659 2050 est.
723 2010 812 2050 Sub
847 2010 974 2064 hujus
1006 2015 1150 2050 autem
1181 2010 1265 2050 diei
1296 2010 1413 2050 exitu
1444 2024 1619 2063 aegrum
1651 2023 1796 2050 meum
1829 2010 1895 2050 in-

436 2076 587 2125 visens,
611 2090 708 2116 eum
736 2076 907 2129 quidem
937 2077 1073 2117 multo
1103 2077 1254 2117 melius
1283 2091 1326 2117 se
1356 2077 1526 2127 habere,
1548 2081 1590 2117 et
1618 2077 1895 2118 nihilominus

437 2145 593 2184 amicos
611 2145 700 2198 ejus
722 2144 920 2185 adversus
940 2145 1186 2185 ulteriorem
1201 2145 1585 2186 venae-sectionem
1606 2145 1758 2185 animis
1773 2145 1894 2186 vehe-

438 2216 605 2251 menter
626 2211 874 2261 obstinasse,
897 2211 1181 2266 deprehendo,
1204 2226 1332 2265 quam
1352 2217 1499 2253 tamen
1520 2226 1598 2264 ego
1628 2212 1768 2253 denuo
1789 2213 1895 2253 cele-

438 2278 645 2318 brandam
686 2292 775 2319 esse
811 2279 933 2319 enixe
966 2279 1179 2329 contendi,
1217 2292 1433 2332 superesse
1474 2279 1650 2319 alteram
1686 2279 1895 2321 duntaxat

437 2345 822 2385 venae-sectionem
855 2345 1067 2395 dictitans,
1091 2359 1197 2398 quae
1229 2359 1404 2397 aegrum
1433 2346 1480 2385 in
1508 2346 1616 2386 sicco
1646 2346 1894 2396 collocaret;

439 2411 505 2450 sin
527 2416 676 2452 contra
701 2412 783 2452 niti
806 2417 1046 2465 pergerent,
1070 2412 1201 2452 satius
1229 2412 1357 2452 fuisse
1384 2417 1433 2452 ut
1454 2413 1573 2452 nullo
1603 2413 1778 2454 omnino
1799 2427 1894 2453 san-

440 2479 569 2531 guine
610 2479 799 2520 detracto
839 2480 1002 2520 curatio
1041 2494 1116 2533 per
1157 2479 1328 2520 sudores
1368 2480 1568 2520 instituta
1601 2480 1775 2530 fuisset3
1807 2494 1895 2521 uno

439 2546 578 2596 verbo,
602 2560 777 2599 aegrum
805 2552 919 2588 certo
941 2548 1096 2588 certius
1123 2548 1413 2588 interiturum.
1475 2548 1749 2602 Praesagium
1771 2561 1894 2588 even-

442 2618 511 2653 tus
528 2614 792 2655 confirmavit
806 2631 818 2664 3
849 2629 951 2655 nam
979 2615 1082 2655 dum
1102 2615 1206 2656 haec
1232 2615 1449 2656 altercatio
1476 2616 1538 2656 rei
1559 2615 1749 2668 agendae
1776 2629 1894 2656 occa·

443 2680 605 2721 sionem
630 2682 895 2735 corrupisset,
918 2683 1108 2724 maculae
1138 2697 1374 2736 purpureae
1401 2683 1603 2736 postridie
1636 2687 1869 2737 eruperunt
1883 2699 1896 2734 ς

447 2747 666 2798 (nimirum
683 2750 885 2790 materiae
906 2751 1120 2803 peccantis
1141 2750 1342 2803 reliquiis,
1361 2764 1464 2803 quas
1484 2750 1687 2790 radicitus
1705 2749 1897 2791 evacuari

442 2814 640 2864 oportuit,
663 2829 759 2855 cum
776 2817 865 2869 jam
887 2832 1058 2859 omnem
1079 2818 1295 2859 abscessus
1316 2831 1433 2871 spem
1459 2816 1747 2870 phlebotomia
1766 2817 1895 2857 toties

446 2881 625 2932 repetita
647 2882 902 2936 abstulisset,
925 2899 1043 2927 mora
1065 2900 1140 2927 sua
1159 2886 1400 2927 universam
1422 2885 1580 2927 cruoris
1599 2898 1783 2926 massam
1802 2897 1895 2938 per-
