1985 3308
260 159 786 202 OBSERVATIONUM
818 158 1195 200 MEDICARUM
1229 164 1293 197 IV.
1320 169 1351 198 5.
1465 163 1545 202 187

77 267 158 307 bus
189 267 250 308 ita
279 272 342 308 est
372 267 550 317 exitiale,
573 271 621 307 ut
654 266 766 306 inter
792 265 1038 319 praecipuos
1069 265 1297 306 Parcarum
1329 265 1543 305 ministros
1567 279 1747 308 M‹›1‹1;11„1,1

72 335 169 389 jure
189 335 407 386 habeatur,
432 335 570 389 plures
597 334 798 388 jugulans
830 348 956 387 quam
981 333 1047 374 vel
1062 325 1181 386 >ipsae
1209 333 1389 373 variolae
1402 350 1414 384 ;
1447 348 1542 373 nec·
1566 322 1750 371 ἐΨ-Νᾷ-Ῐῗῖἶ·

78 402 181 442 dum
202 403 305 443 mihi
325 403 435 443 visus
456 407 519 443 est
537 402 609 456 qui
629 407 744 443 certa
765 401 846 442 alia
866 401 1067 442 methodo
1086 400 1223 441 eidem
1244 401 1383 454 potuit
1400 414 1542 441 occur-

77 484 182 511 rere.
244 471 362 513 Quin
377 476 419 512 et
440 470 670 521 diarrhoea,
689 484 816 523 quam
838 469 1061 510 Morbillos
1078 468 1267 522 excipere
1296 469 1339 523 [ᾧ
1355 470 1414 521 4.]
1440 468 1542 508 dixi-

77 552 185 588 muS,
208 538 543 579 venae-sectione
574 538 730 591 pariter
761 542 958 587 sanatur,
990 551 1088 577 cum
1111 536 1224 577 enim
1252 536 1452 576 halitibus
1480 536 1543 576 in-

78 606 283 647 flammati
304 606 521 659 sanguinis
549 605 595 645 in
614 605 818 646 intestina
843 605 1062 645 ruentibus
1084 610 1225 645 ortum
1248 619 1370 644 suum
1393 604 1544 644 debeat

83 673 211 727 (quod
231 674 359 714 etiam
385 674 431 714 in
458 673 693 727 pleuritide,
716 673 1076 727 peripneumonia,
1099 672 1271 725 aliisque
1304 672 1374 725 qui
1405 672 1456 712 ab
1482 672 1545 711 in-

80 741 366 782 flammatione
388 746 585 782 creantur
605 741 774 791 morbis,
801 756 881 781 usu
901 740 1044 792 venit)
1072 754 1096 781 a
1117 740 1268 793 quibus
1296 739 1367 780 illa
1394 739 1447 780 ad
1478 754 1545 779 ex-

81 809 312 850 cretionem
343 810 628 860 stimulantur,
661 810 749 851 sola
783 809 1066 850 venae-sectio
1096 808 1289 849 levamen
1321 808 1495 858 adferet,
1524 823 1547 848 a

82 891 165 930 qua
193 883 288 919 tum
312 878 572 919 revelluntur
602 892 716 919 acres
746 877 817 918 isti
846 877 1059 927 humores,
1081 882 1173 916 tum
1210 876 1337 917 etiam
1374 876 1546 929 sanguis

82 945 135 985 ad
157 944 343 986 debitam
363 945 568 999 redigitur
587 945 850 999 temperiem.

141 1010 225 1068 [8.]
259 1013 411 1067 Neque
440 1019 503 1054 est
531 1027 606 1055 cur
626 1013 718 1066 quis
749 1014 928 1053 miretur
957 1026 1024 1052 me
1053 1012 1098 1052 in
1125 1012 1282 1053 teneris
1313 1012 1545 1052 infantibus
1568 1024 1737 1054 Phlcboto-

81 1081 462 1122 venae-sectionem
483 1081 789 1122 instituendam
807 1081 993 1131 suadere,
1009 1095 1106 1121 cum
1125 1081 1297 1133 sanguis
1323 1081 1545 1133 (quantum
1567 1067 1755 1139 {ffifflffiffla

84 1162 162 1201 ego
183 1149 388 1190 hactenus
408 1149 618 1202 potuerim
644 1149 892 1202 observare,)
919 1148 1032 1188 haud
1053 1148 1195 1188 minus
1216 1153 1309 1188 tuto
1331 1163 1381 1188 ex
1403 1162 1546 1188 eorum
1567 1153 1742 1182 infantibus

86 1216 201 1257 venis
223 1231 348 1270 quam
377 1231 426 1257 ex
458 1217 701 1257 adultorum
730 1217 999 1265 ext1·aliatiu‘;
1032 1221 1073 1256 et
1100 1216 1286 1269 profecto
1314 1216 1373 1256 ita
1394 1221 1456 1256 est
1477 1216 1549 1256 illa
1567 1206 1699 1270 331¹,ss

84 1285 317 1325 necessaria
337 1290 386 1325 ut
406 1299 484 1325 nec
510 1285 784 1339 symptomati
804 1289 1050 1335 memorato,
1073 1299 1151 1324 nec
1184 1285 1272 1324 aliis
1295 1284 1548 1338 quibusdam

84 1367 189 1406 quae
228 1353 462 1395 infantibus
502 1354 687 1395 accidere
728 1354 877 1403 solent,
915 1353 1069 1394 omissa
1104 1353 1394 1406 phlebotomia
1435 1358 1549 1393 certo

83 1421 243 1462 mederi
262 1422 486 1463 valeamus.
547 1422 742 1476 Exempli
763 1422 910 1476 gratia,
935 1436 1017 1474 quo
1038 1426 1161 1475 pacto
1191 1435 1419 1474 puerorum
1448 1421 1549 1461 den-
1570 1433 1747 1480 cqnvulsio-

81 1489 281 1530 tientium
309 1490 662 1541 convulsionibus,
687 1504 790 1543 quae
812 1504 926 1531 nono
949 1489 1198 1542 decimoque
1226 1502 1373 1529 mense
1405 1503 1548 1542 super·
1570 1476 1754 1515 umuspue-

1569 1528 1674 1547 rorum
1685 1519 1757 1548 den-

81 1557 269 1608 veniunt‚
296 1558 407 1611 (cum
438 1558 703 1611 gingivarum
731 1557 1062 1602 intumescentia
1090 1557 1330 1610 doloreque,
1354 1571 1377 1596 a
1399 1557 1550 1610 quibus
1571 1561 1718 1590 tientium

84 1625 423 1679 comprimuntur
448 1626 566 1666 nervi
597 1630 722 1680 atque
752 1625 985 1676 irritantur,
1008 1625 1123 1665 unde
1155 1625 1282 1665 etiam
1313 1614 1757 1685 1)a1·oxysmi{{{³{¹5(³l¹ssfi⁰¹

84 1692 155 1733 isti
183 1695 446 1747 naseuntur,)
472 1693 561 1734 sine
582 1694 918 1735 venae-sectione
947 1707 1070 1747 opem
1091 1693 1305 1733 feremus?
1339 1707 1443 1746 quae
1466 1692 1553 1732 sola
1570 1689 1759 1761 bufffflfffisse.

85 1760 131 1801 in
166 1761 279 1803 dicto
319 1762 474 1803 affectu
509 1762 709 1816 specificis
743 1762 1061 1815 quibuscunque
1089 1762 1155 1801 vel
1187 1760 1551 1810 deeantatissimis,
1572 1743 1663 1772 opum
1691 1739 1756 1768 ω’

86 1843 192 1883 quae
211 1830 417 1871 hactenus
433 1831 668 1881 innotuere,
686 1831 812 1884 longe
829 1835 893 1871 est
910 1829 1210 1879 anteferenda,
1244 1843 1424 1882 quorum
1446 1843 1552 1868 non-

85 1898 203 1938 nulla
232 1899 462 1940 adventitio
492 1900 628 1940 calore
659 1904 815 1940 nocent
846 1899 989 1950 etiam,
1016 1904 1058 1940 et
1090 1899 1194 1939 dum
1222 1899 1388 1939 occulta
1415 1898 1553 1951 aliqua

86 1966 341 2019 proprietate
361 1967 509 2008 morbo
526 1967 735 2007 adversari
751 1967 996 2017 creduntur,
1011 1967 1236 2007 manifesto
1258 1967 1394 2007 calore
1416 1966 1553 2006 eidem

89 2033 287 2085 militant,
330 2040 456 2088 atque
507 2048 681 2087 aegrum
723 2034 777 2075 ad
826 2035 966 2087 plures
1018 2034 1246 2075 deducunt.
1328 2034 1552 2074 Praetereo

89 2101 483 2155 impraesentiarum
517 2103 668 2155 ingens
707 2102 813 2142 illud
849 2102 1045 2143 solatium
1086 2102 1197 2155 quod
1233 2101 1368 2142 adfert
1403 2116 1551 2141 venae·
1571 2111 1730 2158 {mantum

89 2170 218 2210 sectio
257 2170 469 2210 infantum
509 2170 702 2223 pertussi,
744 2171 888 2222 (quam
928 2175 1140 2210 nostrates
1175 2174 1327 2209 vocant
1362 2169 1553 2221 Hoopiny
1571 2159 1733 2233 ζξῗζζζ,1’ξζ1“

93 2238 258 2291 Couyh,)
283 2238 328 2279 in
349 2253 430 2292 qua
454 2237 643 2279 remedia
663 2237 874 2291 quaelibet
896 2236 1056 2291 pectori
1078 2236 1216 2277 dicata
1242 2236 1370 2289 longo
1390 2242 1485 2289 post
1511 2249 1553 2276 se
1573 2240 1654 2287 tussi
1669 2250 1743 2270 υοιι-

89 2305 240 2359 linquit
261 2306 483 2347 intervallo
496 2306 526 2347 d.
1573 2282 1726 2312 vulswae.

155 2374 234 2428 [9.]
273 2374 400 2416 Quod
416 2375 468 2414 de
488 2375 639 2414 horum
662 2379 1006 2428 symptomatum,
1025 2373 1235 2414 Morbiilis
1253 2371 1553 2413 decedentibus

92 2442 490 2495 supervenientium,
513 2442 731 2483 curatione
758 2443 848 2496 jam
877 2442 1069 2491 diximus,
1090 2454 1398 2493 nonnunquam
1426 2439 1553 2479 etiam

93 2510 252 2551 eisdem
284 2511 532 2552 florentibus
572 2516 712 2565 potest
754 2517 1005 2565 competere,
1038 2512 1071 2552 si
1104 2511 1306 2551 nimirum
1343 2511 1554 2562 artificiali

96 2577 146 2630 (si
165 2578 227 2618 fas
248 2583 312 2619 est
339 2579 503 2632 dicere,)
537 2585 661 2633 atque
683 2580 892 2621 adseititio
918 2579 1044 2619 calori
1069 2594 1119 2619 ea
1150 2579 1396 2619 debeantur.
1460 2578 1554 2618 Hoc

92 2660 204 2687 anno
236 2647 348 2688 1670
377 2647 579 2688 famulam
607 2648 817 2688 Dominae
845 2649 998 2688 Annae
1031 2647 1270 2699 Barington
1299 2646 1376 2686 hoe
1406 2646 1555 2686 morbo

92 2713 368 2765 laborantem,
397 2730 484 2756 una
513 2729 609 2756 cum
638 2715 768 2766 febre,
799 2715 1024 2769 dyspnoea,
1051 2714 1306 2767 maculisque
1337 2714 1556 2767 purpureis

93 2794 243 2834 eorpus
292 2797 417 2823 omne
468 2783 805 2836 deturpantibus,
858 2784 1031 2836 aliisque
1086 2782 1380 2836 symptomatis
1430 2796 1556 2835 quain

94 2849 284 2903 plurimis
318 2851 686 2904 periculosissimis,
721 2851 908 2891 medicus
939 2851 1168 2890 invisebani
1185 2868 1195 2899 3
1229 2865 1324 2890 cum
1362 2850 1559 2903 regimini

393 2935 407 2955 *¹
432 2936 482 2966 Cf.
500 2938 597 2975 Epist.
617 2937 756 2975 Rcspons.
778 2938 801 2966 I.
823 2938 835 2975 ξ
860 2937 913 2971 17;
940 2936 1074 2966 I‘ruccss.
1095 2936 1152 2965 Iul.
1172 2946 1198 2965 c.
1218 2937 1233 2964 *l
1247 2937 1268 2964 l.
