1985 3308
540 605 762 655 AMIGE
806 604 1089 667 LEOTOR,

148 758 466 800 SPECIMEN
498 759 622 801 habes
655 760 842 800 Praoeeos
881 760 1054 800 eoez'miae
1093 760 1137 800 in
1177 758 1430 799 dilectissimi
1458 756 1544 809 filii

85 825 208 867 M.D.
228 840 356 878 usum,
388 831 506 868 caute
534 831 573 868 et
604 828 819 881 diliqenter
848 829 1134 881 eoecoqitatum,
1161 841 1237 868 sua
1265 827 1394 879 ipsius
1421 840 1545 867 manu

83 895 367 947 conscriptum,
389 896 489 936 mihi
505 900 651 947 autem,
665 910 746 949 pro
757 895 1054 949 familiaritate
1074 896 1155 936 ista
1177 909 1256 948 qua
1277 908 1411 935 omnes
1431 908 1545 935 eoece-

76 963 160 1015 pit,
181 976 410 1005 concessum
434 979 460 1005 a
487 965 713 1005 clarissimo
736 964 982 1018 Sydenham,
1003 964 1091 1004 viro
1116 977 1226 1014 sane,
1248 964 1313 1004 cui
1336 964 1407 1004 vioe
1431 967 1546 1004 aetas

81 1032 270 1084 superior
289 1046 439 1086 parem
469 1033 651 1084 dederat,
679 1034 744 1074 vel
762 1037 934 1086 postera
965 1033 1116 1073 datura
1147 1035 1218 1082 est,
1249 1045 1329 1073 non
1354 1032 1470 1072 modo
1501 1032 1545 1072 in

82 1100 189 1140 Arte
202 1113 278 1140 sua
297 1101 404 1141 mira
424 1102 652 1154 sagacitate
667 1105 706 1142 et
721 1102 874 1155 inqenii
890 1101 1073 1141 acumine
1087 1100 1289 1154 singulari
1305 1100 1516 1152 conspicuo
1530 1117 1544 1147 ;

82 1167 158 1208 sed
174 1172 214 1208 et
224 1169 372 1221 probis
391 1170 570 1210 moribus
589 1173 627 1210 et
648 1170 691 1210 in
718 1171 937 1210 humanum
953 1182 1082 1222 yenus
1101 1169 1236 1209 studio
1261 1172 1300 1208 et
1321 1181 1458 1208 amore
1481 1167 1543 1208 in-

83 1236 264 1289 siynibus
284 1237 384 1277 adeo
400 1241 445 1278 ut
466 1238 578 1290 apud
596 1251 730 1278 omnes
750 1251 947 1278 summum
967 1238 1032 1278 sui
1052 1237 1263 1290 reliquerit
1285 1236 1541 1277 desiderium.

86 1304 211 1357 Cujus
232 1310 458 1358 praecepta
479 1307 573 1346 licet
600 1306 734 1346 animo
761 1319 847 1346 meo
868 1309 907 1346 et
934 1306 1014 1346 imo
1034 1309 1202 1358 pectore
1223 1304 1352 1357 infixa
1378 1305 1473 1353 sint,
1495 1318 1544 1345 ne

82 1376 218 1413 tamen
226 1373 342 1426 sorte
354 1373 529 1426 fortuna
556 1375 600 1414 in
619 1375 698 1414 mei
718 1375 847 1427 ipsius
873 1378 913 1414 et
934 1387 1148 1427 aeqrorum
1169 1373 1452 1413 detrimentum
1474 1386 1544 1412 ece-

81 1441 222 1482 cidant
241 1442 435 1482 memoria
446 1455 600 1494 parum
611 1441 717 1494 fida,
740 1443 849 1495 typis
869 1443 983 1482 haud
999 1443 1060 1482 ita
1076 1442 1265 1495 pridema
1284 1441 1543 1491 mandabam,

78 1510 377 1563 exemplaribus
403 1510 569 1551 circiter
587 1511 734 1564 viyinti
760 1511 982 1564 impressis,
1002 1514 1049 1550 ut
1074 1510 1218 1550 amicis
1239 1522 1392 1562 quoque
1415 1509 1542 1549 inser-

77 1579 217 1619 virem.
287 1578 437 1619 Nescio
470 1583 605 1620 autem
636 1593 713 1633 quo
739 1583 867 1632 pacto
901 1580 946 1620 in
977 1580 1104 1620 lucem
1138 1578 1307 1631 irrepsit
1331 1577 1543 1631 publicam

76 1647 186 1688 inter
205 1646 482 1688 Miscellanea
498 1647 675 1689 curiosa
689 1648 913 1701 superioris
933 1648 1031 1688 anni
1046 1646 1342 1699 Norimberyae
1362 1646 1540 1693 editum;

77 1716 153 1756 sed
174 1716 314 1768 inepta
339 1717 442 1757 mole
461 1716 617 1758 inutile.
678 1716 845 1757 Prodiit
866 1716 1030 1757 tandem
1057 1729 1102 1756 eo
1131 1714 1249 1755 modo
1273 1714 1474 1764 vestitum,
1495 1717 1542 1753 ut

83 1783 174 1824 Tibi
199 1785 256 1824 sit
284 1784 328 1825 in
348 1785 488 1837 quovis
512 1786 597 1826 loco
618 1789 843 1838 paratum;
865 1784 1077 1837 flymentis
1097 1783 1252 1824 cerebri
1271 1783 1388 1823 vanis
1408 1786 1447 1823 et
1465 1781 1538 1835 fu-

79 1852 220 1892 tilibus
247 1852 463 1893 sciolorum
490 1853 692 1906 dogmatis
720 1866 973 1906 nequaquam
1002 1851 1208 1905 refertum,
1231 1864 1304 1892 nec
1327 1851 1539 1903 hypothesi

69 1919 243 1972 placida
262 1920 405 1960 solidis
424 1920 484 1972 (ut
503 1920 693 1973 videtur,)
712 1921 919 1961 rationum
938 1921 1149 1960 momentis
1163 1919 1426 1972 undequaque
1446 1932 1537 1960 con-

75 1988 231 2040 stipata
251 1988 512 2041 superbiens;
544 1989 693 2028 humile
713 1991 847 2028 autem
867 1991 907 2028 et
926 1987 1149 2027 modestum
1169 1990 1360 2027 accurate
1380 1986 1538 2026 morbos

77 2057 272 2110 depinyit,
294 2060 333 2097 et
361 2057 595 2097 accuratius
623 2057 756 2097 adhuc
775 2056 983 2103 medetur;
1014 2056 1058 2096 in
1078 2056 1125 2095 id
1148 2056 1277 2096 solum
1303 2056 1537 2105 sollicitum,

75 2128 122 2164 ut
147 2124 385 2175 innotescat,
409 2123 548 2177 “quid
565 2124 736 2165 Natura
751 2123 891 2176 faciat
912 2128 983 2164 aut
999 2123 1183 2176 seratb.'’
1243 2124 1303 2165 Et
1328 2124 1378 2178 (si
1398 2138 1536 2165 verum

75 2193 184 2248 loqui
205 2193 355 2245 liceat,)
379 2193 496 2233 modo
509 2193 697 2245 partium
717 2193 820 2232 situs
840 2193 1011 2242 noveris,
1025 2195 1202 2244 pateant
1227 2192 1316 2231 Tibi
1328 2205 1409 2244 per
1426 2205 1533 2244 sym-

65 2265 258 2313 ptomata
278 2261 565 2314 aeyritudines,
592 2261 716 2315 (quod
733 2261 899 2301 assidua
920 2261 1078 2301 ediscas
1098 2260 1402 2314 observatione)
1426 2262 1536 2301 scias

74 2329 219 2370 deinde
243 2343 379 2370 veram
410 2333 450 2370 et
475 2331 695 2382 ¹qenuinam
720 2329 905 2370 medendi
935 2328 1163 2369 methodum
1185 2342 1265 2382 per
1286 2330 1464 2369 diaetam
1495 2334 1533 2370 et

65 2398 357 2449 pharmaciam
388 2399 592 2449 adhibere,
613 2398 910 2451 faelicissimus
940 2399 1022 2440 eris
1047 2400 1278 2450 Praeticus,
1307 2403 1347 2440 et
1373 2401 1464 2440 Tibi
1494 2405 1533 2441 et

73 2465 248 2518 infirmis
282 2468 430 2519 optime
460 2468 652 2507 eonsules.
715 2469 872 2508 Parum
904 2468 1068 2508 interim
1102 2468 1188 2507 Tua
1222 2466 1361 2519 refert,
1394 2472 1531 2509 utrum

72 2534 197 2574 alcali
212 2539 367 2586 peccet,
391 2549 443 2576 an
471 2536 658 2583 acidum;
689 2550 784 2577 num
815 2538 857 2576 in
886 2536 1098 2589 spiritibus
1123 2536 1380 2587 animalibus,
1409 2552 1462 2578 an
1487 2540 1530 2578 in

71 2603 159 2655 ipso
183 2605 391 2658 sanquine,
414 2609 485 2645 aut
509 2605 553 2645 in
580 2606 786 2646 recondito
815 2606 949 2658 aliquo
975 2605 1137 2655 viscere,
1161 2605 1370 2645 delitescat
1400 2606 1530 2646 morbi

70 2671 253 2718 minera;
284 2672 390 2712 unde
417 2672 466 2712 de
492 2673 703 2725 periodico
734 2674 1086 2714 iulet-mittentium
1118 2673 1250 2714 reditu
1282 2673 1396 2714 docte
1426 2676 1530 2715 salis

68 2743 109 2780 et
130 2741 297 2792 prolixe
319 2743 454 2793 possis
490 2741 698 2792 disserere,
731 2741 825 2782 dum
854 2743 1009 2782 interea
1043 2742 1132 2794 ipsa
1157 2740 1293 2793 febris
1319 2742 1406 2782 sine
1436 2743 1530 2782 ullis

69 2807 316 2860 ambayibus,
339 2808 625 2860 inquietudine,
648 2809 731 2858 siti,
750 2809 896 2858 calore,
914 2810 1035 2861 pulsu
1059 2810 1191 2859 celeri,
1216 2823 1379 2860 nausea,
1398 2814 1526 2850 caete-

196 2898 208 2911 ³
233 2895 281 2924 Sc.
303 2904 385 2924 anno
405 2894 542 2932 1692(?)
1059 2894 1071 2913 ¹²
1097 2896 1146 2925 Cf.
1166 2905 1215 2936 pp.
1236 2897 1306 2933 105,
1325 2896 1396 2928 479.
