1985 3308
653 153 1002 195 TRACTATUS
1037 154 1073 194 I.
1510 156 1595 195 443

128 276 368 316 pugnamus
398 261 481 302 nisi
509 266 630 303 aestu
656 262 773 315 prius
805 262 1049 315 consopito:
1081 273 1161 301 nec
1189 259 1413 300 absurdius
1435 260 1528 313 quis
1549 260 1595 300 in
1625 273 1679 304 Dn
1698 273 1787 304 Pon.

129 330 430 383 extinguendis
465 330 619 371 harum
654 330 840 371 febrium
882 330 1020 371 calore
1061 328 1233 378 scilicet,
1268 327 1351 377 siti,
1380 327 1595 380 inquietu-
1658 325 1763 346 ΛΟΜ·

129 397 242 448 dine,
265 398 441 451 aliisque
463 398 773 452 symptomatis,
797 397 920 438 anxie
949 411 1120 450 operam
1140 395 1354 445 locaverit,
1378 409 1504 447 quam
1527 409 1594 435 ex-
1617 405 1682 436 Qui
1699 415 1787 453 sygn-

127 465 378 506 istimaverit
400 466 506 505 alius
534 480 578 506 se
599 465 840 519 Podagram
868 479 1031 515 sanare,
1055 478 1152 504 cum
1174 463 1220 503 in
1242 463 1462 515 Podagrac
1485 476 1596 516 sym·
1614 452 1799 519 Ξὲἓῖὲῖξζῗίἰς

127 533 330 587 ptomatis
353 538 523 574 tantum
548 534 792 575 coercendis
817 533 980 574 laboret
989 550 1001 583 3
1036 546 1166 586 quum
1191 536 1363 572 tantum
1384 530 1465 570 hoc
1489 535 1596 570 tem-
1615 532 1782 580 incumbit,

127 614 229 654 pore
251 614 275 640 a
296 601 514 642 curatione
541 601 679 642 morbi
706 601 918 651 abscedat,
940 606 990 641 ut
1019 599 1199 640 eandem
1228 598 1497 652 aliquatenus
1518 598 1596 637 im-
1615 574 1786 646 Ῐῑὲξῑᾚέζ

127 667 272 721 pediat
293 681 340 707 ac
361 673 623 709 remoretur:
658 673 818 722 quanto
846 669 961 709 enim
988 668 1122 721 magis
1151 667 1266 721 aegri
1291 667 1455 707 dolores
1476 666 1595 716 lenit,
1616 665 1800 689 remoratur.

127 740 251 776 tanto
264 736 399 788 magis
414 736 644 776 humorum
658 736 920 777 concoctioni
935 736 1180 776 adversatur
1187 752 1198 785 ;
1221 739 1467 789 quantoque
1483 734 1597 774 clau-

130 803 387 843 dicationem
409 808 536 853 arcct,
559 808 682 845 tanto
702 804 906 844 materiae
933 803 1176 844 morbificae
1197 802 1433 855 expulsioni
1454 801 1596 842 officit.

127 870 254 910 Adde
285 870 398 923 quod
429 875 590 923 quanto
620 871 861 925 paroxysmi
891 872 1008 911 furor
1030 885 1077 911 ac
1099 870 1207 911 acies
1229 869 1486 919 retunditur,
1509 883 1598 909 non

129 938 266 978 solum
286 942 409 978 tanto
430 938 589 978 diutius
615 939 785 991 affliget,
809 939 882 978 scd
907 944 949 978 ct
971 938 1138 978 brevius
1159 938 1239 978 erit
1261 937 1446 991 spatium
1466 937 1598 977 inter-

123 1006 284 1060 Jacens,
307 1010 349 1046 et
369 1006 512 1046 minus
540 1006 668 1046 etiam
689 1007 871 1046 liberum
893 1006 945 1047 ab
968 1006 1085 1046 omni
1107 1005 1242 1059 gradu
1263 1009 1599 1059 symptomatum

129 1074 282 1128 quibus
312 1074 382 1115 1110
411 1075 584 1115 morbus
617 1075 882 1115 funestatur:
929 1074 1041 1127 quod
1073 1088 1199 1114 nemo
1236 1073 1497 1114 inficiabitur
1528 1073 1600 1126 qui

129 1142 355 1196 diligenter
385 1143 656 1183 trutinaverit
689 1156 795 1196 quac
827 1156 954 1196 supra
991 1142 1033 1197 [ξ
1066 1141 1153 1195 11.]
1188 1142 1233 1181 111
1264 1141 1441 1195 hujusce
1461 1139 1600 1181 morbi

127 1210 306 1251 historia
326 1210 542 1251 edisserui.

190 1277 300 1334 [60.]
339 1279 642 1330 Quamobrem,
668 1279 768 1320 licet
790 1280 898 1320 nihil
918 1280 1066 1333 magni
1086 1279 1132 1319 in
1154 1293 1405 1334 paroxysmo
1429 1283 1598 1319 tentan-
1618 1292 1668 1322 De
1685 1301 1787 1322 errore

130 1347 234 1388 dum
265 1347 331 1397 sit,
353 1347 437 1386 nisi
467 1347 581 1401 quod
609 1347 701 1387 istis
733 1348 1030 1401 symptomatis
1062 1348 1368 1387 occurrendum
1398 1351 1462 1387 est
1491 1360 1598 1399 quae
1617 1335 1648 1365 ³¹¹
1662 1334 1750 1364 victu
1766 1335 1804 1364 ab

1617 1389 1652 1408 ae
1678 1387 1803 1407 rosum-

128 1415 235 1455 falsa
266 1414 466 1455 medendi
501 1415 728 1455 methodus
766 1415 1020 1468 quandoque
1056 1415 1240 1468 parturit
1258 1432 1268 1464 3
1310 1421 1468 1465 tamen,
1501 1428 1598 1454 cum
1617 1388 1804 1460 ngpereca-

129 1497 276 1524 omnes
296 1497 384 1523 uno
406 1497 476 1523 ore
496 1483 714 1523 fateantur
738 1483 936 1523 morbum
957 1483 1122 1523 huncce
1150 1483 1202 1523 ab
1224 1483 1455 1523 humorum
1480 1482 1600 1536 copia
1618 1463 1768 1493 vendum.

130 1556 173 1592 et
204 1551 453 1592 exuberanti
483 1551 750 1604 plenitudine
785 1551 915 1601 nasci,
953 1565 1080 1604 aegro
1115 1551 1294 1591 fortasse
1330 1550 1539 1590 conducet
1576 1565 1601 1590 a

130 1618 327 1659 carnibus
348 1632 423 1672 per
444 1618 604 1671 aliquot
627 1618 728 1668 dies,
750 1618 825 1658 ubi
846 1618 1032 1671 primum
1056 1633 1081 1658 a
1102 1617 1250 1658 morbo
1272 1618 1508 1671 corripitur,
1527 1617 1599 1658 ab·

130 1686 299 1736 stinere,
323 1691 365 1726 et
385 1686 538 1726 harum
566 1686 657 1726 1000
686 1686 866 1739 simplici
890 1686 1058 1740 jusculo
1087 1699 1295 1726 avenaceo
1322 1685 1400 1736 uti,
1423 1690 1497 1726 aut
1519 1686 1600 1726 alio

128 1753 221 1808 pari
253 1754 478 1794 alimento:
512 1753 751 1806 cujusmodi
784 1753 925 1794 diaeta
954 1753 1096 1794 tenuis
1124 1753 1327 1794 materiae
1355 1753 1599 1794 morbificae

129 1821 448 1862 imminuendae
478 1822 664 1861 multum
695 1821 897 1871 conferet,
930 1826 972 1861 et
1007 1822 1202 1862 Naturae
1234 1821 1599 1874 opportunitatem

131 1889 472 1930 subministrabit
503 1904 587 1942 qua
617 1889 798 1929 eandem
839 1903 968 1942 ocyus
1000 1889 1178 1941 digerat.
1261 1889 1371 1929 Cum
1403 1903 1501 1929 vero
1533 1889 1597 1929 in-

131 1972 236 2011 gens
258 1958 311 1998 sit
333 1972 555 2011 corporum
585 1958 764 1998 aliorum
793 1957 844 1997 ab
872 1958 963 1997 aliis
986 1957 1226 2006 discrimen,
1249 1958 1503 2010 quibusdam
1526 1958 1597 1998 ab·

131 2026 380 2067 stinentiam
406 2040 430 2066 a
457 2040 582 2066 carne
611 2040 698 2065 non
726 2025 975 2075 ferentibus,
1011 2026 1156 2065 statim
1186 2039 1283 2065 vero
1315 2025 1367 2065 ab
1397 2039 1447 2065 ea
1477 2025 1596 2078 spiri-

130 2101 256 2137 tuum
278 2096 524 2136 animalium
546 2094 710 2150 ἀταξίᾳ,
729 2095 860 2135 animi
883 2095 1085 2148 deliquio,
1105 2095 1280 2148 aliisque
1302 2095 1597 2148 symptomatis

132 2164 273 2217 qualia
292 2163 486 2203 foeminis
512 2162 725 2216 hysterica
751 2162 974 2202 affectione
1001 2161 1295 2202 laborantibus
1323 2162 1511 2202 accidere
1533 2176 1597 2202 so-

130 2231 234 2281 lent,
257 2230 486 2283 corrcptis3
518 2230 620 2270 istos
643 2244 731 2270 non
757 2235 930 2270 tantum
956 2244 1045 2270 non
1069 2229 1249 2283 juvabit,
1273 2229 1347 2269 scd
1375 2234 1418 2269 et
1443 2229 1596 2279 laedet,
1657 2218 1659 2220 .

132 2298 168 2338 si
201 2298 361 2338 diutius
397 2312 422 2337 a
457 2297 653 2338 carnibus
695 2297 938 2338 abstineant
980 2311 1108 2350 quam
1147 2297 1410 2337 ventriculus
1451 2311 1598 2337 earum

131 2380 258 2406 usum
280 2370 494 2406 aversetur
512 2383 519 2406 :
553 2366 667 2419 quod
693 2371 742 2406 ut
760 2366 994 2419 plurimum
1015 2379 1104 2405 non
1126 2364 1290 2405 excedit
1311 2365 1498 2417 primum
1525 2371 1599 2406 aut

133 2433 367 2474 secundum
389 2434 500 2474 diem
522 2448 669 2474 eorum
694 2448 1043 2488 paroxysmorum
1071 2433 1393 2487 particularium
1416 2433 1486 2486 qui
1509 2448 1598 2473 om-

132 2515 208 2542 nes
225 2501 351 2541 simul
367 2501 505 2553 juncti
520 2501 737 2554 integrum
753 2515 1055 2555 paroxysmum
1076 2502 1139 2552 (ut
1156 2514 1284 2553 supra
1301 2500 1343 2554 [ξ
1360 2500 1420 2553 5.]
1441 2500 1594 2552 11111111,)

133 2569 415 2609 constituunt.
448 2569 507 2608 At
523 2582 633 2618 vero,
651 2568 736 2609 sive
756 2569 919 2609 tardius
942 2569 1027 2609 sive
1049 2582 1178 2622 ocyus
1201 2568 1293 2620 quis
1315 2581 1441 2608 carne
1458 2581 1597 2608 vesca-

132 2641 216 2687 tur,
235 2637 342 2677 serio
363 2635 598 2676 cavendum
615 2641 678 2676 est
699 2650 754 2676 ne
774 2641 957 2689 urgente
974 2636 1122 2676 morbo
1139 2636 1298 2688 majore
1315 2635 1435 2688 copia
1450 2640 1598 2675 utatur

133 2719 264 2761 quam
285 2718 394 2759 quae
411 2703 464 2744 ad
496 2703 710 2744 Naturam
732 2704 1058 2744 sustentandam
1079 2703 1317 2744 necessaria
1338 2704 1406 2754 sit,
1424 2718 1502 2744 1100
1518 2704 1597 2744 mi-

131 2786 236 2814 nore
258 2786 360 2813 cura
375 2786 478 2825 opus
495 2777 557 2811 est
579 2771 624 2810 in
646 2771 903 2824 assignanda
919 2771 1054 2811 victus
1078 2771 1309 2825 qualitate:
1341 2785 1527 2825 namque
1547 2778 1597 2813 ut

134 2854 300 2894 semper
318 2840 365 2880 in
384 2853 733 2893 paroxysmorum
753 2838 1000 2888 intervallis,
1021 2839 1083 2878 ita
1103 2838 1326 2892 praecipue
1346 2853 1598 2894 paroxysmo

128 2908 219 2962 jam
238 2911 474 2963 praesente,
496 2920 621 2959 aeger
646 2919 912 2960 summopere
937 2919 1083 2947 curare
1111 2906 1236 2947 debet
1263 2920 1318 2948 ne
1339 2906 1445 2961 quid
1466 2908 1531 2948 vel
1552 2908 1599 2955 in
