1985 3308
403 161 488 201 466
819 161 898 202 ΤΗ
905 160 995 201 OM
1002 161 1076 200 ΑΕ
1111 159 1451 201 SYDENHAM
1958 0 1985 185 ι

227 276 280 305 Dr:
300 275 372 304 ΗΥ·
404 268 539 322 phicis
559 268 730 308 innixae
754 267 898 308 futiles
929 267 1015 307 sint
1042 281 1225 320 prorsus,
1251 267 1363 318 (cum
1387 279 1515 306 nemo
1541 265 1764 306 hominum
1786 267 1864 306 sci·
1974 230 1982 310 l

242 326 365 348 onom.
406 336 524 376 entia
552 335 754 376 intuitiva
780 335 996 388 praeditus
1029 335 1096 384 sit,
1119 349 1205 388 qua
1234 334 1368 373 fretus
1390 333 1597 386 principia
1618 338 1745 386 queat
1767 333 1864 373 sub-
1966 339 1968 345 '

407 410 595 445 sternere
617 403 769 457 quibus
798 417 896 442 mox
927 402 1221 455 superstruat,)
1247 406 1451 450 attamen,
1474 400 1509 440 si
1532 400 1787 454 hypotheses
1812 400 1865 440 ab

406 473 506 527 ipsis
526 472 653 514 rebus
674 471 796 511 factis
818 471 966 518 fluant,
989 483 1037 509 ex
1071 469 1130 508 eis
1158 473 1330 508 tantum
1353 467 1717 508 observationibus
1737 472 1866 509 natae

407 556 512 598 quas
544 541 840 595 phaenomena
875 537 1061 590 practica
1095 541 1136 576 et
1169 536 1383 576 naturalia
1414 541 1661 590 suggerunt,
1694 536 1866 577 stabiles

204 617 371 658 Hypothe-
407 615 584 650 manent
609 613 651 649 et
679 608 977 647 inconcussae:
1009 604 1071 644 ita
1097 609 1159 654 ut,
1182 604 1283 644 licet
1313 605 1453 657 praxis
1485 604 1671 654 Medica,
1699 604 1734 644 si
1765 604 1864 645 scri-

203 660 378 742 {tesggfflsss
407 678 536 718 bendi
586 676 779 717 ordinem
820 673 1033 726 respicias,
1081 686 1132 713 ex
1176 672 1483 726 hypothesibus
1528 677 1621 713 orta
1659 672 1864 723 videatur,

200 755 258 776 nas
274 745 366 785 praxi
406 744 682 786 nihilominus
718 742 832 795 ipsae
871 740 1142 794 hypotheseS,
1177 740 1211 780 si
1250 740 1377 780 modo
1418 740 1575 780 solidae
1615 740 1776 780 fuerint
1817 754 1865 781 ac

202 789 378 870 ἓέζάοἳῗὲῗ..
407 813 630 867 genuinae,
668 809 787 863 praxi
828 809 1123 862 quadantenus
1164 808 1372 861 originem
1413 808 1608 848 debeant.
1670 807 1865 861 Exempli

204 883 276 902 ‘¹⁹¹¹’
295 873 347 902 ‘³⁰‘
407 879 555 933 gratia,
577 878 622 918 in
644 876 868 917 affectione
888 875 1100 929 hysterica
1129 889 1217 915 non
1242 875 1336 916 ideo
1366 875 1626 929 chalybeatis
1646 880 1744 916 utor
1772 889 1864 916 cae-

201 919 390 997 ffigeciffiui-
405 948 592 1002 terisque
615 944 866 998 sanguinem
887 943 1239 997 invigorantibus,
1262 958 1341 984 nec
1369 944 1465 985 ideo
1487 944 1538 984 ab
1561 943 1864 984 evacuantibus

201 1000 357 1039 pmba‘ur'
403 1029 472 1055 me
493 1020 682 1067 tempero
707 1012 803 1064 (nisi
825 1012 981 1052 scilicet
1002 1011 1048 1051 in
1070 1011 1190 1051 statis
1219 1011 1472 1064 quibusdam
1503 1011 1861 1063 circumstantiis,)

404 1087 446 1123 et
472 1082 660 1123 remedia
689 1080 830 1134 potius
856 1079 1101 1133 paregorica
1120 1079 1295 1133 impero,
1319 1080 1416 1133 quia
1443 1080 1629 1133 primum
1658 1093 1735 1133 pro
1765 1093 1863 1120 con-

403 1165 517 1191 cesso
542 1149 674 1190 habui
699 1149 815 1188 hunc
842 1147 1042 1188 morbum
1074 1161 1098 1187 a
1129 1147 1359 1188 debilitatis
1390 1147 1619 1200 fractisque
1647 1146 1864 1200 spiritibus

402 1218 655 1259 animalibus
694 1216 906 1270 pendere;
950 1229 1110 1265 verum,
1144 1229 1243 1255 cum
1283 1214 1542 1269 φαινομένων
1579 1215 1864 1268 practicorum

401 1290 601 1326 constans
636 1283 872 1325 observatio
899 1297 968 1324 me
1005 1283 1216 1323 docuisset
1246 1283 1482 1323 cathartica
1512 1282 1703 1323 exhibita
1725 1282 1864 1323 morbi

402 1357 687 1407 symptomata
718 1365 883 1404 semper
910 1351 1088 1401 auxisse,
1110 1351 1176 1390 his
1203 1365 1301 1391 vero
1334 1351 1548 1391 contraria
1573 1350 1720 1391 eadem
1752 1365 1862 1404 sym-

400 1426 592 1474 ptomata
612 1421 830 1473 consopire
862 1420 1007 1469 solere,
1031 1434 1081 1460 ex
1108 1419 1187 1459 hac
1210 1420 1387 1474 aliisque
1409 1418 1668 1475 φαινομένων
1689 1425 1862 1460 natura-

399 1488 503 1528 lium
528 1487 892 1529 observationibus
913 1487 1169 1540 hypothesin
1201 1501 1339 1527 meam
1367 1487 1594 1540 desumpsi,
1617 1487 1678 1527 ita
1698 1492 1747 1527 ut
1768 1487 1861 1540 phi-

399 1555 600 1608 losophus
637 1555 835 1607 empirico
870 1554 940 1594 hic
967 1554 1259 1594 famularetur.
1323 1554 1449 1595 Quod
1483 1554 1517 1594 si
1551 1553 1602 1594 ab
1635 1553 1863 1608 hypothesi

398 1622 639 1675 coepissem,
663 1636 712 1662 ea
732 1622 857 1675 plane
877 1622 1042 1662 ratione
1069 1622 1301 1662 insanirem
1331 1627 1459 1677 atque
1480 1622 1550 1662 ille
1572 1622 1647 1676 qui
1667 1621 1863 1662 tabulata

396 1691 602 1743 tignaque
636 1690 786 1730 domus
821 1689 1037 1743 superiora
1068 1689 1185 1742 prius
1218 1690 1318 1729 velit
1350 1690 1511 1742 erigere
1549 1703 1676 1742 quam
1707 1689 1860 1729 funda-

397 1761 593 1796 mentum
616 1756 790 1809 jecerit:
824 1756 938 1811 quod
967 1756 1141 1811 quidem
1170 1756 1262 1796 istis
1293 1762 1466 1797 tantum
1496 1757 1693 1797 convenit
1725 1756 1862 1809 quiin

398 1827 492 1864 ae‘re
519 1825 685 1864 castella
724 1824 852 1877 (quod
888 1824 1038 1876 aiunt,)
1080 1824 1217 1864 solent
1255 1829 1467 1871 eoetrzzerffl
1505 1824 1572 1864 his
1603 1824 1718 1864 enim
1745 1829 1861 1865 certo

399 1892 580 1945 quodam
601 1892 819 1945 privilegio
841 1891 893 1932 ab
917 1892 1119 1931 alterutra
1140 1892 1410 1932 extremitate
1430 1892 1528 1932 licet
1551 1892 1692 1932 ordiri.

194 1969 338 2018 Vomitiq
463 1960 571 2014 [26]
613 1959 697 1999 Sed
731 1965 781 2000 ut
817 1959 871 1999 ad
909 1973 1001 1999 rem
1033 1959 1228 1999 redeam:
1278 1960 1520 2013 quicunque
1562 1960 1734 2000 demum
1775 1961 1861 2000 sint

193 2013 232 2041 ab
245 2018 378 2042 emeuco
397 2032 562 2067 meatus
583 2027 655 2067 isti
675 2041 751 2080 per
773 2041 876 2080 quos
908 2041 1018 2081 aqua
1047 2041 1096 2067 ex
1125 2027 1365 2068 abdominis
1387 2029 1567 2068 cavitate
1588 2029 1634 2068 in
1654 2028 1861 2070 intestina

192 2055 328 2084 excitata

191 2096 380 2136 hydropico-
398 2093 632 2144 deducitur,
656 2094 916 2134 certissimus
947 2109 1043 2134 sum
1069 2095 1344 2136 vomitionem
1366 2109 1390 2135 a
1411 2095 1524 2136 dicto
1546 2096 1726 2137 emetico
1748 2097 1858 2138 exci-

195 2149 265 2169 rum
281 2149 379 2178 aquas
1229 2163 1235 2169 .

193 2181 255 2211 ἅνω
272 2181 322 2211 καὶ
397 2166 533 2202 tatam
559 2162 727 2202 easdem
753 2167 952 2215 potenter
976 2176 1191 2212 evacuare,
1225 2163 1352 2216 1dque
1380 2177 1468 2203 non
1501 2164 1635 2204 solum
1663 2164 1860 2206 deorsum

191 2222 381 2296 feeixrpeciv-a-
398 2244 472 2282 per
493 2230 649 2280 sedem,
673 2230 747 2270 sed
767 2235 810 2270 et
832 2245 1000 2270 sursum
1025 2244 1100 2284 per
1126 2230 1268 2284 ipsum
1288 2231 1573 2272 ventriculum
1595 2237 1726 2288 atque
1746 2246 1792 2273 os
1812 2234 1859 2274 in

193 2314 277 2338 cuat.
398 2298 594 2338 vomendi
630 2303 752 2338 actu:
805 2298 964 2338 etenim
995 2304 1090 2351 post
1122 2298 1226 2338 duas
1262 2299 1327 2339 vel
1359 2304 1446 2339 tres
1482 2300 1704 2340 evomendi
1733 2301 1857 2352 vices,

398 2380 531 2418 aquae
570 2380 658 2405 non
699 2371 790 2406 tam
830 2366 1131 2406 medicamenti
1171 2366 1209 2405 vi
1251 2367 1478 2407 secretoria
1510 2367 1605 2408 elici
1644 2368 1857 2420 videntur,

397 2449 525 2488 quam
545 2435 682 2488 ruptis
704 2435 826 2490 quasi
845 2434 1058 2488 repagulis
1083 2440 1125 2474 et
1154 2434 1348 2475 claustris
1372 2435 1569 2475 reseratis
1593 2435 1720 2489 pleno
1741 2436 1858 2477 alveo

397 2502 583 2552 effundi,
617 2502 729 2555 quod
757 2502 858 2542 satis
899 2507 1066 2543 constat
1107 2515 1158 2542 ex
1193 2502 1425 2542 earundem
1461 2503 1685 2556 eruptione
1726 2508 1856 2557 atque

396 2570 559 2623 impetu
582 2584 705 2623 saepe
724 2570 836 2611 facto
857 2570 970 2611 inter
990 2569 1081 2624 ipsa
1099 2570 1299 2611 vomendi
1320 2570 1456 2623 spatia
1477 2570 1562 2611 sive
1582 2571 1816 2611 intervalla.

198 2648 361 2697 Hydro-pi-
458 2637 567 2692 [27]
608 2639 761 2679 Mense
782 2639 981 2692 Augusto
1000 2643 1263 2692 postremum
1285 2639 1437 2692 elapso,
1459 2640 1715 2693 paupercula
1731 2653 1858 2693 quae-

193 2701 248 2720 cae
264 2701 373 2730 cujus-
398 2704 508 2756 dam,
532 2720 665 2746 annos
690 2706 852 2746 habens
880 2706 1191 2760 quinquaginta
1215 2706 1403 2759 quinque
1430 2712 1504 2747 aut
1532 2707 1710 2757 circiter,
1733 2721 1856 2760 opem

194 2733 267 2763 dam
281 2744 371 2763 cura-

193 2775 237 2823 tito
254 2777 366 2806 emeti-
398 2787 536 2813 meam
556 2774 809 2827 imploravit.
871 2774 1006 2814 Febre
1026 2774 1342 2815 intermittente
1364 2774 1437 2814 diu
1457 2774 1733 2824 laboraverat,
1756 2774 1856 2815 dein

192 2824 355 2890 tcsgrettiffi-
398 2853 563 2880 carcere
584 2841 722 2881 fuerat
743 2842 908 2882 inclusa
933 2842 1021 2882 fere
1048 2856 1123 2895 per
1152 2842 1387 2882 triennium
1403 2859 1414 2892 ς
1449 2856 1473 2882 a
1493 2842 1648 2895 frigore
1669 2842 1855 2883 multum

191 2903 343 2933 absffluffl·
397 2921 517 2959 passa
547 2914 635 2948 erat
650 2927 661 2958 ;
699 2915 846 2950 venter
876 2910 1059 2963 denique
1086 2911 1138 2951 ad
1165 2916 1333 2951 tantam
1361 2911 1514 2952 molem
1541 2911 1775 2952 increverat
1805 2915 1855 2952 ut
