1985 3308
216 263 399 294 DnNovAE

247 306 378 336 Fssmus

218 349 395 379 Inonnssu

216 1750 393 1790 Experien-

213 1793 267 1829 tia,
283 1804 369 1833 prae-

213 1840 263 1865 ter
278 1837 373 1866 ratio-

212 1888 269 1907 nes
285 1878 362 1908 alla-

213 1926 270 1956 tas,
288 1926 382 1950 testa-

212 1968 265 1992 tur
279 1963 361 1993 hanc

216 2005 400 2036 NovamFe-

212 2048 295 2078 brim
313 2059 385 2078 eva—

212 2091 369 2121 ouationi-

212 2133 270 2162 bus
287 2144 342 2173 per

212 2176 376 2215 diaphore-

212 2219 261 2248 sin
279 2219 371 2248 factis

212 2260 298 2291 haud
313 2262 352 2291 li—

212 2303 321 2334 benter
337 2315 386 2334 ce-

212 2346 292 2377 dere.

419 147 504 186 510
828 146 1084 187 ΤΗΟΜΑΕ
1118 145 1458 186 SYDENHAM

418 252 534 307 quod
549 252 874 302 observaverint,
892 252 1039 293 Febris
1062 256 1348 305 symptomata
1363 250 1543 291 subinde
1558 250 1688 291 fuisse
1708 249 1879 291 mitiora

419 334 545 375 quam
566 335 673 374 quae
694 321 784 374 ejus
804 325 982 361 naturae
1004 325 1242 373 competere
1261 319 1518 368 viderentur,
1536 331 1711 371 aegrum
1731 323 1878 358 tamen
1924 343 1927 347 -

417 389 554 441 magis
586 388 742 429 viribus
778 389 959 429 occisum
996 387 1126 427 fuisse
1157 400 1283 439 quam
1312 400 1388 439 pro
1422 385 1586 426 ratione
1619 385 1822 438 temporis
1853 400 1879 426 a

418 472 501 512 quo
522 457 658 511 coepit
681 462 898 509 aegrotare
915 473 926 505 3
957 454 1204 507 respondeo,
1227 453 1371 494 omnia
1393 453 1498 493 haec
1529 451 1680 492 exinde
1706 456 1878 492 tantum

417 526 656 580 procedere,
679 524 793 578 quod
813 523 993 572 Natura,
1012 537 1036 562 a
1051 522 1188 575 primo
1208 520 1346 561 morbi
1364 520 1530 573 impetu
1546 519 1665 573 quasi
1681 532 1880 572 oppressa

419 594 679 645 devictaque,
704 606 791 632 non
819 591 920 631 satis
947 590 1085 630 valida
1115 594 1178 630 est
1210 595 1260 629 ut
1282 592 1569 643 symptomata
1595 587 1806 640 regularia
1835 591 1878 627 et

419 660 708 714 magnitudini
734 658 873 699 morbi
903 672 1089 699 consona
1115 662 1271 706 exerat,
1294 656 1439 697 omnia
1464 669 1562 696 vero
1582 655 1879 709 phaenomena

418 742 589 782 prorsus
621 732 722 767 sunt
763 726 981 767 anomala:
1033 726 1195 766 etenim
1226 724 1475 778 perturbata
1508 723 1756 764 oeconomia
1787 723 1878 764 ani-

419 797 521 837 mali
546 802 587 836 et
619 796 739 849 quasi
767 795 954 848 disjecta,
979 793 1127 835 Febris
1159 792 1310 833 exinde
1338 790 1602 845 deprimitur,
1624 803 1746 845 quae,
1769 789 1878 830 obti-
1924 828 1931 835 ,

420 868 549 904 nente
578 863 764 916 genuino
783 863 978 903 Naturae
1007 862 1152 911 ductu,
1174 861 1314 913 vigere
1340 859 1459 900 solen
1521 859 1653 912 Cujus
1673 857 1734 898 rei
1755 872 1878 911 expe-

418 932 653 971 rimentum
667 930 785 971 haud
799 931 973 983 xulgare
993 929 1222 970 occurrisse
1237 928 1342 968 mihi
1361 926 1538 968 memini
1558 926 1702 967 multis
1723 926 1879 967 abhinc

420 1000 556 1050 annis,
598 999 644 1039 in
683 999 840 1053 juvene
881 997 1065 1053 quodam
1107 997 1159 1037 ad
1199 1010 1327 1051 quem
1368 994 1635 1035 accersebar:
1688 995 1887 1048 quamvis,
1929 1006 1931 1008 ’

420 1066 536 1106 enim
560 1066 694 1107 ferme
725 1066 916 1106 animum
948 1079 1071 1118 agere
1098 1064 1313 1104 videretur
1336 1064 1419 1113 ille,
1443 1063 1556 1103 calor
1575 1068 1723 1103 tamen
1742 1062 1788 1103 in
1808 1077 1878 1104 ex-

418 1134 551 1174 ternis
572 1134 755 1188 corporis
776 1134 968 1188 partibus
988 1134 1050 1174 ita
1066 1133 1119 1174 ad
1138 1137 1303 1174 tactum
1325 1132 1588 1173 sentiebatur
1602 1138 1877 1185 temperatus,

418 1205 467 1241 ut
487 1201 615 1242 fidem
636 1201 742 1241 mihi
763 1201 1016 1254 derogarent
1042 1201 1260 1242 adstantes
1287 1201 1425 1252 amici,
1449 1200 1612 1254 quoties
1640 1200 1879 1241 asserebam
1927 1225 1940 1235 Α.

419 1281 517 1308 eum
539 1267 674 1308 Febre
701 1267 906 1319 laborare,
929 1283 1038 1323 quae
1064 1269 1116 1309 ob
1146 1269 1366 1322 sanguinis
1397 1269 1712 1323 oppressionem
1741 1269 1878 1323 (cujus

417 1335 540 1386 mole,
578 1336 694 1376 exitu
734 1342 902 1389 negato,
940 1337 1059 1389 quasi
1099 1338 1466 1390 strangularetur)
1503 1351 1546 1378 se
1587 1338 1795 1391 explicare
1835 1342 1878 1378 et

418 1402 640 1443 ostendere
656 1403 795 1456 palam
811 1404 1016 1457 nequibat
1029 1422 1040 1454 3
1074 1405 1187 1458 quod
1208 1406 1242 1445 si
1263 1420 1413 1446 venam
1429 1406 1679 1456 inciderent,
1697 1405 1878 1447 Febrem

416 1469 528 1509 illico
559 1470 659 1510 satis
684 1471 913 1511 violentam
944 1472 1088 1512 statim
1110 1473 1510 1514 animadverterent.
1572 1474 1733 1526 Aperta
1757 1488 1876 1524 vena,

416 1542 458 1577 et
481 1538 688 1590 sanguine
708 1539 834 1591 paulo
856 1539 1063 1592 copiosius
1084 1540 1250 1590 educto,
1273 1541 1447 1580 emicuit
1468 1540 1627 1590 Febris,
1651 1554 1734 1592 qua
1753 1540 1876 1581 vehe-

415 1605 670 1645 mentiorem
695 1606 800 1646 mihi
830 1607 1024 1647 nondum
1043 1607 1184 1648 videre
1215 1608 1394 1661 contigit
1409 1625 1421 1658 3
1454 1623 1561 1661 quae
1582 1622 1668 1648 non
1689 1608 1772 1649 nisi
1792 1613 1876 1649 ter-

415 1673 500 1713 tiae
523 1679 748 1726 quartaeve
771 1675 943 1715 demum
964 1676 1277 1729 phlebotomiae
1299 1677 1459 1717 cessitS.

483 1742 591 1795 [43]
631 1742 758 1784 Quod
780 1743 813 1783 si
833 1744 1018 1784 rationes
1040 1758 1065 1784 a
1084 1757 1152 1783 me
1175 1743 1325 1784 allatae
1346 1743 1457 1783 tanti
1478 1757 1565 1783 non
1586 1742 1671 1782 sint
1690 1747 1739 1783 ut
1761 1748 1876 1784 certo

418 1824 466 1850 ae
495 1811 730 1852 necessario
762 1811 957 1858 exincant
988 1826 1078 1852 rem
1108 1812 1169 1852 ita
1199 1826 1243 1852 se
1272 1811 1429 1852 habere
1465 1817 1592 1864 atque
1623 1825 1701 1864 ego
1732 1812 1875 1862 statui,

418 1883 621 1929 attamen,
670 1879 704 1918 si
749 1879 1008 1932 suffragante
1049 1880 1309 1933 experientia
1354 1879 1671 1932 deprehendero
1716 1879 1876 1920 hancce

417 1946 588 1986 Febrim
621 1947 964 1988 evacuationibus
994 1962 1067 2001 per
1100 1947 1368 2000 diaphoresin
1403 1947 1524 1987 factis
1551 1947 1668 1987 haud
1693 1946 1877 1988 libenter

417 2014 577 2064 cedere,
605 2014 741 2055 habeo
774 2015 885 2068 quod
919 2030 1096 2068 quaero:
1133 2030 1272 2069 neque
1300 2015 1415 2055 enim
1445 2014 1671 2068 cujuslibet
1703 2014 1875 2055 demum

415 2082 693 2133 ratiocinatio,
726 2085 799 2124 sed
830 2084 970 2137 potius
1001 2084 1271 2138 experientia,
1295 2084 1443 2124 docere
1473 2083 1642 2137 poterit,
1665 2097 1875 2136 quaenam

415 2150 598 2191 febrium
619 2152 776 2205 species
794 2152 1100 2206 diaphoreticis,
1119 2166 1328 2206 quaenam
1343 2165 1441 2192 vero
1458 2151 1680 2191 aliusmodi
1701 2165 1875 2192 evacua-

414 2219 615 2270 tionibus,
639 2221 778 2260 sanari
797 2221 959 2274 possint
981 2234 1028 2261 ac
1050 2220 1246 2260 debeant.
1278 2220 1334 2259 Et
1355 2219 1542 2272 profecto
1562 2233 1688 2259 nemo
1709 2219 1875 2272 sapiens

416 2287 483 2326 cui
502 2292 593 2327 tam
613 2288 836 2328 hominum
868 2303 995 2342 quam
1023 2303 1166 2329 rerum
1191 2294 1346 2328 natura
1372 2287 1473 2327 satis
1494 2292 1557 2327 est
1577 2292 1808 2340 perspecta,
1829 2286 1875 2327 in

414 2354 464 2395 iis
487 2370 594 2409 quae
622 2371 763 2397 merae
789 2357 1094 2409 speculationes
1123 2361 1237 2405 sunt,
1258 2356 1375 2395 nullo
1407 2360 1551 2395 autem
1578 2360 1693 2395 certo
1714 2354 1873 2408 experi-

414 2430 560 2464 mento
591 2424 864 2465 determinari
886 2431 1062 2478 queunt,
1083 2425 1128 2464 in
1159 2424 1338 2478 cujusvis
1368 2424 1558 2464 mortalis
1578 2423 1717 2474 verba,
1741 2437 1873 2476 quan-

412 2497 652 2546 tuscunque
683 2493 717 2533 is
746 2494 917 2533 demum
937 2493 1079 2543 fuerit,
1100 2493 1222 2533 facilc
1248 2492 1494 2545 juraverst‘:
1526 2491 1758 2532 cumidem
1783 2491 1872 2532 ani-

412 2559 686 2600 madvertisse
708 2560 873 2611 debeat,
895 2566 1114 2601 momenta
1132 2560 1308 2600 rationis
1328 2559 1387 2600 ita
1407 2574 1577 2613 prorsus
1597 2559 1711 2600 varia
1730 2559 1872 2612 itaque

413 2626 586 2668 subtilia
613 2642 716 2679 esse,
738 2634 801 2679 ut,
824 2643 920 2670 cum
950 2629 1099 2682 aliquis
1119 2628 1326 2668 theoriam
1349 2627 1581 2680 quamlibet
1607 2626 1872 2680 proposuerit

413 2695 474 2736 ita
500 2697 648 2737 validis
673 2698 910 2739 rationibus
937 2699 1155 2738 suffultam
1182 2703 1229 2738 ut
1251 2696 1514 2741 adstantium
1541 2700 1750 2749 quotquot
1771 2699 1870 2735 sunt

415 2765 606 2805 oninium
639 2779 858 2806 assensum
887 2772 1148 2820 extorqueat,
1170 2765 1286 2805 hunc
1315 2779 1411 2804 mox
1437 2764 1543 2805 alius
1567 2762 1870 2816 insignioribus

455 2882 464 2893 ⁵
490 2883 596 2921 cessit]
614 2885 673 2913 Sed
688 2887 723 2913 de
740 2887 785 2914 his
801 2888 877 2914 satis
891 2885 962 2915 add.
980 2885 1027 2914 ed.
1046 2885 1107 2914 ’δᾶ

456 2924 462 2941 ¹
488 2926 504 2938 “
521 2924 651 2955 Nullius
669 2928 935 2964 addictus-iurare
952 2927 982 2957 in
1002 2927 1093 2957 verb]
1111 2926 1286 2965 magistri*
1308 2925 1436 2963 (Horat.
1456 2925 1554 2962 Epist.
1575 2922 1592 2952 i.
1616 2923 1639 2952 Ι.
1662 2922 1724 2957 Η.)

1934 1244 1945 1287 1
