1985 3308
639 113 704 151 ET
731 113 1267 151 MEDICAMENTORUM.

195 213 321 245 Infusio
338 213 430 245 Croci
448 214 666 251 Metallorum,
687 216 715 251 l,
735 216 805 251 100,
824 216 895 245 116.

194 256 292 287 Inula
308 256 491 287 Helenium.
512 255 557 296 [v.
578 258 678 287 Euaza
697 256 878 297 Campana]

194 298 348 338 Ipomaea
365 299 481 338 Purga.
501 298 546 339 [ν.
564 298 705 339 Jalapa.]

195 340 265 370 Iris.
284 340 362 378 (Iris
386 343 572 377 Florentino,
594 346 624 371 et
646 343 708 371 Iris
727 341 918 378 Germanica,

155 381 268 421 Linn.)
289 381 335 423 [v.
353 382 487 423 Pulvis]

194 424 256 454 Isis
272 425 398 455 nobilis.
428 423 472 464 [ν.
497 426 660 456 Corallinm
677 423 840 464 Rubrum]

192 466 315 506 Jalapa.
329 467 485 506 (Ipomaea
501 469 620 507 Purga,
636 467 855 506 WVenderoth.)
871 466 917 506 [V.

149 509 262 544 Radix,
279 508 421 548 Resina.]

191 550 322 590 Jujuba.
345 550 520 591 (Zizyphus
544 553 689 591 vulgaris,
716 550 767 581 De
798 550 916 590 Cand.)

149 590 196 631 [v.
214 592 378 633 Syrupus.]

191 634 212 664 J
215 634 360 674 ulapium
375 634 669 674 alexipharmacum
687 634 719 664 in
733 634 819 664 febre
836 644 917 664 scar-

150 675 260 712 latina,
283 678 360 712 162;
386 677 565 716 astringens
587 677 620 706 in
643 676 735 707 fluxu
755 677 917 707 mensium

148 718 331 755 immodico,
357 721 408 755 88,
436 720 514 753 199;
539 719 667 758 asti-ing.
693 719 725 748 in
750 724 843 759 sputo
865 719 914 749 vel

148 761 250 791 mictu
274 771 360 801 sang.
379 772 396 791 e
413 760 543 792 variolis
563 761 668 796 confi„
688 762 767 796 1163
792 761 915 791 cardia-

148 812 233 840 cum,
258 804 334 839 121;
359 803 442 834 card.
466 803 499 833 in
523 803 687 833 affectione
710 803 839 843 hyster„
864 803 915 839 75,

151 845 231 881 133;
261 846 344 876 card.
371 845 404 876 in
432 845 621 885 dysenteria,
649 846 698 881 25,
724 846 802 880 192;
831 846 914 876 card.

147 886 181 916 in
202 887 357 928 epilepsia
376 898 558 928 puerorum,
576 888 656 923 2375
682 887 764 918 card.
781 887 815 917 in
830 887 916 918 febre

148 929 291 970 deputat.
317 940 389 960 ann.
415 931 576 966 ’61—‘64‚
601 931 630 967 5,
659 930 739 965 147;
774 930 857 960 card.
882 930 916 960 in

147 970 248 1002 fluore
270 972 352 1009 albo,
374 973 455 1008 23ος
477 973 560 1003 card.
581 971 614 1002 in
635 971 814 1002 lochiorum
838 982 914 1012 sup-

146 1014 319 1052 pressione,
347 1016 398 1051 83,
425 1016 506 1050 210;
539 1014 722 1045 cardiacum
745 1014 915 1054 perlatum,

150 1056 230 1091 12ος
263 1056 348 1087 card.
372 1057 406 1086 in
428 1056 555 1097 pruritu
578 1056 688 1092 serino,
716 1057 768 1093 46,
796 1057 874 1092 174:
899 1067 916 1087 e

148 1098 265 1128 cortice
290 1098 405 1130 Peruv.
429 1099 462 1129 in
486 1099 572 1129 febre
594 1099 760 1130 intermitt.
784 1108 841 1138 pro
866 1099 914 1129 in-

147 1140 299 1176 fantibus,
315 1142 366 1177 52,
386 1142 463 1176 155;
489 1141 659 1182 perlatum,
680 1142 758 1176 120;
782 1141 914 1181 refrige-

146 1191 222 1212 rans
244 1183 278 1213 in
298 1183 384 1213 febre
405 1183 523 1214 contin.
541 1183 706 1219 variolosa,
725 1184 783 1218 22;
807 1184 914 1223 refrig.

147 1223 180 1254 in
202 1225 289 1255 febre
304 1225 455 1265 hyemali,
474 1227 551 1260 102;
576 1225 683 1264 resrig.
700 1226 733 1255 in
749 1225 835 1255 febre
851 1231 913 1256 sta—

146 1266 223 1297 tion.
252 1277 327 1298 ann.
352 1269 514 1303 ’85—¹90‚
540 1269 610 1303 106,
634 1269 711 1302 158;
746 1267 853 1308 refrig.
881 1268 915 1298 in

146 1308 388 1346 rheumatismo,
414 1311 466 1347 40,
495 1311 572 1345 169;
600 1310 752 1340 roborans
777 1309 810 1339 in
838 1320 913 1350 apo-

146 1350 263 1390 plexia,
289 1353 364 1387 185;
395 1352 460 1383 rob.
484 1352 518 1382 in
542 1352 655 1382 chorea
683 1353 714 1382 S.
738 1351 817 1388 Viti,
842 1353 913 1389 111,

150 1394 226 1428 184;
250 1394 318 1424 rob.
333 1394 364 1424 in
388 1395 474 1424 febre
497 1394 632 1425 tertiana
649 1394 822 1434 dupl.,15;
848 1399 912 1424 sto-

146 1436 331 1466 machicum
353 1437 386 1467 in
410 1436 575 1467 affectione
596 1436 727 1476 hyster„
746 1437 816 1473 139,
836 1438 912 1473 1403

146 1478 360 1509 sudorifemm
375 1479 409 1509 in
425 1479 511 1509 febre
525 1479 642 1519 pestil.,
660 1480 709 1515 20,
729 1479 798 1508 149.

189 1520 375 1560 Juniperus.
399 1520 582 1560 (Juniperus
604 1523 776 1557 communis,
798 1520 912 1560 Linn.)

148 1560 195 1602 [v.
212 1563 363 1604 Raucae]

191 1603 338 1641 Kermes,
369 1605 420 1635 vel
455 1604 637 1635 Alkermes.
662 1604 791 1643 (Caecus
817 1606 914 1642 Ilicis,

149 1646 263 1687 Linn.)
283 1646 330 1686 [v.
347 1646 510 1686 Confectio,
528 1646 669 1687 Snccus.]

190 1689 257 1719 Lac
277 1689 468 1727 vaccinum,
494 1691 547 1726 38,
576 1691 647 1726 195,
672 1689 746 1726 246,
769 1690 841 1720 254.
868 1688 914 1729 [v.

148 1731 329 1772 Butyrum]

189 1773 342 1804 Lactuca.
352 1773 505 1813 (Lactuca
514 1776 623 1811 sativa,
634 1773 747 1814 Linn.)
761 1772 807 1813 [v.
815 1775 916 1814 Aqua,

146 1815 296 1856 Semina]

190 1858 290 1898 Lapis
306 1858 525 1888 Bezoardicus
541 1857 770 1894 Occidentalis,
786 1858 816 1888 6.

191 1900 290 1941 Lapis
328 1901 545 1931 Bezoardicus
580 1900 766 1937 Orientalis,
801 1901 831 1937 6,
864 1901 917 1936 45,

190 1985 290 2025 Lapis
307 1984 517 2020 Haematites,
531 1984 582 2020 87,
599 1985 669 2021 115,
686 1986 758 2021 198,
771 1986 843 2014 242.

191 2027 384 2057 Laudanum
415 2027 605 2066 Liquidum,
623 2028 673 2063 10,
697 2029 748 2064 23,
774 2029 824 2063 52,
845 2028 918 2063 108,

150 2070 678 2106 114,144,155,181,197,236;
703 2071 772 2110 ejus
790 2079 916 2109 compo—

148 2112 230 2147 sitio,
249 2113 300 2147 26,
320 2113 389 2142 131.

191 2154 329 2184 Laurus.
371 2154 509 2193 (Laurus
551 2155 669 2191 nobilis,
709 2153 824 2193 Linn.)
869 2153 917 2194 [ν.

151 2196 284 2236 Oleum]

193 2239 320 2269 Laurus
340 2238 508 2268 Sassafras.
527 2237 574 2278 [v.
591 2238 779 2279 Sassafras]

192 2281 390 2311 Lavandula.
412 2281 608 2319 (Lavandula
630 2292 710 2318 vera,
729 2281 780 2312 De
797 2280 916 2320 Cand.)

151 2322 196 2362 [v.
212 2322 375 2362 Spiritu-su]

192 2366 334 2404 Lignum
353 2365 523 2401 Sassafras,
539 2367 592 2402 95,
611 2366 681 2396 122.

191 2408 314 2438 Lilium
326 2408 458 2438 Album.
476 2408 606 2446 (Lilium
619 2410 788 2444 candidum,
804 2407 916 2447 Lilm.)

149 2449 196 2489 [v.
217 2451 329 2487 Oleum,
347 2449 478 2489 Radix]

194 2492 314 2522 Lilium
331 2492 544 2523 Convallium.
564 2490 773 2530 (Com-allaria
786 2493 918 2534 majalis‚

150 2534 263 2574 Linn.)
297 2533 342 2574 [v.
361 2537 476 2570 Flores,
491 2535 607 2574 Folia]

194 2577 362 2608 Limatura
376 2577 542 2616 Chalybis,
555 2578 607 2613 76,
623 2577 674 2613 77,
692 2576 743 2613 79,
762 2577 919 2614 134,136,

193 2662 354 2692 Limones.
383 2660 428 2701 [v.
446 2663 567 2697 Saccus,
585 2660 750 2701 Syrupus.]

194 2704 390 2734 Limonium.
410 2703 530 2742 (Citrns
546 2705 713 2739 Limonum,
732 2703 782 2733 De
799 2703 917 2742 Cand.)

151 2745 196 2786 [v.
216 2746 382 2786 Limone-sn]

195 2789 329 2819 Linctus
352 2789 532 2818 incrassans
560 2788 591 2818 in
616 2788 796 2818 defluxione
819 2787 918 2824 tenui,

152 2832 232 2865 l26;
259 2831 389 2862 incrass.
419 2831 450 2860 in
482 2831 573 2867 tussi,
602 2832 672 2866 124,
696 2832 776 2864 259;
807 2831 918 2860 fortius

1670 115 1741 150 661

977 214 1103 249 tussim,
1126 215 1178 250 28,
1197 213 1277 249 178;
1300 217 1416 253 pector.
1441 213 1473 243 in
1497 212 1676 253 pleuritide,
1693 214 1744 250 36,

1020 298 1148 337 Lingua
1179 297 1325 327 Cervina.
1358 297 1553 336 (Asplenium
1587 299 1743 336 Scolopen-

975 342 1084 374 drium,
1104 340 1217 378 Linn.)
1237 338 1413 378 [v.Folia.]

1020 381 1243 412 Linimentum
1261 381 1452 421 aperitivum
1468 381 1501 410 in
1517 381 1744 416 racliitide,17;

976 423 1168 463 digestivum
1187 424 1220 453 in
1237 423 1342 453 ulcere
1358 423 1485 462 glandis
1509 433 1525 452 e
1548 423 1744 461 gouorrhoea

976 466 1082 502 viruL,
1096 467 1146 501 64,
1160 467 1222 496 226
1237 478 1242 501 ;
1260 465 1427 496 emolliens
1440 466 1471 495 in
1489 466 1747 502 contusionibus,

975 510 1038 538 250
1054 521 1060 543 ;
1084 508 1190 538 emoll.
1207 508 1239 538 in
1257 508 1435 548 pleuritide,
1455 508 1506 542 37,
1524 508 1603 541 167;
1629 517 1742 537 emun-

975 550 1054 579 dans
1077 551 1108 580 in
1133 550 1294 590 porrigine
1317 550 1441 590 capitis,
1459 550 1539 584 251;
1565 549 1694 579 emund.
1711 549 1743 579 in

974 593 1099 632 pruritu
1120 592 1231 628 ferino,
1249 593 1394 628 47,175;
1420 602 1436 622 e
1459 591 1620 622 mercurio
1642 592 1675 622 in
1691 591 1744 621 lue

975 645 1118 670 venerea,
1141 636 1222 669 227;
1247 635 1398 664 roborans
1421 634 1453 663 in
1478 633 1642 669 rachitide,
1660 634 1743 669 238;

974 677 1075 707 robor.
1106 677 1140 706 in
1170 682 1295 707 tumore
1325 676 1503 706 abdominis
1530 675 1654 712 infant„
1679 676 1742 712 7⁶23

974 719 1143 749 stimulans
1159 719 1191 749 in
1209 719 1358 759 paralysi,
1376 719 1450 750 257.

1018 761 1149 791 Linum.
1165 761 1289 800 (Linum
1305 762 1546 797 usitatissimum,
1560 759 1672 799 Linn.)
1695 758 1743 799 [v.

974 803 1100 839 Farina,
1123 803 1272 843 Semina]

1017 845 1200 885 Liquiritia.
1231 844 1278 884 [v.
1299 843 1535 885 Glyeyrrhiza]

1017 887 1142 927 Liquor
1164 888 1321 928 stypticus
1347 887 1380 917 in
1403 886 1666 926 haemorrhagiis,
1689 887 1743 922 49,

1017 971 1260 1012 Lithargyrum,
1279 971 1419 1010 (Plumbi
1438 970 1602 1011 Oxydum,)
1621 971 1693 1001 235.

1016 1013 1159 1044 Lohoch.
1179 1013 1225 1054 [v.
1243 1013 1398 1053 Linctus]

1017 1056 1149 1086 Lohoch
1167 1057 1300 1093 Sanum,
1321 1057 1392 1086 124.

1017 1097 1111 1128 Lotio
1127 1098 1160 1129 in
1176 1098 1262 1128 febre
1278 1098 1437 1138 erysipel„
1451 1099 1502 1134 44,
1517 1096 1577 1129 172
1590 1108 1597 1132 ς
1616 1096 1649 1126 in
1664 1096 1741 1126 hae-

972 1140 1194 1170 morrhoidum
1218 1140 1336 1177 dolore,
1361 1141 1441 1175 235;
1464 1140 1498 1170 in
1522 1148 1632 1169 morsu
1655 1139 1744 1169 canis

972 1182 1086 1218 rabidi,
1104 1184 1176 1214 252.

1017 1225 1150 1264 Lujula.
1179 1224 1304 1264 (Oxalis
1335 1225 1516 1260 Acetosella,
1547 1222 1661 1262 Linn.)
1696 1221 1743 1262 [v.

975 1266 1153 1307 Conserva]

1017 1309 1136 1340 Malva.
1151 1308 1243 1348 (Mal.
1257 1310 1425 1349 sylvestris,
1439 1307 1552 1346 Linn.)
1570 1305 1616 1347 [v.
1626 1305 1742 1346 Folia]

1016 1351 1150 1388 Manna,
1174 1351 1292 1389 (Ornus
1314 1351 1490 1389 Emopaea,
1518 1349 1685 1388 Persoon,)
1713 1351 1745 1386 8,

973 1394 1026 1430 24,
1043 1395 1096 1430 39,
1112 1395 1165 1429 59,
1181 1394 1234 1430 97,
1252 1394 1414 1429 101‚103,
1433 1394 1504 1428 118,
1522 1393 1596 1428 168,
1613 1392 1687 1422 212.

1017 1435 1212 1475 Margaritae
1231 1440 1448 1475 praeparatae,
1469 1434 1633 1472 (Calculus
1653 1433 1743 1464 Mar·-

970 1480 1087 1517 garz'ta,
1106 1478 1220 1517 Linn.)
1238 1479 1270 1513 4,
1286 1479 1339 1513 25,
1357 1478 1430 1513 120,
1449 1477 1518 1507 192.

1017 1519 1224 1550 Marrubium
1239 1519 1370 1549 Album.
1384 1519 1594 1558 (Marrubium
1606 1519 1744 1558 vulgare,

974 1561 1087 1601 Linn.)
1107 1561 1154 1601 [v.
1173 1561 1291 1601 Folia.]

1018 1604 1190 1641 Mastiehe,
1227 1604 1382 1643 (Pistacia
1420 1604 1587 1639 Lentiscus,
1629 1601 1743 1640 Linn.)

1018 1688 1206 1719 Matricaria
1221 1687 1441 1718 Parthenium.
1460 1685 1506 1726 [V.
1519 1685 1745 1726 Partheniana]

1020 1731 1216 1762 Meconium.
1250 1730 1296 1770 [v.
1313 1731 1456 1769 Papauer
1471 1727 1611 1768 Album]

1020 1773 1089 1803 Mel
1107 1774 1280 1809 Rosarum,
1297 1774 1350 1808 21,
1368 1773 1438 1802 180.

1021 1815 1198 1845 Melilotus.
1226 1815 1398 1855 (Alelilotus
1427 1815 1592 1852 officinaliS,
1616 1812 1744 1852 Willd.)

996 1867 1025 1886 v.
1043 1858 1156 1888 Flores.

978 1856 992 1897 [
1021 1857 1386 1930 Melissa]Calamintha.
1406 1897 1451 1938 [v.
1471 1899 1663 1928 Calamintha
1678 1899 1744 1927 vul-

999 1953 1072 1972 αντε.

974 1953 997 1981 g
1021 1941 1315 2023 Melissophyllum.
1349 1981 1501 2022 (Mennis
1532 1983 1745 2021 Melissophyl-

977 2027 1048 2061 lum,
1065 2026 1178 2065 Linn.)
1212 2024 1258 2065 [v.
1277 2024 1441 2065 Syrupns.]

1019 2068 1158 2098 Melittis
1195 2067 1490 2107 Melissophyllum.
1527 2064 1573 2105 [v.
1606 2066 1745 2096 Melisso-

971 2110 1137 2151 phyllum]

1013 2153 1118 2183 —Melo.
1133 2152 1288 2191 (cucumis
1300 2153 1391 2187 Melo,
1406 2150 1518 2188 Linn.)
1539 2149 1584 2190 [V.
1596 2149 1745 2190 Semina]

1019 2195 1165 2225 Mentha.
1199 2195 1343 2234 (Mmtha
1379 2196 1497 2230 viridis,
1536 2192 1650 2232 Linu.)
1699 2192 1744 2232 [v.

974 2238 1071 2268 Folia.

1020 2237 1158 2310 Meinha
1173 2278 1357 2317 Pulegium.
1375 2277 1421 2317 [v.
1439 2276 1630 2317 Pulegz‘um.]

1021 2321 1202 2352 Mercurius
1218 2321 1345 2357 crudus,
1365 2320 1436 2352 227.

1020 2364 1202 2394 Mercurius
1227 2363 1354 2400 Dulcis,
1378 2363 1596 2403 (Hydrargyri
1626 2364 1745 2394 Chlori-

976 2407 1073 2445 dum,)
1091 2408 1144 2443 60,
1162 2407 1234 2442 112,
1250 2407 1322 2435 222.

1021 2449 1128 2479 Micae
1145 2448 1254 2484 Panis,
1272 2449 1342 2478 193.

1019 2490 1259 2528 Millefolium.(
1268 2491 1405 2520 Achillea
1418 2487 1621 2528 Illillefolium,
1631 2488 1745 2528 Linn.)

996 2544 1023 2564 v,
1043 2535 1139 2564 Folia.

977 2532 991 2573 [
1019 2533 1170 2606 Miniuni.
1194 2574 1332 2613 (Plumbi
1358 2575 1494 2614 Oxydum
1515 2573 1665 2612 rubrum.)
1698 2572 1744 2612 [V.

976 2617 1210 2657 Emplastrum]

1019 2661 1159 2690 Mistura
1188 2659 1333 2689 cardiaca
1363 2659 1396 2688 in
1425 2658 1510 2688 febre
1543 2658 1673 2693 contin„
1706 2659 1744 2692 43

975 2704 1060 2733 card.
1076 2703 1108 2732 in
1131 2703 1218 2732 febre
1239 2701 1417 2737 intermitt„
1437 2702 1495 2736 13;
1520 2700 1690 2741 pectoralis
1712 2700 1745 2730 in

976 2746 1056 2781 tabe,
1075 2747 1147 2775 265.

1019 2787 1218 2818 Momordica
1236 2785 1426 2816 Elaterium.
1445 2784 1490 2824 [v.
1512 2783 1707 2824 materiam]

1020 2831 1184 2860 Moschus.
1217 2829 1375 2867 (Moschus
1402 2826 1604 2866 nzoschiferus,
1632 2827 1745 2866 Linn.)

149 2874 291 2908 incrass.,
323 2875 400 2907 125:
439 2873 606 2914 pectoralis
633 2873 663 2903 in
695 2873 851 2903 morbillis
878 2873 917 2903 ad
977 2871 1022 2911 [ν.
1041 2874 1146 2903 Pulvis
1162 2873 1342 2902 Diamosehu
1361 2870 1495 2910 Dulcia]
