1985 3308
250 230 304 260 Dr.

184 273 367 302 VAiuoLis.

183 1666 289 1695 Morbi
308 1676 360 1706 pe-

182 1708 320 1738 riculum

181 1751 266 1780 unde
283 1761 334 1780 ae-

183 1793 316 1822 stiman-

184 1835 272 1864 dum.

182 1938 220 1967 In
239 1938 355 1968 adultis

181 1980 334 2017 salivatio‚

181 2023 212 2052 in
231 2023 355 2053 infauti-

181 2065 240 2094 bus
258 2066 339 2096 diar-

183 2108 286 2143 rhoea,

183 2151 354 2180 Confluen-

181 2193 262 2222 tium
280 2204 331 2222 co-

182 2246 258 2265 mes.

387 121 473 161 564
808 121 1065 161 THOMAE
1099 120 1439 162 SYDENHAM

386 226 502 278 Non,
533 226 708 280 perinde
739 240 787 267 ac
819 227 864 266 in
897 227 1115 277 Discretis,
1149 241 1247 267 mox
1281 227 1333 267 ab
1365 227 1588 281 eruptione
1620 228 1848 268 remittunt

386 299 683 348 symptomata,
707 293 781 335 sed
812 298 854 334 et
875 294 1004 334 febris
1033 299 1075 334 et
1107 294 1189 334 alia
1215 293 1268 334 ad
1295 294 1453 335 multos
1485 294 1616 335 etiam
1644 294 1732 335 dies
1754 299 1848 348 post

385 362 651 415 eruptionem
681 362 951 415 pustularum
988 375 1163 413 aegrum
1195 361 1478 402 discruciant:
1514 376 1631 402 nunc
1663 362 1846 416 erysipe-

382 429 479 470 latis
500 429 599 479 ritu,
617 442 733 469 nunc
754 428 1059 478 morbillorum,
1083 434 1337 481 erumpunt3
1369 429 1603 482 eruptionis
1623 429 1723 470 licet
1739 434 1847 469 tem-

384 512 485 552 pore
511 497 637 551 plane
663 496 996 548 distinguantur.
1060 496 1285 537 Crescente
1315 497 1477 547 morbo,
1503 512 1591 538 non
1619 498 1666 538 in
1691 497 1849 538 molem

386 564 572 617 aliquam
608 561 881 615 spectabilem
914 562 1194 614 attolluntur3
1233 564 1306 605 sed
1338 565 1384 604 in
1418 565 1524 605 facie
1557 565 1636 606 sibi
1667 565 1850 606 inxicem

383 635 626 688 implicitae,
641 639 847 686 tanquam
862 633 1044 674 vesicula
1063 634 1205 685 rubra,
1225 635 1389 686 mltum
1411 649 1581 676 omnem
1598 640 1848 689 contegunt,

385 719 510 758 quem
545 703 753 743 maturius
795 703 962 743 elevant
1005 718 1132 757 quam
1174 704 1417 754 Discretae3
1468 705 1753 758 postmodum,
1796 705 1850 745 ad

383 773 520 812 instar
549 771 770 824 pelliculae
802 770 922 811 albae
944 771 1084 811 mltui
1115 772 1420 825 agglutinatae,
1444 772 1553 812 cutis
1585 772 1850 825 superficiem

384 855 473 881 non
494 840 724 880 admodum
747 846 962 894 superant.
1031 840 1110 895 [7.]
1149 842 1443 896 Praeterlapso
1465 842 1532 883 die
1555 847 1712 893 octavo,
1729 842 1849 896 pelli-

385 908 481 949 cula
510 907 606 948 alba
627 907 816 961 quotidie
836 908 1042 961 paulatim
1071 909 1206 962 magis
1238 915 1524 963 exasperatur,
1547 910 1684 951 colore
1705 910 1824 951 fusco
1837 927 1848 960 ;

383 976 578 1016 intensus
599 976 735 1029 magis
757 981 822 1016 est
845 976 964 1016 dolor
984 977 1106 1027 cutis,
1130 977 1264 1018 donec
1285 977 1461 1018 tandem
1482 978 1529 1018 in
1552 978 1852 1018 truculentiori

384 1042 532 1084 morbo
560 1057 648 1083 non
678 1044 761 1083 nisi
784 1050 880 1096 post
909 1043 1021 1084 diem
1046 1044 1294 1085 vicesimum
1324 1045 1546 1085 latioribus
1577 1045 1747 1085 laminis
1777 1045 1848 1085 de-

385 1116 691 1164 squammatur.
757 1112 851 1152 Hoc
873 1111 1045 1152 interim
1067 1112 1293 1154 observatu
1323 1113 1516 1166 dignum,
1541 1113 1666 1166 quod,
1690 1117 1852 1166 quanto

383 1179 578 1232 pustulae
607 1183 941 1219 maturescentes
972 1180 1145 1233 propius
1180 1180 1232 1220 ad
1264 1180 1449 1221 colorem
1479 1180 1730 1220 subfuscum
1759 1193 1851 1220 ver-

386 1252 508 1300 gunt,
550 1260 599 1287 eo
641 1247 869 1288 deteriores
910 1248 1068 1288 lentius
1109 1248 1371 1299 abscedunt;
1405 1263 1488 1302 quo
1527 1249 1664 1302 magis
1706 1253 1851 1289 autem

385 1316 629 1366 flavescunt,
668 1330 717 1356 eo
753 1315 893 1356 minus
929 1316 1227 1367 confluxerint,
1266 1323 1309 1357 et
1345 1331 1474 1370 ocyus
1512 1331 1556 1357 se
1595 1316 1849 1370 proripiunt.

393 1383 471 1437 [8.]
512 1383 600 1424 Ubi
631 1384 818 1436 primum
850 1383 1054 1423 deciderit
1090 1384 1300 1436 pellicula,
1332 1384 1452 1423 nulla
1485 1383 1680 1424 scabritie
1706 1383 1851 1424 vultus

385 1451 566 1491 afficitur
579 1468 589 1500 3
621 1456 664 1491 at
680 1465 777 1492 vero
794 1465 891 1491 mox
904 1451 1021 1490 illam
1035 1451 1251 1504 excipiunt
1269 1451 1559 1504 squammulae
1575 1451 1850 1501 fiu’furaceae,

384 1519 538 1559 indolis
578 1533 784 1572 perquam
822 1518 1066 1567 corrosivae,
1105 1532 1212 1570 quae
1245 1518 1385 1558 foveas
1417 1517 1667 1570 relinquunt
1700 1523 1849 1570 paten-

384 1588 526 1637 tiores,
560 1593 603 1628 et
638 1601 761 1640 saepe
797 1587 1027 1627 cicatrices.
1092 1586 1358 1639 Quandoque
1394 1586 1562 1625 humeri
1598 1591 1640 1626 et
1677 1585 1850 1627 dorsum

386 1655 573 1695 cuticula
611 1654 896 1694 denudantur.
959 1652 1104 1693 Morbi
1138 1653 1374 1706 periculum
1411 1668 1435 1693 a
1465 1653 1737 1706 pustularum
1767 1652 1849 1692 fre-

387 1723 561 1776 quentia
597 1728 639 1763 et
675 1737 854 1763 numero
893 1722 940 1762 in
980 1722 1085 1762 facie
1127 1723 1215 1763 sola
1255 1722 1581 1762 aestimandum.
1644 1721 1850 1762 Pustulae

386 1805 594 1831 manuum
631 1795 672 1830 et
708 1790 865 1843 pedum
902 1790 1094 1842 majores,
1129 1795 1171 1829 et
1207 1803 1290 1842 quo
1327 1789 1453 1829 altius
1491 1788 1542 1828 ab
1580 1788 1851 1828 extremitate

386 1864 559 1898 artuum
582 1858 834 1906 ascenderis,
851 1871 899 1896 eo
921 1856 1079 1896 sensim
1100 1855 1285 1895 minores
1307 1861 1348 1895 et
1363 1854 1664 1895 contractiores
1686 1858 1848 1894 extant.

393 1924 472 1978 [9.]
511 1925 565 1964 In
597 1923 752 1963 adultis
785 1923 987 1973 salivatio,
1015 1923 1061 1962 in
1090 1922 1327 1962 infantibus
1359 1921 1591 1970 diarrhoea,
1618 1921 1732 1973 (licet
1761 1934 1851 1960 non

385 1991 445 2031 ita
467 1993 611 2044 certo‚)
637 1990 957 2031 Confluentium
980 2004 1132 2030 comes.
1185 1989 1444 2043 Ptyalismus
1465 2002 1582 2028 nunc
1604 2001 1702 2028 cum
1723 2001 1846 2041 erup-

384 2058 502 2099 tione
535 2072 578 2099 se
619 2058 772 2111 prodit,
807 2072 922 2098 nunc
958 2057 1089 2098 biduo
1129 2057 1322 2097 triduove
1356 2055 1586 2109 praeterito
1626 2055 1850 2095 materiam

385 2126 523 2179 primo
539 2130 726 2175 tenuem,
751 2126 817 2165 die
849 2125 1076 2166 undecimo
1106 2124 1370 2165 viscidiorem
1402 2123 1634 2176 aegerrime
1665 2127 1847 2163 excreat.

388 2192 639 2232 Siticulosus
671 2197 734 2232 est
763 2206 899 2244 aeger,
922 2206 1022 2232 voce
1052 2206 1192 2241 rauca,
1215 2191 1498 2231 somnolentia
1519 2196 1561 2230 et
1590 2195 1763 2243 stupore
1782 2190 1849 2229 in-

385 2259 586 2312 gentibus
612 2260 851 2312 corripitur,
873 2259 987 2300 inter
1013 2259 1250 2300 bibendum
1279 2258 1460 2299 subinde
1490 2258 1631 2307 tussit,
1653 2263 1696 2298 et
1722 2262 1850 2310 potus

384 2341 460 2380 per
480 2341 605 2367 nares
622 2327 861 2367 revertitur.
924 2328 1045 2367 Tunc
1067 2332 1200 2371 cessat
1222 2331 1270 2366 ut
1299 2326 1532 2378 plurimum
1553 2325 1757 2374 salivatio,
1780 2324 1849 2365 cui

383 2394 467 2434 nisi
486 2394 608 2434 faciei
637 2395 969 2435 intumescentia
993 2395 1129 2447 (quae,
1159 2394 1257 2433 licet
1288 2393 1367 2433 hoc
1396 2393 1486 2446 ipso
1517 2392 1585 2432 die
1614 2406 1690 2445 pro
1710 2391 1849 2432 morbi

385 2462 510 2513 genio
532 2461 838 2515 aliquantisper
858 2462 1020 2502 remitti
1042 2461 1207 2510 debeat,
1231 2475 1317 2500 non
1347 2466 1493 2500 tamen
1514 2459 1596 2499 nisi
1616 2464 1712 2512 post
1735 2459 1849 2498 diem

384 2543 522 2568 unum
543 2529 775 2569 alterumve
789 2530 964 2570 omnino
985 2529 1209 2580 recederc,)
1228 2534 1269 2568 et
1293 2542 1499 2567 manuum
1515 2527 1605 2580 jam
1621 2526 1851 2580 insigniter

385 2596 592 2649 incipiens
623 2602 665 2636 et
697 2596 857 2637 diutius
888 2596 1122 2650 perdurans
1151 2595 1365 2649 suppetias
1391 2594 1583 2644 tulerint,
1606 2608 1732 2647 aegro
1752 2608 1848 2647 pro-

384 2663 502 2702 tinus
535 2664 804 2704 moriendum
837 2671 913 2704 est.
976 2664 1212 2704 Diarrhoea
1244 2676 1332 2702 non
1368 2662 1429 2702 ita
1464 2666 1631 2702 mature
1661 2662 1849 2701 infantes

386 2737 576 2783 occupat,
596 2745 642 2771 ac
663 2732 914 2785 ptyalismus
937 2731 1118 2771 adultos.
1168 2731 1276 2784 [lO.]
1306 2730 1359 2769 In
1381 2735 1562 2782 utraque
1578 2728 1847 2768 Variolarum

387 2798 522 2848 specie
550 2798 678 2838 febris
710 2799 762 2839 ab
783 2800 948 2839 insultu
974 2799 1026 2839 ad
1057 2799 1322 2851 eruptionem
1347 2797 1614 2845 dominatum
1651 2795 1751 2835 inde
1773 2795 1848 2835 dat

387 2864 578 2905 inducias
608 2866 660 2906 ad
682 2867 950 2920 pustularum
972 2867 1302 2907 maturationem
1316 2883 1327 2915 3
1361 2879 1442 2918 qua
1463 2868 1645 2918 peracta,
1675 2862 1844 2903 desinit.
