1985 3308
227 101 307 140 646·

225 203 355 235 variolis
385 203 477 236 confi.
508 200 595 236 anni
614 201 666 238 ’67
699 204 888 237 naturaliter
918 215 998 245 qua-

224 246 286 284 les,
310 248 384 285 122,
413 248 495 284 123;
533 248 724 288 copiosiores
750 249 887 285 futurae,
915 249 1000 289 quod

225 294 313 331 patet
328 300 368 321 ex
383 290 463 321 facie
481 291 594 332 primis
616 291 728 321 diebus
749 291 789 322 ad
811 291 912 321 instar
928 291 1001 332 pul-

225 333 310 363 veris
336 344 353 364 e
375 333 529 364 limatura
554 334 750 364 acicularum
779 334 922 374 undique
950 344 999 364 re-

227 386 344 424 spersa,
369 376 557 416 praedicunt
582 382 730 414 mortem,
756 378 838 410 334·
862 377 1000 416 majores

226 418 261 449 111
276 419 426 450 manibus
448 430 484 449 ac
507 419 641 459 pedibus
665 429 762 459 quam
784 419 907 458 reliquo
929 429 999 450 cor-

227 471 313 502 pore,
338 466 370 492 et
392 472 455 502 quo
478 462 552 503 plus
574 463 614 492 ab
636 462 788 492 extremis
812 462 939 498 distent,
964 472 1000 492 eo

226 504 377 541 minores,
396 506 477 540 1253
502 506 677 535 causticam
700 503 898 544 qualitatem,
915 505 1001 535 unde

227 547 392 578 cicatrices
406 547 489 578 fiunt
509 548 536 577 si
555 547 711 587 regimine
726 552 901 587 temperato
916 552 999 578 trac—

228 594 346 627 tentur,
373 601 438 621 non
464 591 614 627 induunt,
644 591 724 625 1433
762 590 878 620 crustis
906 591 1001 621 factis

227 633 350 664 halitus
378 633 523 673 putridos
553 643 571 662 a
600 633 736 663 materia
767 633 940 674 purulenta
967 633 1001 663 in

229 676 420 716 sanguinem
435 675 655 716 retropellunt,
674 677 752 711 139;
778 676 1003 715 deprimuntur

227 719 426 755 naturaliter,
448 728 506 748 nec
536 718 614 748 mali
641 718 718 758 quid
746 718 807 748 hoc
833 724 1001 759 portentat,

232 762 303 798 147,
323 762 401 797 148;
426 761 459 791 in
475 761 604 792 variolis
627 761 720 792 discr.
739 762 814 791 311111
836 762 888 794 ’67
911 772 1002 801 mag-

227 803 386 834 nitudinis
401 804 463 844 pisi
485 804 708 844 grandiusculi
728 804 826 840 fuere,
847 805 926 840 122;
951 805 1002 835 die

229 848 279 877 8'0
307 847 341 876 in
369 847 449 878 facie
478 847 652 887 asperiores
681 851 713 877 et
742 847 938 883 subalbidae,
968 848 1002 877 in

228 889 353 929 reliquo
384 900 514 930 corpore
543 890 652 920 minus
686 900 815 930 asperae
847 895 878 921 et
912 890 1002 920 albae

228 933 343 973 magis,
359 933 433 969 121,
450 934 526 968 122;
551 933 812 972 desquamatione
827 933 860 962 in
876 933 957 963 facie
973 938 1004 964 et

228 975 353 1015 reliquo
369 986 508 1016 corpore,
525 976 724 1015 disruptione
744 986 818 1006 vero
840 976 874 1006 in
897 977 1002 1006 mani-

228 1018 299 1055 bus,
317 1018 444 1055 abeunt,
465 1020 543 1055 122,
582 1024 654 1058 post
674 1024 811 1049 mortem
834 1019 921 1059 aegri
943 1019 1002 1049 ali-

230 1061 359 1101 quando
375 1061 540 1092 elevantur
555 1062 659 1092 adhuc
674 1066 705 1092 et
719 1061 903 1099 rubescunt,
923 1063 982 1092 126
996 1075 1002 1099 ;

229 1114 434 1145 repercussae
457 1115 496 1135 ex
518 1104 646 1144 frigore,
669 1104 721 1134 vel
744 1105 1004 1135 evacuationibus

230 1147 390 1183 indebitis,
407 1148 462 1188 qui
478 1148 669 1184 tractandae,
690 1148 761 1185 147,
781 1149 850 1179 148.

274 1190 530 1221 Putrefactiones
558 1190 732 1221 humorum
764 1191 893 1222 morbos
929 1201 1002 1232 pro-

231 1233 363 1270 ducunt,
379 1235 429 1265 26.

274 1277 438 1307 Purmna
456 1276 546 1316 (Dr.)
570 1276 690 1306 Fenus
710 1276 887 1306 Vamoms
910 1276 1004 1307 Con-

232 1328 453 1350 rruuxrmus
485 1328 790 1358 5111111111ΈΝΙΕΝΤΕ,
823 1321 1003 1352 513—520.

233 1362 292 1403 [cf.
311 1362 527 1403 Seeundaria]

279 1408 453 1438 Quartanae
469 1406 571 1436 febres
586 1416 745 1446 quaenam
768 1405 924 1442 dicantur,
941 1405 982 1439 70
997 1419 1004 1442 ;

232 1450 368 1487 triplices
389 1449 516 1488 quando
539 1449 696 1485 dicantur,
715 1450 774 1484 7ος
799 1449 924 1479 soboles
948 1459 1003 1479 au·

232 1491 337 1521 tumni
367 1492 506 1531 genuina
535 1497 620 1528 sunt,
650 1492 700 1527 16,
735 1492 794 1527 76;
833 1502 935 1531 usque
965 1492 1005 1521 ad

232 1534 383 1574 hyemem
405 1540 589 1570 excurrunt,
605 1534 657 1564 vel
681 1534 818 1564 duorum
842 1535 1004 1564 mensium

234 1577 335 1616 spatio
352 1587 481 1607 cursum
504 1587 600 1607 suum
622 1576 802 1613 absolvunt,
821 1578 879 1612 323
904 1587 1005 1617 aeque

232 1630 269 1649 ac
285 1620 440 1655 vernales,
453 1620 596 1650 Naturae
606 1620 712 1660 potius
722 1620 1004 1658 commendandae,

233 1663 294 1698 833
318 1662 351 1692 in
368 1663 497 1693 senibus
512 1673 587 1693 vero
603 1668 677 1693 sunt
691 1662 898 1703 periculosae,
911 1673 1003 1703 prae-

233 1706 344 1736 sertim
369 1705 582 1742 autumnales,
606 1707 668 1741 84;
707 1711 880 1745 quartanae
903 1706 1005 1736 febres

233 1748 311 1778 olim
330 1748 562 1788 frequentiores
582 1754 681 1784 erant,
698 1749 753 1778 sed
773 1758 856 1778 anno
873 1749 924 1780 ’78
942 1754 1004 1779 ter-

232 1791 337 1821 tianae
362 1797 417 1822 aut
440 1791 643 1831 quotidianae
665 1791 901 1831 grassabantur,
923 1791 1005 1827 279;

234 1839 389 1874 quartana
416 1834 622 1864 sanissimum
652 1834 808 1873 corripere
836 1839 950 1874 potest,
979 1835 1005 1864 si

234 1877 329 1907 modo
355 1878 433 1906 duos
456 1882 560 1907 tresve
585 1877 652 1907 dies
675 1877 710 1906 in
735 1876 816 1906 10015
841 1877 1006 1916 paludosis

234 1920 344 1959 egerit,
360 1921 440 1955 378;
461 1920 569 1959 qualia
582 1919 686 1960 pariat
702 1924 928 1959 symptomata,
946 1920 1005 1956 74;

235 1963 416 1993 diutimiior
442 1963 592 1993 humores
612 1963 795 2002 inquinanS,
821 1963 1006 1992 cachexiam

234 2005 360 2045 aliaque
376 2005 461 2036 mala
476 2006 609 2042 inducit,
627 2006 708 2041 378;
733 2006 936 2036 Medicorum
949 2016 1005 2046 op-

235 2049 409 2088 probrium,
428 2050 467 2079 82
482 2062 489 2085 ς
515 2054 546 2079 et
561 2059 670 2088 quare,
688 2050 767 2084 282;
796 2059 892 2088 quem
909 2049 1008 2079 semel

235 2092 394 2128 cruciarit,
419 2092 481 2122 alia
505 2092 574 2122 vice
598 2102 662 2121 non
685 2091 827 2121 multum
850 2092 1009 2131 fatigabit,

235 2134 295 2170 74;
320 2146 390 2165 ann.
410 2136 562 2165 ’61—’64
579 2134 759 2165 autumnali
777 2140 920 2174 tempore
936 2135 1008 2165 aliis

234 2178 505 2217 praedominatur,
520 2183 654 2218 tumque
675 2178 746 2207 vela
761 2178 929 2215 contrahit,
947 2179 1006 2214 38;

235 2221 394 2260 quomodo
417 2221 451 2250 in
473 2231 564 2251 senes
585 2227 615 2251 et
630 2225 830 2251 senescentes
845 2226 928 2261 agat,
946 2220 1007 2257 74;

235 2264 396 2302 quomodo
413 2274 430 2294 a
445 2264 628 2303 junioribus
647 2269 678 2294 et
700 2264 867 2294 infantulis
881 2264 1008 2294 tenellis

235 2307 365 2343 feratur,
388 2307 439 2343 74,
464 2308 525 2342 83;
551 2317 613 2347 qua
635 2307 757 2337 ratione
778 2317 834 2347 per
856 2307 1007 2337 corticem

236 2349 352 2380 Peruv.
370 2354 507 2386 curetur,
525 2352 597 2386 284,
616 2351 696 2385 285,
723 2350 778 2389 qui
800 2349 876 2379 huic
897 2350 1008 2380 morbo

236 2393 343 2432 potius
358 2393 504 2423 inducias
520 2393 680 2433 impetrat,
695 2403 791 2432 quam
807 2403 883 2422 eum
899 2392 1006 2423 debel-

235 2435 290 2471 lat,
317 2438 377 2471 82;
411 2446 469 2466 1100
500 2446 519 2466 3
547 2436 681 2476 repetito
711 2436 836 2475 saepius
867 2435 1006 2466 medica-

235 2484 353 2514 mento,
371 2478 433 2508 nisi
456 2478 553 2518 longo
576 2479 729 2519 temporis
752 2483 866 2515 tractu,
883 2489 1006 2519 expug-

236 2526 340 2557 natur,
368 2524 428 2556 82;
460 2522 614 2552 catharsis
637 2532 737 2561 aeque
758 2521 823 2551 fere
848 2527 941 2552 nocet
971 2532 1007 2551 ac

236 2565 460 2601 venae-sectio,
494 2566 553 2600 8ος
594 2565 811 2595 venae-sectio
845 2570 938 2594 nocet
974 2565 1007 2594 111

231 2607 406 2645 juvenibus
429 2613 460 2637 et
483 2607 515 2637 in
536 2608 724 2643 senioribus,
742 2609 801 2643 80;
827 2607 910 2637 aeris
933 2618 1006 2637 mu-

236 2650 313 2679 tatio
329 2650 456 2689 quando
475 2651 653 2687 conveniat,
670 2656 701 2680 et
717 2660 824 2690 quare,
842 2652 901 2686 84;
927 2661 1009 2690 quae

237 2702 295 2721 suo
310 2698 452 2733 tempore
469 2694 495 2723 si
513 2704 577 2724 non
596 2694 798 2730 concedatur,
816 2693 893 2733 quid
908 2703 1006 2734 agen-

237 2734 324 2769 dum,
342 2737 392 2765 85.

284 2778 468 2809 Quotidiana
492 2779 589 2810 febris
612 2789 770 2819 quaenam
793 2779 928 2816 dicatur,
948 2778 1006 2814 70;

237 2820 441 2859 quotidianae
465 2822 567 2852 febres
590 2832 647 2862 pro
666 2822 771 2852 lubitu
789 2823 924 2861 duplices
945 2827 1006 2852 ter-

237 2865 340 2893 tianae
363 2864 516 2904 appellari
540 2870 684 2904 possunt,
701 2867 782 2900 2803
813 2867 1008 2904 quotidianae

236 2905 409 2948 improprie
431 2906 603 2947 aliquando
628 2908 840 2950 appellantur,
858 2918 939 2949 quac
955 2908 1006 2939 vel

826 102 999 140 INDEX
1026 101 1236 141 RERUM.

1057 204 1212 236 tertianae
1239 204 1396 246 duplices,
1419 204 1472 236 vel
1495 209 1669 247 quartanae
1691 200 1835 247 triplices

1059 253 1143 284 sunt,
1161 248 1211 281 76.

1103 290 1424 331 Racn1r11>2‚(De)
1442 291 1518 329 596,
1533 291 1606 324 597.

1104 333 1253 364 Rachitis
1264 344 1340 364 vera
1351 343 1415 364 non
1428 339 1475 364 est
1484 335 1625 365 curanda
1637 334 1835 372 catharticis,

1060 377 1141 412 382;
1174 377 1340 407 rachitidis
1366 376 1507 407 febribus
1535 377 1709 408 infantium
1730 377 1830 408 inter-

1059 419 1143 449 mitt.
1163 419 1332 450 succedere
1348 419 1460 449 solitae
1475 420 1607 457 curatio,
1623 421 1674 451 89.

1105 461 1253 492 Rationis
1276 463 1437 492 humanae
1459 468 1622 493 momenta
1645 473 1744 504 quam
1767 462 1833 494 sint

1059 504 1147 534 varia
1162 509 1193 535 et
1209 505 1348 541 subtilia,
1367 506 1439 547 510,
1456 506 1529 536 511.

1104 546 1261 578 Recidiva
1287 548 1321 578 in
1345 528 1536 588 d'ysenteria,
1567 547 1716 583 176;111
1745 548 1834 579 febre

1059 590 1179 620 contin.
1193 596 1280 639 post.
1283 600 1380 621 usum
1403 590 1453 630 cl)
1457 596 1578 622 steruln
1599 596 1629 621 et
1645 590 1834 622 cathartico·

1059 642 1145 669 rum,
1174 634 1233 669 50;
1271 633 1305 663 in
1341 633 1483 664 febribus
1519 634 1683 664 intermitt.
1715 634 1834 665 cortice

1060 675 1176 706 Peruv.
1190 677 1319 712 curatis,
1334 678 1395 707 288
1407 689 1414 711 ς
1431 677 1464 706 in
1478 676 1675 716 gonorrhoea
1688 676 1781 707 virul.
1793 686 1833 707 ex

1061 718 1189 749 decocto
1212 718 1387 759 lignorum,
1403 720 1486 756 317;
1511 720 1544 750 in
1567 719 1683 750 chorea
1705 719 1737 750 S.
1752 719 1833 758 Viti,

1104 804 1313 844 Refrigerans
1328 814 1494 835 summum
1518 808 1565 835 est
1587 805 1742 835 catharsis
1762 809 1834 846 post

1061 847 1366 884 venae-sectionem,
1406 849 1488 884 506;
1538 847 1759 887 refrigerantia
1799 848 1834 878 in

1061 890 1180 920 morbis
1203 890 1315 927 acutis,
1341 891 1424 926 2323
1450 891 1483 921 in
1507 890 1647 920 febribus
1670 890 1832 931 malignis,

1062 933 1143 969 5093
1167 933 1200 963 in
1224 932 1403 973 phrenitide
1426 934 1575 970 instante,
1592 934 1672 969 494;
1697 933 1731 964 in
1753 933 1835 973 pod-

1061 985 1146 1015 agra,
1177 977 1259 1011 435;
1297 981 1425 1006 externe
1455 976 1608 1016 applicita
1643 976 1836 1016 periculosa,

1061 1018 1123 1051 447
1140 1031 1146 1054 ;
1170 1018 1391 1058 refrigerantia
1412 1019 1445 1049 in
1469 1020 1531 1049 fine
1555 1019 1658 1049 morbi
1675 1029 1749 1049 eum
1764 1029 1834 1059 pro-

1061 1061 1203 1100 trahunt,
1221 1063 1281 1098 5ος
1304 1062 1402 1103 idque
1424 1062 1565 1093 maxime
1584 1062 1618 1092 in
1634 1062 1834 1102 grandaevis,
1877 1071 1880 1074 ·

1106 1147 1268 1187 Regimen
1288 1147 1322 1178 in
1343 1146 1472 1178 variolis
1489 1147 1584 1188 quale
1605 1148 1762 1179 conducat
1782 1147 1838 1178 ve}

1063 1189 1200 1227 obiiciat,
1223 1201 1262 1221 ex
1287 1200 1349 1230 quo
1371 1191 1485 1221 deduci
1509 1191 1630 1228 debeat,
1650 1193 1722 1228 340,
1749 1191 1834 1226 341;

1063 1233 1230 1273 regiminis
1248 1234 1408 1263 calidioris
1430 1234 1464 1264 in
1482 1233 1612 1264 variolis
1634 1244 1747 1272 noxae,
1763 1235 1836 1271 131,

1066 1277 1136 1313 133,
1156 1278 1227 1313 192,
1245 1278 1318 1313 221,
1344 1277 1415 1314 336,
1436 1278 1509 1313 337,
1535 1278 1618 1312 343;
1644 1281 1675 1307 et
1694 1277 1728 1307 in
1749 1276 1837 1307 febre

1064 1319 1228 1356 variolosa,
1256 1320 1328 1356 156,
1358 1320 1436 1356 157;
1470 1320 1505 1349 in
1532 1320 1722 1360 dysenteria,
1751 1319 1835 1356 168;

1063 1362 1096 1391 111
1127 1362 1294 1399 morbillis,
1328 1363 1408 1398 185;
1448 1362 1482 1392 in
1510 1362 1652 1393 febribus
1674 1362 1835 1402 plerisque

1063 1405 1257 1442 discrimina,
1275 1406 1357 1441 2462
1381 1405 1549 1445 regiminis
1570 1405 1786 1445 refrigerantis
1802 1405 1834 1435 in

1063 1448 1146 1478 cutis
1159 1448 1324 1478 affectibus
1338 1454 1581 1485 nocumentum,
1594 1450 1654 1478 565
1667 1461 1674 1483 ;
1698 1448 1731 1478 in
1748 1448 1836 1478 febre

1063 1491 1219 1522 variolosa
1235 1491 1413 1529 commoda,
1432 1492 1490 1524 157
1504 1504 1511 1527 ;
1534 1491 1569 1521 111
1584 1490 1714 1521 variolis
1729 1491 1834 1528 confi„

1107 1576 1337 1607 Remediorum
1349 1575 1514 1616 ingentem
1524 1575 1647 1618 sylvam
1661 1586 1759 1617 quare
1770 1585 1836 1607 non

1062 1619 1166 1649 tradat
1182 1620 1315 1656 Auctor,
1332 1620 1383 1649 21.

1109 1662 1238 1692 Renum
1254 1662 1408 1692 calculus.
1427 1660 1474 1702 [ν.
1494 1660 1663 1702 Calc-ulna]

1109 1704 1313 1745 Repellentia
1324 1706 1357 1735 in
1369 1705 1519 1746 podagra,
1533 1710 1663 1735 externe
1672 1703 1834 1744 applicita,

1064 1747 1140 1788 quid
1157 1748 1234 1778 mali
1251 1753 1421 1788 praestent,
1438 1749 1512 1784 445,
1529 1748 1602 1780 447.

1106 1792 1167 1821 Res
1189 1802 1240 1821 sea:
1263 1793 1495 1821 non-naturales
1517 1794 1687 1831 peccantes
1704 1800 1837 1830 corpora

1064 1838 1171 1863 nostra
1187 1834 1226 1863 ad
1241 1833 1340 1873 hujus
1362 1834 1494 1864 illiusve
1507 1833 1611 1863 morbi
1627 1833 1761 1873 epidem.
1778 1843 1835 1874 ge-

1064 1876 1261 1906 nerationem
1282 1876 1467 1917 disponunt,
1485 1877 1522 1907 31
1538 1889 1544 1911 ;
1569 1876 1625 1916 qui
1646 1876 1748 1906 morbi
1765 1881 1836 1906 tum

1064 1919 1144 1949 varii
1168 1919 1355 1949 exoriuntur
1376 1930 1434 1960 pro
1457 1919 1684 1950 constitutione
1707 1919 1784 1950 anni
1806 1922 1838 1950 et

1065 1962 1238 1992 humorum
1255 1962 1426 2002 dyscrasia,
1444 1964 1517 1998 240,
1535 1963 1607 1993 241.

1109 2005 1292 2045 Respiratio
1314 2005 1348 2035 in
1371 2005 1542 2045 pleuritide
1565 2003 1727 2035 essentiali
1747 2009 1837 2036 metu

1065 2048 1163 2079 tussis
1179 2048 1218 2078 ab
1234 2058 1328 2088 aegro
1344 2049 1539 2089 reprimitur,
1556 2049 1628 2079 245.

1110 2091 1356 2121 Rhabarbarum
1388 2092 1423 2121 in
1461 2091 1642 2132 dysenteria
1678 2090 1746 2121 sine
1774 2090 1838 2122 alio

1065 2139 1223 2174 purgante
1238 2134 1302 2164 leni
1318 2134 1508 2171 exhibitum,
1526 2145 1624 2174 quare
1639 2144 1702 2164 non
1718 2134 1838 2164 condu-

1066 2182 1128 2213 cat,
1147 2177 1203 2207 171
1219 2189 1225 2213 3
1251 2187 1326 2207 cum
1345 2178 1495 2208 cerevisia
1510 2178 1543 2207 in
1559 2176 1745 2212 infantibus,
1761 2177 1834 2208 504.

1111 2219 1320 2250 Rheumatici
1344 2220 1468 2251 dolores
1495 2220 1633 2250 nimium
1657 2230 1675 2250 a
1697 2219 1780 2250 lecto
1803 2219 1836 2250 in

1065 2263 1207 2293 febribus
1228 2263 1362 2303 epidem.
1379 2263 1577 2299 abstinendo,
1594 2262 1669 2293 oriri
1692 2267 1836 2302 possunt,

1066 2306 1147 2341 2ll;
1173 2305 1302 2345 quidam
1324 2316 1381 2346 pro
1405 2306 1546 2337 scorbuti
1567 2305 1838 2346 symptomatibus

1064 2349 1233 2385 habentur,
1251 2350 1322 2379 259.

1111 2392 1391 2429 RnEUMA‘rlsMo,
1413 2391 1500 2432 (DE)
1524 2392 1706 2429 255-261,
1731 2392 1839 2422 299—-

1067 2436 1140 2471 303,
1159 2435 1231 2470 556,
1251 2436 1324 2467 557.

1110 2478 1380 2508 Rheumatismus
1395 2488 1413 2508 a
1431 2477 1639 2518 scriptoribus
1661 2477 1837 2526 neglectus,

1067 2522 1151 2556 256;
1186 2521 1407 2551 rheumatismi
1433 2520 1575 2557 historia,
1587 2521 1669 2556 256
1704 2520 1837 2557 curatio,

1068 2564 1142 2600 257,
1158 2565 1240 2599 556;
1265 2564 1423 2604 anodynis
1450 2563 1568 2604 figitur,
1588 2567 1619 2593 et
1634 2563 1836 2603 protrahitur,

1067 2608 1148 2642 258;
1174 2617 1190 2636 3
1207 2606 1311 2637 calore
1333 2606 1409 2637 lecti
1432 2606 1620 2643 intenditur,
1636 2607 1716 2641 258,
1741 2605 1838 2636 febris

1067 2660 1124 2690 pro
1150 2650 1260 2679 morbo
1290 2649 1442 2689 primario
1471 2649 1627 2686 habenda,
1655 2650 1735 2683 239;
1773 2657 1838 2678 non

1067 2693 1178 2723 eodem
1201 2693 1320 2733 vigore,
1345 2692 1432 2722 febre
1455 2692 1598 2733 depulsa,
1619 2691 1758 2727 lacessit,
1772 2701 1838 2721 non

1067 2741 1174 2766 tamen
1187 2735 1257 2765 ideo
1273 2736 1535 2770 contemnendus,
1549 2735 1622 2771 256,
1635 2735 1714 2770 556;
1734 2743 1839 2764 mem-

1066 2779 1122 2808 bra
1149 2783 1240 2808 motu
1266 2778 1354 2808 omni
1379 2788 1472 2818 saepe
1500 2778 1540 2808 ad
1570 2783 1705 2807 mortem
1734 2786 1839 2817 usque

1066 2821 1181 2862 privat,
1198 2822 1278 2856 256;
1304 2826 1416 2861 sponte
1438 2831 1530 2861 saepe
1552 2820 1681 2850 tandem
1705 2819 1838 2856 desistit,

1067 2865 1151 2899 256;
1176 2864 1349 2905 podagram
1373 2864 1545 2904 aliquando
1568 2862 1731 2899 mentitur,
1756 2862 1837 2897 417;

1065 2907 1315 2939 rhcuniatismus
1344 2907 1539 2938 inveteratus
1561 2905 1722 2948 quomodo
1751 2909 1840 2940 trac·-
