1985 3308
279 152 804 196 OBSERVATIONUM
835 151 1210 193 MEDICARUM
1243 156 1308 191 VI.
1335 159 1367 189 6.
1465 155 1549 197 263

91 257 170 300 diis
200 259 322 300 illum
354 259 774 313 contemperantibus
815 258 1199 309 sufflaminandam,
1243 272 1392 300 censeo
1409 276 1420 309 ;
1453 273 1546 301 eam
1594 268 1723 300 anms

91 327 286 381 denique,
319 342 425 382 quae
452 329 542 381 jam
574 327 765 381 partibus
795 327 981 381 impacta
1014 331 1091 377 est,
1118 327 1341 367 materiam
1369 341 1544 368 evocan-
1565 310 1763 385 Effigppn-

91 395 202 445 dam,
225 395 630 448 discutiendamque.
1565 400 1751 451 psscssa'nffi

150 463 269 504 Haec
290 468 339 504 ut
366 464 484 513 fiant,
507 464 580 503 ubi
610 463 796 517 primum
817 461 982 513 accede,
1005 462 1105 502 satis
1135 462 1298 516 largam
1327 463 1546 516 sanguinis
1567 497 1635 532 bus,
1653 500 1750 537 pam·

91 532 374 584 quantitatem
397 545 419 572 e
440 531 611 572 brachio
633 531 797 572 extrahi
824 531 1047 585 praecipio,
1070 531 1142 585 qui
1164 531 1336 584 quidem
1356 532 1546 584 pleuriti·
1566 539 1626 569 bus
1640 541 1708 579 jam

1566 457 1747 486 evacuanti-

91 612 238 639 corum
259 599 511 651 sanguinem
528 599 614 640 sere
636 613 800 652 semper
821 599 1071 639 aemulatur.
1105 599 1186 638 Die
1208 604 1411 652 sequente
1427 599 1547 639 blan·
1566 588 1740 655 {fflssss‘nfffl}

91 665 189 708 dam
219 667 334 707 illam
364 668 580 720 potionem
608 666 910 708 catharticamk
941 667 1046 707 mihi
1072 666 1119 707 in
1149 667 1267 721 praxi
1295 667 1546 708 familiarem
1565 667 1755 741 glgjfdiffem

90 735 281 786 exhibeo,
304 740 345 776 et
367 736 471 776 hora
492 737 628 776 somni
654 736 703 789 (si
724 736 849 789 paulo
876 735 1140 789 frequentius
1163 735 1363 789 dejecerit
1389 737 1542 789 aeger,)
1566 758 1746 793 contempe-

89 802 293 844 haustum
320 803 502 856 aliquem
529 804 1076 857 parcgoricum,—exempli
1098 804 1246 856 gratia,
1269 818 1473 858 syrupum
1495 804 1547 844 (le
1565 796 1730 868 Ξῗέἑῗίἓῗι-

91 871 284 912 meconio
328 871 374 911 in
415 887 523 925 aqua
564 872 715 912 florum
755 872 1006 925 paralyseos,
1048 871 1113 911 vel
1153 871 1285 911 alium
1326 871 1545 924 ejusmodi.
1567 880 1623 916 da;

91 940 269 980 Peracta
301 940 499 990 catharsi,
535 945 700 994 partem
740 940 936 981 affectam
972 940 1167 994 sequenti
1208 939 1380 981 decocto
1419 940 1549 981 foveri
1567 934 1755 1016 {ssilfflspoqt

87 1007 218 1061 jubeo
235 1024 304 1049 :—
1568 1019 1727 1049 catharsiu

1568 1062 1732 1111 applican-

93 1129 225 1170 [Form.
244 1130 319 1176 43.]
337 1129 343 1149 ¹
383 1129 421 1182 Η
452 1131 594 1165 Radicis
610 1132 789 1173 Althaeae,
1570 1105 1626 1137 ‘hs'

450 1188 626 1234 [Radicis]
648 1190 828 1231 Liliorum,
847 1200 914 1223 ana
930 1190 1052 1224 uncias
1069 1190 1167 1232 duas,

443 1245 618 1279 Foliorum
640 1247 792 1286 Malvae,

446 1302 657 1347 [Foliorum]
680 1303 858 1344 sambuci,

442 1357 655 1403 [Foliorum]
674 1359 849 1401 verbasci,
866 1370 935 1393 ana
951 1360 1148 1405 manipulos
1166 1359 1264 1402 duos,

443 1415 584 1449 Florum
603 1416 767 1457 Meliloti,

442 1472 694 1506 Summitatum
714 1473 750 1506 H
754 1473 895 1518 yperici,

440 1530 728 1575 [summitatum]
744 1531 926 1564 Centaurii
937 1530 1099 1573 Minoris,
1112 1542 1181 1565 ana
1194 1532 1413 1578 manipulum
1426 1545 1546 1577 unum,

440 1588 622 1622 Seminum
643 1589 734 1629 Lini,

442 1645 662 1690 [seminum]
684 1646 712 1678 F
715 1646 932 1690 oenugraeci,
949 1657 1019 1680 ana
1036 1647 1253 1680 semunciam
1270 1661 1277 1688 ;

279 1702 402 1747 Coque
419 1703 454 1736 in
469 1703 651 1737 sufficienti
667 1704 863 1747 quantitate
877 1715 988 1747 aquae
1002 1703 1044 1737 ad
1057 1704 1161 1737 libras
1176 1710 1261 1738 tres:
1280 1705 1411 1740 coletur
1422 1707 1548 1751 liquor,

276 1766 310 1794 et
327 1766 479 1805 tempore
498 1772 579 1794 usus
596 1760 685 1794 adde
710 1761 858 1805 singulis
880 1761 976 1794 libris
1001 1761 1146 1802 decocti,
1165 1761 1311 1806 Spiritus
1329 1763 1411 1796 Vini
1430 1765 1550 1798 uncias

279 1817 375 1851 duas.
404 1817 557 1862 Stuphae
574 1829 592 1851 e
610 1829 724 1862 panno
742 1818 842 1851 laneo
860 1818 943 1851 levis
960 1824 1117 1852 texturae
1131 1819 1195 1852 hoc
1210 1819 1350 1854 decocto
1367 1821 1549 1855 immersae

277 1884 318 1907 ac
335 1885 526 1918 expressae,
540 1874 650 1907 calide
667 1873 918 1907 admoveantur
936 1875 1025 1918 parti
1041 1875 1094 1908 bis
1111 1875 1148 1908 in
1161 1875 1228 1916 die,
1244 1887 1332 1920 quae
1348 1883 1427 1921 post
1436 1877 1548 1911 fotum

279 1931 433 1975 quotidie
450 1931 605 1964 illiuatur
623 1932 780 1975 sequenti
798 1931 953 1965 mixtura
964 1946 1021 1964 :—

93 2037 226 2082 [Form.
251 2037 342 2083 44.]¹
381 2035 421 2079 R
451 2038 600 2083 Spiritus
610 2038 693 2071 Vini
708 2038 834 2072 libram
852 2038 1045 2080 dimidiam,

443 2097 473 2129 T
476 2096 633 2130 heriacae
651 2096 886 2130 Andromachi
904 2098 1026 2131 uncias
1043 2098 1141 2138 duas,

442 2152 598 2187 Pulveris
618 2154 749 2198 Pipcris
768 2154 894 2197 Longi,

444 2211 636 2256 [Pulveris]
659 2212 979 2256 Caryophyllorum,
997 2224 1065 2246 ana
1083 2212 1264 2248 drachmas
1283 2214 1390 2257 duas3

279 2268 415 2309 Misce;
439 2268 559 2302 charta
580 2270 788 2314 emporetica
805 2269 870 2302 hac
892 2270 1046 2303 mixtura
1069 2270 1266 2306 madefacta
1287 2275 1378 2317 parti
1400 2275 1546 2310 circum-

278 2327 446 2361 volvatur.

157 2429 236 2484 [5.]
273 2430 414 2484 Aeger
448 2431 622 2485 insuper
651 2435 701 2472 ut
731 2431 908 2486 jusculis
944 2435 1116 2473 tantum
1145 2432 1388 2475 hordeaceis
1419 2439 1546 2490 atque
1567 2446 1658 2478 Quae
1675 2448 1722 2478 di-

93 2498 322 2548 avenaceis‚
345 2512 442 2539 cum
462 2500 597 2552 pomis
618 2500 780 2550 assatis,
801 2504 995 2541 vescatur
1014 2501 1107 2541 volo
1122 2518 1134 2551 3
1163 2506 1258 2542 tum
1283 2503 1411 2543 etiam
1434 2518 1546 2545 cere·
1565 2490 1742 2565 ἓξξξζὲζζξῆῐ

93 2567 196 2608 visia
216 2572 362 2608 utatur
382 2568 644 2619 tenuissima,
667 2574 709 2609 et
730 2583 805 2622 per
825 2569 949 2609 horas
971 2569 1131 2623 aliquot
1153 2570 1330 2624 singulis
1353 2572 1500 2614 diebus
1523 2588 1547 2614 a

92 2634 202 2676 lecto
223 2636 303 2677 sibi
324 2641 544 2690 temperet.
608 2637 703 2678 Hac
724 2637 925 2678 methodo
945 2642 1039 2678 tum
1060 2638 1201 2688 febris,
1219 2643 1310 2679 tum
1333 2640 1414 2681 alia
1435 2655 1546 2695 sym-

93 2707 296 2758 ptomata,
325 2704 526 2746 citissime
549 2709 599 2746 ut
620 2705 851 2759 plurimum
880 2706 1110 2759 fugantur:
1152 2707 1218 2747 sin
1243 2708 1377 2759 aliter,
1399 2723 1546 2751 rursus

92 2785 243 2814 venam
263 2787 357 2814 seeo
372 2791 384 2824 5
417 2774 528 2827 quod
549 2779 592 2814 et
613 2774 789 2815 tertium
810 2788 1120 2828 nonnunquam
1140 2775 1231 2816 fieri
1253 2776 1391 2828 debet,
1413 2778 1544 2819 inter-

93 2840 228 2893 posito
258 2855 423 2895 semper
453 2842 520 2883 die
547 2856 646 2893 uno,
670 2843 704 2883 si
733 2857 861 2896 prava
888 2857 1039 2897 nempe
1067 2843 1176 2884 adsit
1208 2845 1426 2898 sanguinis
1457 2846 1544 2887 dia-

217 2927 233 2948 k
258 2926 306 2956 Cf.
324 2926 449 2957 sor-mm.
469 2928 499 2963 8,
515 2928 566 2963 24,
585 2927 640 2957 &c
1013 2926 1019 2945 ¹
1045 2928 1092 2958 Cf.
1111 2928 1235 2958 formm.
1257 2929 1326 2965 171,
1347 2929 1416 2961 172.
