1985 3308
389 143 782 185 DISSERTATIO
815 142 1217 184 EPISTOLARIS.
1445 143 1527 182 375

73 265 293 304 nunquam
314 251 641 305 perfunduntur,
665 250 736 303 qui
757 263 844 289 non
865 248 917 289 ab
940 248 1021 288 alia
1041 261 1167 288 eausa
1188 247 1340 296 fluunt,
1360 260 1485 299 quam
1509 261 1532 286 a
1576 259 1629 288 Da
1647 259 1712 289 Απ-

73 319 154 358 seri
175 319 394 372 sanguinis
415 317 608 368 diathesi,
626 317 769 370 quain
791 316 974 369 corporis
995 314 1190 355 habitum
1208 313 1335 367 gestit
1356 314 1530 363 effundi,
1551 309 1649 372 229¹}ss
1658 302 1730 374 ΙῙέζ·

73 386 126 427 ob
148 387 273 427 modo
295 391 571 427 memoratam
593 385 811 438 sanguinis
833 381 1022 435 ἀταξίαν.
1697 389 1731 391 “

138 453 246 506 [88.]
286 454 437 507 Frigus
455 453 567 507 quod
584 453 751 502 attinet,
769 466 851 505 quo
872 451 998 491 toties
1015 450 1160 502 algent
1176 452 1316 502 partes
1333 452 1531 488 externae
1552 460 1677 499 Frigus,

71 525 118 565 in
134 525 375 565 Affectibus
399 525 648 579 IIysterieis,
670 525 764 565 luce
785 523 936 564 clarius
961 526 1038 572 est,
1060 521 1166 561 illud
1187 535 1238 561 ex
1259 534 1308 560 eo
1329 519 1531 569 accidere,

73 593 185 646 quod
221 593 406 646 spiritus,
431 608 551 633 suam
586 593 631 632 in
666 592 748 632 illis
785 591 1013 632 stationem
1046 589 1301 637 deserentes,
1325 601 1368 628 se
1401 587 1533 627 nimio

71 674 196 714 opere
217 661 263 701 in
283 661 393 701 hanc
414 661 580 701 illamve
601 665 766 714 partem
786 660 990 700 inserant.
1046 657 1140 698 Nec
1161 661 1225 697 est
1247 655 1532 695 dubitandum

72 729 176 782 quin
207 733 297 769 tam
332 729 469 779 fletus,
504 743 630 782 quam
661 728 905 778 cachinnus,
939 741 1064 781 quem
1096 727 1254 767 tollunt
1286 724 1403 765 haud
1438 738 1532 765 raro
1550 737 1701 773 flet11s,et

73 795 338 850 Hysterieae,
372 796 501 836 etiam
534 796 652 836 nulla
687 796 786 836 data
817 809 930 845 ansa,
968 809 993 835 a
1028 794 1243 847 spiritibus
1281 792 1532 833 animalibus
1550 780 1706 810 ⁰³‘'¹¹³¹¹¹¹³·

71 868 334 918 procuretur,
365 878 536 917 organa,
560 878 666 917 quae
696 864 762 904 his
792 862 1084 904 functionibus
1115 861 1370 902 animalibus
1399 860 1531 900 inser-

70 932 205 982 viunt,
226 946 383 984 magna
402 932 443 972 vi
464 932 745 985 pulsantibus.

136 1000 244 1054 [89]
275 1000 425 1041 Obiter
441 1000 578 1040 (licam
595 1013 731 1039 mares
753 999 880 1039 etiam
901 998 1105 1052 (quamw's
1126 997 1260 1038 rarius
1276 997 1320 1037 id
1336 996 1529 1049 eveniat)

70 1067 190 1108 fletui
217 1082 267 1108 ex
295 1068 414 1108 nulla
440 1066 654 1123 προφάσει
685 1067 938 1120 quandoque
970 1066 1172 1106 obnoxios
1202 1065 1389 1119 reperiri.
1453 1065 1533 1105 Ac·
1553 1074 1655 1123 Casus
1670 1086 1725 1105 cu-

71 1134 265 1175 cersebar
293 1134 519 1187 aliquando
547 1133 600 1174 ad
627 1133 764 1173 virum
791 1139 879 1174 tam
908 1133 1080 1186 ingenio
1114 1147 1238 1186 quam
1273 1146 1428 1186 genere
1457 1118 1676 1172 no-³¹¹⁵d²¹¹¹¹

1551 1160 1639 1189 fletui
1657 1161 1718 1189 iin-

69 1202 212 1252 bilem,
235 1203 307 1256 qui
327 1217 416 1243 non
435 1202 517 1242 nisi
538 1202 683 1255 paucis
705 1201 854 1242 diebus
876 1215 901 1241 a
920 1201 1037 1241 febre
1059 1201 1341 1250 convaluerat,
1360 1199 1533 1240 alterius
1551 1203 1676 1232 modico

71 1270 233 1311 Medici
263 1271 437 1311 consilio
467 1284 582 1320 usuS,
607 1270 679 1323 qui
710 1275 752 1310 et
781 1269 1032 1322 sanguinem
1062 1268 1311 1318 detraxerat,
1335 1273 1377 1308 et
1406 1267 1528 1320 phar·
1551 1245 1706 1326 ᾗοᾟὲῖἶι

70 1352 238 1378 maeum
267 1338 547 1378 catharticum
578 1342 645 1378 ter
673 1336 937 1386 exhibuerat,
966 1341 1060 1376 tum
1091 1335 1220 1376 etiam
1248 1335 1444 1375 carnibus
1474 1335 1534 1374 illi
1552 1330 1689 1359 obnoxii.

69 1405 360 1446 interdixerat.
424 1406 554 1445 Hunc
581 1404 656 1444 ubi
687 1404 884 1444 vestitum
916 1402 1217 1455 conspexerim,
1250 1406 1293 1442 et
1324 1402 1376 1441 de
1408 1401 1533 1441 rebus

71 1472 330 1526 quibuslibet
354 1486 451 1513 011111
468 1472 628 1526 judicio
650 1472 925 1511 disserentem
951 1470 1172 1520 audierim,
1190 1469 1392 1522 rogabam
1410 1483 1532 1521 quor-

70 1555 166 1580 sum
188 1554 257 1581 me
285 1540 530 1581 conveniret
543 1557 554 1590 5
585 1539 805 1593 respondit
831 1537 1050 1578 familiaris
1077 1537 1250 1590 quidam
1277 1537 1381 1590 ejuS,
1408 1535 1533 1576 modo

70 1613 335 1662 expectarem
355 1608 581 1662 paulisper,
602 1622 669 1648 res
697 1607 787 1660 ipsa
812 1607 1070 1660 loqueretur.
1132 1604 1369 1645 Considens
1390 1603 1532 1656 itaque

70 1680 113 1715 et
141 1688 354 1716 sermones
383 1689 480 1715 eum
505 1687 631 1726 aegro
659 1674 846 1723 trahens,
868 1687 965 1713 mox
992 1672 1207 1713 observavi
1234 1672 1402 1712 labrum
1426 1671 1532 1711 infe-

70 1742 158 1782 rius
188 1742 422 1796 pendulum
452 1741 658 1794 protrudi,
681 1755 780 1781 cum
810 1741 1079 1781 motitatione
1110 1739 1269 1790 erebra,
1297 1739 1376 1792 (uti
1397 1739 1533 1780 solent

69 1811 255 1852 infantes
285 1811 535 1851 morosiores
567 1811 717 1850 fletum
748 1810 981 1863 adornare,)
1019 1815 1061 1851 et
1094 1811 1246 1851 exinde
1277 1824 1453 1863 aegrum
1487 1811 1532 1849 in

69 1885 214 1920 tantas
246 1879 348 1919 solu·
372 1878 624 1931 lachrymas,
653 1882 832 1930 quantas
866 1878 932 1917 vix
962 1878 1062 1918 alias
1090 1878 1175 1917 vidi
1202 1892 1407 1930 unquam,
1435 1891 1531 1918 cuni

71 1947 235 2000 gemitu
266 1960 313 1986 ae
344 1946 533 1999 suspiriis
564 1950 734 1984 tantum
766 1958 853 1984 11011
884 1943 1157 1984 convulsivis:
1192 1944 1264 1997 qui
1291 1949 1437 1984 tamen
1468 1958 1531 1984 re-

70 2014 272 2068 pentinus
292 2018 458 2053 torrens
480 2026 567 2052 11011
588 2011 649 2051 ita
669 2011 805 2050 multo
825 2016 919 2063 post
942 2011 1157 2051 detumuit
1177 2026 1361 2064 prorsus.
1406 2011 1532 2051 Hane

71 2097 150 2136 ego
172 2081 438 2122 affectionem
461 2095 485 2120 a
506 2080 732 2133 spirituum
754 2078 906 2134 ἀταξίᾳ
929 2079 1098 2132 (partim
1122 2094 1146 2119 a
1166 2079 1303 2120 morbi
1320 2079 1531 2119 diuturni-

70 2156 172 2200 tate,
194 2150 349 2203 partim
381 2149 432 2189 ab
462 2147 805 2189 evacuationibus
828 2161 931 2200 quas
957 2146 1157 2202 θεραπεία
1184 2147 1419 2188 necessario
1448 2147 1531 2187 exi-

71 2217 211 2271 gebat,
235 2219 356 2269 orta‚)
381 2216 564 2270 pendere
586 2214 905 2264 existimabam3
933 2215 1089 2268 partim
1111 2215 1240 2255 etiam
1265 2215 1317 2255 ab
1343 2215 1530 2254 exinani-

70 2285 200 2334 tione,
223 2289 265 2325 et
296 2284 555 2324 abstinentia
585 2297 610 2323 a
640 2283 851 2333 carnibus,
875 2297 1001 2335 quam
1023 2283 1152 2322 etiam
1181 2282 1234 2322 ad
1262 2283 1349 2322 dies
1371 2282 1530 2336 aliquot

70 2361 343 2409 posteaquam
367 2355 635 2396 convaluerat
660 2355 938 2407 imperaverat
960 2353 1168 2404 Medicus,
1192 2368 1274 2407 quo
1299 2367 1397 2394 eum
1422 2367 1446 2393 a
1466 2367 1530 2393 re—

71 2424 206 2465 cidiva
236 2428 468 2478 praestaret
500 2423 766 2464 securiorem.
831 2420 946 2461 Hine
977 2435 1075 2462 eum
1106 2421 1381 2474 pronunciavi
1412 2425 1530 2460 extra

70 2505 240 2532 omnem
271 2492 397 2533 febris
429 2493 563 2533 aleam
599 2492 689 2545 jam
725 2490 1020 2540 constitutum,
1054 2494 1376 2543 symptomaque
1411 2503 1529 2541 prae-

71 2560 232 2601 dictum
262 2561 496 2601 inanitione
526 2565 697 2600 tantum
730 2559 900 2608 deberi3
940 2572 987 2598 ac
1017 2558 1192 2611 proinde
1224 2556 1452 2597 suadebam
1483 2562 1530 2596 ut

69 2628 234 2682 pullum
269 2629 550 2682 gallinaceum
584 2643 725 2668 assum
758 2628 802 2667 in
838 2626 1066 2680 prandium
1097 2626 1268 2680 juberet
1300 2625 1452 2679 parari,
1487 2631 1529 2665 et

70 2696 196 2737 simul
225 2697 371 2737 vinum
401 2697 565 2738 modice
600 2697 815 2737 hauriret:
849 2709 932 2749 quo
963 2695 1087 2744 facto,
1111 2699 1153 2734 et
1181 2693 1379 2734 carnibus
1411 2693 1528 2733 dein-

70 2776 166 2818 ceps
196 2764 411 2806 moderate
437 2778 622 2815 vescens,
644 2778 866 2817 nunquam
896 2762 1092 2816 deinceps
1119 2763 1267 2803 fletum
1288 2762 1403 2802 hunc
1429 2775 1528 2802 con-

69 2832 277 2874 vulsivum
300 2848 448 2887 passus
470 2838 548 2873 est.

135 2900 243 2955 [90.]
282 2902 344 2942 Ut
365 2901 539 2942 tandem
560 2900 705 2940 finiam
722 2917 729 2940 :
757 2901 936 2952 (caetera
957 2898 1070 2938 enim
1093 2911 1199 2951 quae
1220 2897 1265 2937 in
1281 2897 1360 2937 1100
1381 2895 1528 2936 morbo
