1985 3308
201 134 276 170 618

197 242 428 276 expurgentur,
450 240 532 274 458;
565 239 737 270 vomitione
758 249 813 280 per
837 250 966 270 crocum

200 279 403 310 metallorum
419 291 458 311 ex
474 282 655 312 abdominis
676 283 810 313 cavitate
825 288 968 322 potenter

199 328 404 359 evacuantur,
421 324 503 359 466;
529 325 584 355 sed
600 335 664 355 non
681 326 727 355 ita
741 331 889 365 prompte
912 325 967 355 ubi

200 362 280 394 levis
301 365 481 397 abdominis
504 372 610 398 tumor
626 368 715 397 adest
732 378 829 407 quam
846 368 900 397 ubi
916 368 966 397 in-

197 416 276 445 gens
300 418 457 447 aquarum
483 410 573 449 copia
598 415 729 449 aggesta
754 410 859 446 fuerit,
884 411 965 445 468;

198 450 357 488 quomodo
386 461 424 481 ex
449 452 628 483 abdominis
651 462 728 482 cavo
761 453 795 482 in
818 452 969 483 intestina

198 496 371 531 transeant,
388 495 460 525 462.

239 534 346 566 Ardor
361 537 471 567 urinae
486 537 519 566 in
535 536 730 576 gonorrhoea
739 536 844 572 virul.,
862 537 934 568 310.

240 577 403 609 Arenulae
422 579 637 619 nephritidem
658 579 714 609 ubi
729 584 874 616 causant,
891 579 970 619 quid

198 621 369 659 agendum,
388 623 461 652 395.

240 663 422 703 Argentum
443 664 554 693 vivum
580 663 654 703 plus
674 663 753 694 mali
774 674 873 704 quam
893 664 969 695 boni

197 711 337 744 praestat
352 706 385 736 in
401 707 463 736 ileo
479 716 563 742 ver0,
581 707 634 736 63.

240 748 395 778 Aromata
417 749 451 779 in
474 749 614 788 podagra
628 749 769 785 vitanda,
786 750 871 783 4333
898 759 967 779 aro-

195 791 313 821 matica
332 792 504 831 conjuncta
523 790 696 831 aliquando
716 792 876 831 majorum
891 797 969 822 sunt

195 832 314 863 virium
331 844 429 873 quam
445 844 555 864 eorum
573 834 746 874 quodlibet,
766 836 837 864 425.

238 876 302 906 Ars
318 877 443 906 medica
458 877 545 906 haud
560 877 678 907 rectius
695 887 792 916 quam
809 877 848 907 ab
864 877 968 917 ipsius

196 917 286 948 Artis
309 919 458 949 exercitio
482 927 577 959 atque
599 930 662 950 usu
684 920 902 959 perdiscenda,
929 921 966 955 43

196 960 320 991 duobus
337 962 451 992 mediis
467 961 600 991 ulterius
616 962 745 1002 provehi
758 967 879 1002 potest:
898 968 968 993 tum

194 1012 254 1042 ope
281 1004 431 1034 historiae
464 1005 648 1035 morborum
684 1005 874 1045 exquisitae,
908 1006 966 1040 103

195 1050 264 1075 tum
293 1047 436 1077 methodi
463 1047 613 1077 medendi
638 1048 720 1077 fixae
751 1058 787 1078 ac
815 1057 966 1078 consum-

195 1093 311 1125 matae,
330 1090 388 1124 14;
413 1090 439 1120 si
455 1089 511 1119 illa
527 1090 676 1120 methodo
690 1100 814 1130 semper
827 1090 966 1121 tradere-

194 1136 247 1161 tur
262 1136 298 1161 ut
312 1132 522 1162 indicationes
539 1143 578 1162 ex
599 1133 732 1163 historia
751 1133 850 1162 morbi
872 1133 966 1164 elice-

194 1179 314 1211 rentur,
335 1180 365 1205 et
387 1175 447 1205 hoc
470 1175 666 1215 experientia
690 1175 879 1212 firmaretur,
904 1186 968 1206 non

193 1216 368 1255 vilesceret,
395 1218 473 1258 quin
502 1218 610 1258 potius
638 1218 865 1254 illustraretur,
883 1219 966 1254 296;

194 1258 332 1290 febrium
349 1260 548 1291 curationem
563 1271 618 1300 per
631 1261 834 1301 diaphoresin
849 1261 969 1292 imitari

195 1312 293 1342 quare
310 1308 458 1343 nequeat,
474 1303 535 1335 507
554 1314 601 1343 sq.

238 1345 392 1376 Arthritis
405 1357 498 1386 saepe
508 1346 653 1382 habetur,
668 1346 752 1386 quod
765 1356 859 1377 verus
868 1346 966 1376 rheu-

194 1388 364 1418 matismus
390 1395 448 1424 est,
465 1389 592 1428 quando
607 1389 698 1419 hicce
717 1400 735 1419 a
753 1389 841 1419 febre
857 1390 966 1429 sejun-

194 1430 290 1469 gitur,
314 1432 394 1466 256;
436 1431 580 1461 Naturae
606 1432 821 1462 medicatricis
848 1432 966 1462 instru-

194 1479 351 1508 mentum,
369 1475 427 1509 27;
453 1475 640 1504 scorbutum
655 1475 858 1514 quandonam
876 1485 967 1504 men-

195 1515 302 1552 tiatur,
321 1518 400 1552 2593
425 1517 459 1546 in
482 1517 649 1547 arthritide
671 1517 823 1547 materiae
847 1518 966 1547 morbi-

194 1558 273 1588 ficae
289 1569 436 1589 recursus
451 1559 555 1589 satum
571 1559 715 1595 accersit,
735 1561 806 1590 105.

239 1601 380 1632 Articuli
396 1601 569 1641 digitorum
586 1606 617 1631 et
633 1602 807 1641 ligamenta
828 1601 861 1631 in
885 1602 965 1642 pod-

195 1653 270 1683 agra
293 1644 458 1683 irregulari
481 1645 640 1684 quomodo
669 1645 859 1681 afficiantur,
883 1646 965 1680 4]3;

195 1686 229 1716 in
246 1687 476 1717 rheumatismo
488 1697 582 1728 saepe
591 1687 806 1724 invertuntur,
824 1693 967 1718 cessante

191 1730 259 1769 jam
278 1729 393 1765 dolore,
411 1731 482 1760 256.

240 1772 343 1802 Artus
368 1773 400 1802 in
424 1773 583 1812 podagrae
606 1772 791 1811 irregularis
816 1783 969 1813 paroxys-

196 1824 323 1844 morum
334 1815 509 1845 intervallis
521 1815 679 1854 quomodo
689 1826 722 1844 se
729 1815 877 1851 habeant,
889 1817 966 1850 414;

195 1862 324 1887 artuum
348 1858 538 1898 impotentia
563 1858 603 1887 ad
622 1862 749 1887 motum
769 1858 802 1887 in
828 1858 969 1898 podagra

195 1901 354 1939 quomodo
369 1906 604 1940 praecaveatur,
622 1902 703 1935 444ς
731 1905 860 1930 artuum
880 1901 970 1931 dolor

194 1943 309 1982 ingens
334 1943 366 1973 in
390 1942 530 1980 variofis,
554 1953 590 1973 ac
612 1943 637 1972 si
661 1953 700 1972 ex
724 1943 967 1981 rheumatismo,

195 1986 392 2016 confluentes
408 1996 462 2016 eas
477 1986 543 2016 sore
559 1985 730 2026 praedicat,
748 1987 820 2016 346.

238 2030 366 2059 Ascites
396 2038 489 2059 verus
519 2038 618 2068 aeque
648 2033 732 2058 certo
756 2039 792 2058 ac
816 2028 872 2059 alii
895 2039 967 2068 per-

196 2071 291 2101 multi
313 2072 414 2102 morbi
437 2072 639 2111 subjugatur,
663 2071 743 2106 474;
775 2071 970 2102 inveteratus

197 2114 354 2154 quomodo
369 2114 557 2144 insanabilis
574 2114 641 2149 fiat,
656 2114 729 2145 473.

239 2157 438 2187 Asrmmrr:
471 2157 558 2195 (De)
594 2165 820 2186 ιΝνΕτεκΑτο
851 2165 888 2186 IN
921 2165 968 2186 ns

197 2209 257 2231 our
288 2200 498 2230 Sssoumso
527 2200 827 2230 TEMPERAMENTO
859 2208 967 2229 PRAE-

198 2251 270 2272 ωτι
289 2252 388 2278 SUNT,
406 2244 480 2273 604.

239 2285 379 2315 Asthma
395 2285 608 2315 inveteratum
631 2285 664 2315 in
688 2285 818 2315 senibus
840 2284 969 2315 habitus

196 2327 347 2368 plenioris
370 2334 530 2358 tumorem
546 2337 695 2358 surarum
711 2327 831 2357 excitat
849 2328 967 2368 hydro-

196 2371 341 2410 picorum
364 2371 539 2407 aemulum,
564 2372 645 2405 4553
671 2371 828 2410 quomodo
845 2380 862 2400 a
885 2371 967 2410 peri-

196 2414 389 2453 pneumonia
402 2414 500 2443 notha
516 2413 734 2453 distinguitur,
753 2415 824 2449 254,
843 2415 914 2444 255.

242 2456 462 2496 Astringentia
487 2457 520 2486 in
548 2456 674 2486 cholera
703 2460 772 2486 tuta
803 2466 867 2486 non
895 2460 969 2486 sunt

196 2499 228 2528 in
254 2499 355 2534 initio,
374 2500 451 2534 1643
480 2499 512 2529 in
542 2499 738 2538 gonorrhoea
760 2498 853 2529 virul.
871 2499 966 2536 mala,

198 2542 270 2577 311,
289 2542 359 2573 317.

239 2583 366 2622 Ἀταξία
382 2584 553 2624 spirituum
580 2583 836 2623 suppressionem
856 2583 967 2614 urinae

196 2627 299 2666 gignit
315 2627 348 2656 in
362 2627 501 2663 variolis,
516 2628 573 2658 147
588 2639 594 2660 ;
613 2636 629 2656 e
642 2626 828 2656 catharticis
844 2626 875 2656 in
890 2627 962 2666 dys-

195 2669 324 2706 enteria,
352 2670 429 2705 171;
477 2669 595 2699 colicae
620 2669 737 2708 hyster.
763 2679 868 2706 causa,
893 2671 965 2705 201,

198 2713 259 2741 202
273 2724 278 2745 ς
312 2712 425 2751 opiatis
440 2712 576 2747 sedatur,
595 2712 670 2748 278,
686 2712 765 2745 3493
793 2711 967 2742 affectionis

198 2754 315 2793 hyster.
345 2765 401 2784 seu
431 2754 647 2794 hypochondr.
680 2764 786 2790 causa,
816 2754 874 2786 371
908 2765 965 2794 sq.‚

198 2797 259 2827 375
273 2809 278 2831 ;
297 2807 315 2826 a
331 2797 473 2827 debiliori
489 2797 660 2837 spirituum
676 2797 756 2827 crasi
769 2797 966 2836 producitur,

197 2839 270 2873 371,
291 2840 350 2869 389
365 2852 370 2873 ;
395 2840 433 2868 ab
454 2839 595 2869 emeticis
612 2844 643 2869 et
659 2839 840 2869 catharticis
855 2849 965 2879 prove-

196 2881 282 2911 hitur
302 2882 334 2911 in
356 2882 518 2911 affectione
542 2882 673 2921 hyster.,
693 2883 772 2916 373:
798 2882 966 2912 materiam

197 2924 329 2954 viridem
353 2924 465 2963 gignit,
483 2926 555 2954 ibid.
568 2937 578 2958 ,⁴
602 2924 678 2954 item
701 2924 850 2955 immores
867 2925 968 2965 putri-

793 137 964 174 INDEX
994 136 1196 174 RERUM.

1024 239 1090 275 dos,
1108 239 1182 275 377,
1199 239 1272 275 878,
1290 239 1352 269 396
1366 251 1387 277 ;,
1401 238 1494 278 aquis
1516 236 1726 269 mineralibus
1743 245 1798 266 se-

1025 282 1127 318 datur,
1145 282 1228 317 3863
1253 291 1270 311 e
1293 282 1476 312 catharticis
1498 281 1531 311 in
1555 281 1704 321 podagra,
1722 280 1800 315 420,

1025 325 1085 354 421
1104 336 1110 359 ;
1134 329 1166 354 et
1180 324 1213 354 in
1229 324 1382 364 hydrope,
1399 325 1474 354 468.

1069 367 1193 396 Auctor
1209 377 1318 406 sapere
1334 377 1397 397 non
1413 367 1509 396 audet
1527 365 1611 396 ultra
1627 375 1725 405 quam
1745 373 1799 394 res

1026 408 1095 448 ipsa
1111 408 1263 449 loquitur,
1281 410 1359 444 220;
1384 419 1503 439 errores
1525 418 1600 438 suos
1624 409 1663 437 ab
1686 406 1800 437 amicis

1026 452 1233 491 reprehensos
1250 451 1348 492 cupit,
1367 453 1446 487 483;
1471 462 1511 481 an
1527 451 1582 481 alii
1600 450 1710 480 eadem
1723 459 1800 479 cum

1026 493 1095 533 ipso
1111 499 1264 529 asserant,
1279 504 1341 524 non
1356 499 1423 524 tam
1436 494 1568 534 quaerit,
1580 503 1676 532 quam
1691 496 1800 522 utrum

1027 545 1063 566 ea
1087 547 1168 576 quae
1197 536 1304 571 tradit,
1329 547 1403 567 cum
1429 537 1562 566 veritate
1588 534 1799 571 consentiant,

1027 580 1108 614 408;
1134 579 1211 618 quid
1227 579 1265 609 de
1283 589 1416 619 operum
1438 589 1571 609 suorum
1586 578 1721 618 repetita
1736 576 1801 607 lec-

1027 621 1112 651 tione
1142 621 1315 661 promittat,
1346 622 1420 657 474,
1451 623 1532 655 4823
1569 621 1603 650 in
1630 624 1799 650 acutorum

1027 665 1211 694 morborum
1235 664 1366 694 historia
1381 664 1533 694 tradenda
1553 673 1618 693 nou
1641 667 1707 693 tam
1730 671 1798 692 me-

1027 711 1093 736 tam
1110 707 1178 747 ipse
1202 706 1281 746 figit,
1299 717 1396 747 quam
1420 706 1491 736 aliis
1514 706 1659 736 animum
1684 704 1800 735 addere

1026 754 1137 785 tentat,
1155 750 1208 786 21,
1225 749 1286 781 307
1303 762 1310 784 ς
1333 749 1503 789 objectioni
1518 748 1698 788 respondet,
1715 747 1801 788 quod

1027 792 1210 822 morborum
1227 792 1422 832 malignitati
1437 802 1501 821 non
1513 792 1590 821 satis
1603 791 1800 827 adversetur,

1028 835 1087 864 231
1103 845 1151 873 sq.
1165 847 1171 869 ;
1194 838 1226 864 et
1240 844 1332 864 suam
1346 835 1384 864 de
1396 834 1595 874 malignitate
1608 833 1802 863 sententiam

1027 877 1167 916 exponit,
1185 878 1258 907 ibid.
1273 889 1280 911 ς
1305 877 1528 907 chronicorum
1539 876 1722 906 morborum
1734 875 1800 906 his-

1026 919 1141 949 toriam
1154 920 1319 959 promittit,
1334 921 1407 956 304,
1423 920 1495 955 306,
1507 920 1583 954 307;
1601 918 1798 955 temeritatis,

1027 962 1112 1002 quod
1141 967 1264 992 tantam
1288 962 1420 992 laudaui
1450 962 1575 1002 copiam
1607 961 1640 991 in
1672 960 1799 991 cholera

1025 1005 1217 1041 exhibuerit,
1239 1015 1303 1034 non
1327 1009 1373 1035 est
1395 1005 1601 1040 incusandus,
1622 1004 1705 1038 278;
1730 1004 1797 1043 epi-

1027 1047 1109 1077 dem.
1151 1047 1416 1078 constitutionum
1451 1047 1682 1077 vicissitudinis
1720 1056 1797 1076 cau-

1027 1099 1078 1120 sas
1108 1090 1254 1120 nondum
1289 1090 1445 1130 expiscari
1471 1091 1588 1130 potuit,
1616 1091 1677 1125 30;
1717 1099 1798 1129 quo-

1026 1133 1085 1162 ties
1110 1133 1244 1173 epidem.
1262 1133 1447 1163 constitutio
1475 1143 1558 1163 nova
1582 1133 1714 1173 ingruit,
1739 1142 1798 1162 an-

1027 1185 1101 1215 ceps
1124 1176 1243 1211 haeret,
1261 1186 1324 1216 qua
1342 1186 1457 1216 nempe
1477 1176 1529 1205 via
1551 1175 1680 1205 insistat
1694 1179 1730 1204 ut
1745 1184 1798 1205 ae-

1026 1218 1092 1258 gris
1114 1218 1292 1254 subveniat,
1310 1220 1361 1254 29,
1379 1220 1436 1253 30;
1462 1219 1494 1248 in
1519 1218 1652 1258 epidem.
1669 1218 1798 1248 morbo-

1025 1271 1098 1290 rum
1108 1261 1380 1291 observationibus
1391 1261 1553 1291 tradendis
1561 1261 1688 1300 qualem
1699 1260 1798 1291 finem

1025 1303 1182 1340 habuerit,
1211 1304 1272 1339 36;
1306 1314 1362 1344 per
1386 1305 1540 1343 majorem
1566 1304 1648 1333 vitae
1675 1308 1799 1344 partem

1025 1346 1164 1386 podagra
1190 1346 1357 1383 multatus,
1391 1347 1464 1383 275,
1495 1347 1568 1383 409,
1600 1347 1681 1381 454;
1720 1345 1799 1376 item

1026 1389 1162 1426 calculo,
1191 1391 1251 1419 521
1285 1400 1350 1429 sq.;
1390 1390 1517 1419 morbos
1550 1389 1686 1428 epidem.
1723 1389 1798 1419 anni

1026 1432 1077 1463 ’77
1107 1442 1204 1471 quare
1230 1442 1295 1462 non
1321 1432 1489 1468 describat,
1518 1432 1601 1466 2793
1640 1432 1674 1462 in
1700 1431 1796 1461 febri-

1024 1474 1085 1504 bus
1101 1475 1317 1504 describendis
1341 1475 1447 1505 nullas
1469 1475 1632 1514 opiniones
1657 1484 1730 1504 suas
1746 1484 1797 1504 or-

1024 1516 1056 1546 bi
1073 1517 1208 1547 vendere
1224 1518 1323 1557 cupit,
1340 1519 1419 1552 269;
1443 1517 1569 1547 veniam
1585 1522 1684 1557 rogat,
1700 1517 1798 1557 quod,

1026 1560 1137 1599 spretis
1164 1559 1301 1589 aliorum
1327 1560 1469 1599 judiciis,
1497 1570 1554 1589 suo
1586 1561 1690 1599 magis
1719 1569 1794 1590 con-

1025 1601 1114 1638 fisus,
1141 1603 1236 1632 rebus
1263 1603 1354 1632 novis
1379 1602 1544 1638 studuerit,
1569 1603 1648 1636 269;
1680 1602 1796 1632 fatetur

1026 1654 1058 1674 se
1072 1655 1136 1674 non
1152 1645 1249 1674 semel
1266 1650 1295 1674 et
1313 1645 1372 1674 sibi
1387 1650 1417 1675 et
1433 1645 1545 1685 aegris,
1562 1644 1641 1674 nihil
1660 1645 1796 1685 agendo,

1026 1688 1145 1726 optime
1169 1687 1378 1723 consuluisse,
1397 1688 1478 1722 237;
1503 1687 1541 1717 de
1564 1688 1726 1718 curatione
1749 1688 1794 1718 se-

1025 1729 1132 1759 brium
1156 1730 1320 1760 intermitt.
1345 1730 1530 1760 adhucdum
1553 1730 1663 1770 ignota
1687 1730 1795 1770 queri-

1026 1777 1087 1808 tur,
1119 1772 1181 1808 79;
1221 1783 1285 1802 non
1320 1773 1464 1812 desperat
1500 1773 1539 1803 de
1568 1773 1719 1803 methodo
1749 1773 1795 1803 fe-

1025 1815 1131 1844 brium
1161 1815 1331 1845 intermitt.
1352 1821 1498 1845 autumn.
1522 1815 1719 1846 sanationem
1743 1826 1795 1846 ac-

1027 1857 1185 1887 celerandi
1215 1858 1416 1894 invenienda,
1442 1858 1504 1893 86,
1541 1858 1670 1889 cuidam
1697 1868 1798 1888 novae

1027 1899 1107 1930 sebri
1125 1900 1311 1930 methodum
1329 1900 1486 1931 diversam
1503 1901 1542 1931 ab
1557 1911 1594 1931 ea
1610 1911 1708 1941 quam
1720 1901 1796 1932 hac-

1026 1947 1120 1973 tenus
1137 1953 1211 1973 cum
1229 1953 1381 1974 successu
1404 1944 1436 1973 in
1452 1943 1641 1983 hujusmodi
1664 1944 1729 1974 fere
1749 1944 1795 1974 fe-

1025 1985 1136 2016 bribus
1156 1991 1375 2026 usurpaverat,
1394 1987 1543 2026 adaptare
1570 1987 1705 2026 cogitur,
1724 1987 1798 2024 109,

1030 2029 1086 2058 111
1104 2042 1110 2064 ;
1133 2029 1364 2059 interturbatur
1386 2039 1554 2068 aegrorum
1577 2029 1704 2066 damno,
1722 2039 1798 2069 prae

1027 2071 1223 2101 adstantium
1259 2072 1429 2112 protervia,
1460 2082 1500 2102 ne
1529 2076 1596 2102 tam
1625 2072 1798 2103 liberaliter

1026 2114 1314 2144 venae-sectionem
1341 2115 1489 2144 instituat
1518 2115 1552 2145 in
1582 2115 1668 2145 febre
1696 2115 1796 2155 pesti-

1027 2156 1102 2187 leut.
1129 2163 1251 2197 pestem
1280 2157 1418 2188 Londin.
1435 2157 1589 2194 insecuta,
1610 2159 1665 2188 111
1684 2170 1690 2193 ;
1723 2158 1798 2188 hinc

1026 2199 1064 2229 de
1087 2200 1181 2229 modo
1200 2200 1331 2229 curandi
1355 2210 1374 2229 a
1393 2201 1652 2231 venae-sectione
1673 2200 1797 2231 diverso

1026 2242 1154 2281 cogitat,
1177 2243 1232 2272 111
1247 2255 1253 2277 ;
1279 2242 1477 2272 curationem
1498 2243 1595 2282 hujus
1610 2242 1707 2274 febris
1723 2253 1796 2283 pes-

1026 2284 1129 2315 tilent.
1160 2285 1256 2315 aliam
1287 2295 1386 2325 quam
1418 2295 1473 2325 per
1506 2286 1797 2317 venae-sectionem

1025 2327 1282 2367 frequentiorem,
1327 2328 1459 2364 invenit,
1504 2329 1561 2358 101
1581 2341 1588 2364 ;
1634 2328 1798 2369 hujusque

1026 2370 1173 2400 inventae
1208 2370 1350 2400 methodi
1390 2380 1568 2407 successus,
1608 2372 1679 2408 111,
1716 2373 1796 2406 114ς

1025 2413 1117 2443 initio
1147 2423 1223 2442 suae
1252 2423 1385 2453 praxeos
1414 2413 1571 2454 decipitur
1600 2423 1661 2444 usu
1688 2414 1798 2454 syrupi

1025 2455 1135 2495 spinae
1147 2455 1292 2485 cervinae
1302 2456 1334 2486 in
1349 2456 1499 2496 hydrope,
1513 2458 1590 2492 45ος
1616 2456 1797 2496 hystericae

1025 2498 1126 2528 affect.
1155 2498 1322 2528 historiam
1348 2499 1444 2528 tradit
1466 2499 1560 2538 juxta
1586 2509 1661 2529 vera
1691 2499 1797 2530 Natu-

1025 2551 1077 2571 rae
1094 2540 1313 2581 phaenomena
1329 2546 1359 2571 et
1375 2541 1536 2582 propriam
1555 2542 1795 2582 experientiam,

1026 2584 1106 2618 3643
1132 2583 1171 2613 ad
1196 2584 1359 2614 Medicam
1387 2584 1501 2614 Artem
1518 2595 1550 2614 se
1568 2583 1624 2614 Dui
1648 2585 1797 2615 Doctoris

1027 2626 1115 2657 Coxe
1139 2626 1265 2656 hortatu
1282 2626 1432 2663 accinxit,
1450 2628 1467 2656 3
1481 2639 1487 2661 ς
1513 2637 1610 2667 quare
1625 2638 1658 2658 se
1675 2627 1714 2658 ad
1730 2627 1794 2658 Ar-

1026 2673 1091 2698 tem
1120 2669 1282 2699 Medicam
1311 2670 1455 2699 nondum
1482 2670 1663 2709 pervenisse
1693 2674 1796 2710 putet,

1026 2712 1106 2745 306;
1133 2712 1250 2752 quibus
1267 2711 1304 2741 de
1321 2712 1427 2741 causis
1451 2717 1621 2743 tractatum
1638 2723 1734 2743 sunm
1750 2714 1796 2744 De

1026 2755 1142 2784 Morbis
1159 2756 1269 2784 Acutis
1285 2754 1414 2784 tandem
1437 2755 1469 2784 in
1490 2755 1634 2785 medium
1656 2756 1797 2795 proferre

1026 2797 1209 2834 decreverit,
1227 2799 1245 2826 3
1271 2807 1327 2836 sq.‚
1347 2798 1383 2832 9;
1412 2798 1602 2837 perpulchre
1626 2798 1664 2828 de
1689 2797 1794 2828 Medi--

1026 2850 1136 2870 corum
1152 2840 1184 2870 in
1202 2840 1320 2869 morbis
1341 2840 1490 2870 curandis
1514 2841 1613 2870 nimia
1635 2840 1797 2870 festinati-⁷

1026 2892 1084 2912 one
1101 2883 1317 2918 ratiocinatur,
1336 2884 1407 2918 213,
1426 2884 1508 2918 2143
1532 2883 1570 2913 de
1588 2883 1724 2913 Medicis
1741 2893 1794 2913 ca-

1025 2925 1260 2955 lumniantibus
1279 2925 1357 2965 quid
1377 2931 1513 2962 censeat,
1534 2927 1604 2962 134,
1625 2927 1701 2962 135;
1727 2935 1793 2956 me-
