1985 3308
230 265 283 295 De
300 266 368 296 Ar—

209 316 305 338 rnc‘r.
316 310 390 339 HY-

223 359 378 383 s'rizch.

206 405 349 437 Medica-

203 455 384 481 mentorum

203 490 360 523 formulae

203 543 283 572 quae
301 535 373 565 huic

201 576 370 607 intentioni

200 618 388 650 inserviunt.

200 2040 236 2069 In
257 2039 372 2069 ventris

198 2082 378 2112 tumoribus

198 2124 387 2164 postlongas

197 2168 300 2196 febres
315 2167 363 2196 iu-

200 2210 377 2239 terniitten-

200 2258 246 2282 tes
263 2263 348 2292 repc—

200 2301 255 2325 tita
273 2306 323 2324 ca-

199 2338 312 2367 tharsis
328 2338 375 2366 iu-

198 2380 338 2414 dicatum

199 2519 228 2543 at
246 2515 275 2543 iu
293 2525 341 2543 ra-

198 2556 314 2586 chitido
331 2566 383 2585 ve—

198 2609 229 2628 ra
247 2599 354 2633 semel,

200 2641 247 2669 vel
267 2642 312 2670 bis
330 2641 367 2670 :ul

197 2684 382 2722 plurimum,

199 2732 228 2754 et
246 2726 315 2754 (lein
334 2726 379 2754 al-

197 2769 336 2798 terantia.

410 158 495 197 382
727 190 729 192 .
819 157 1078 199 THOMAE
1112 157 1452 199 SYDENHAM

412 261 544 304 [Form.
563 264 658 305 72.]Ι
683 261 722 312 R
752 263 927 299 Foliorum
949 264 1125 298 Absinthii
1144 264 1308 308 vulgaris,

758 319 971 362 [Foliorum]
991 320 1170 354 Centaurii
1189 319 1350 359 Minoris,

759 377 973 417 [Foliorum]
994 377 1166 410 Marrubii
1185 377 1276 416 Albi,

761 433 972 480 [Foliorum]
993 433 1261 478 Chamaedryos,

758 491 971 535 [Foliorum]
991 490 1273 534 Chamaepityos,

758 547 971 591 [Foliorum]
992 546 1137 586 Scor-dii,

759 603 975 645 [Foliorum]
995 602 1240 636 Calaminthae
1257 603 1421 647 vulgaris,

757 661 969 705 [Foliorum]
991 659 1182 699 Parthenii,

758 716 972 758 [Foliorum]
993 716 1196 761 Saxisragae
1214 715 1404 757 Pratcnsis,

756 774 967 818 [Foliorum]
990 773 1172 818 Hyperici,

757 830 966 874 [Foliorum]
989 830 1117 874 Virgae
1135 831 1281 870 Aureae,

758 886 970 930 [Foliorum]
992 886 1141 931 serpilli,

757 949 970 991 [Foliorum]
989 948 1169 989 Menfflae,

756 1006 968 1047 [Foliorum]
990 1005 1136 1046 Salviae,

755 1063 968 1106 [Foliorum]
987 1063 1114 1103 Rutae,

756 1120 971 1165 [Foliorum]
991 1120 1122 1154 Cardui
1141 1119 1336 1160 Benedicti,

757 1178 972 1222 [foliorum]
994 1178 1143 1223 Pulegii,

755 1235 965 1278 [Foliorum]
988 1236 1169 1275 Abrotani‚

756 1293 969 1337 [Foliorum]
989 1293 1240 1334 Chamaemeli,

754 1350 800 1392 [F
803 1350 966 1393 oliorum]
987 1350 1167 1393 Tanaceti,

754 1406 965 1447 [Foliorum]
987 1407 1154 1440 Liliorum
1173 1407 1406 1448 Convallium,
1426 1407 1601 1451 (omnium
1620 1414 1774 1442 recenter
1790 1408 1858 1441 cot-

797 1464 964 1497 lectorum
983 1471 1016 1496 et
1034 1464 1246 1507 incisorum,)
1264 1475 1332 1497 ana
1348 1464 1568 1508 manipulum
1586 1475 1706 1505 unum,

752 1521 936 1565 Axungiae
956 1520 1122 1554 Porcinae
1140 1521 1244 1554 libras
1261 1527 1419 1565 quatuor,

752 1578 831 1611 Sevi
849 1578 953 1618 ovini,

753 1635 835 1668 Vini
855 1635 997 1675 Clarcti,
1014 1646 1081 1669 ana
1097 1636 1202 1669 libras
1218 1635 1323 1675 duas;

589 1693 812 1726 Mac-crentur
826 1693 860 1725 in
875 1693 941 1725 olla
956 1693 1053 1725 fictili
1066 1704 1168 1736 super
1181 1694 1311 1726 cineres
1322 1692 1451 1726 calidos
1464 1704 1524 1737 per
1540 1692 1640 1726 horas
1655 1692 1836 1726 duodecim
1851 1707 1859 1733 ;

589 1750 715 1784 deinde
740 1750 908 1783 ebulliant
932 1750 977 1783 ad
1005 1750 1234 1783 humiditatis
1259 1751 1572 1794 consumptionem,
1599 1756 1634 1784 et
1655 1757 1776 1795 postea
1801 1762 1856 1784 co-

587 1808 712 1847 lentur,
730 1814 768 1840 ut
790 1808 851 1840 fiat
873 1814 1111 1852 unguentum3
1136 1819 1204 1851 quo
1227 1814 1346 1840 venter
1370 1819 1410 1840 ac
1435 1806 1695 1852 hypochondria
1719 1807 1856 1841 illinan-

589 1872 644 1899 tur
666 1877 770 1899 mane
793 1872 827 1898 et
850 1877 922 1898 sero
940 1877 1000 1909 per
1019 1866 1165 1910 triginta
1184 1866 1234 1900 vel
1252 1866 1485 1912 quadraginta
1502 1866 1576 1900 dies
1591 1867 1786 1908 continuas,
1805 1867 1854 1900 uti

589 1923 693 1956 etiam
712 1923 837 1956 axillae
855 1929 1030 1967 utraeque.

411 2026 547 2080 [100.]
586 2025 738 2067 Quoad
764 2026 1033 2066 rachitidemS
1055 2031 1199 2067 autem
1221 2026 1300 2067 1100
1319 2026 1571 2077 notandum,
1589 2026 1702 2081 quod
1721 2026 1767 2066 in
1787 2030 1855 2067 tu-

402 2095 590 2135 moribus
617 2094 708 2134 istis
731 2094 803 2147 qui
828 2099 997 2134 ventres
1017 2094 1247 2134 infantium
1275 2099 1370 2147 post
1396 2095 1543 2147 longas
1568 2094 1854 2135 intermitten-

401 2166 464 2201 tes
485 2161 622 2201 febres
643 2161 743 2201 olim
764 2160 1028 2211 infestarent,
1052 2175 1171 2201 verae
1191 2161 1387 2201 rachitidi
1414 2175 1501 2202 non
1530 2161 1716 2201 multum
1736 2161 1854 2202 ablu-

401 2229 562 2279 dentes,
603 2229 784 2282 repetita
818 2229 1021 2269 cathal-sis
1061 2229 1235 2269 omnino
1276 2229 1489 2269 videretur
1522 2228 1724 2278 indicari;
1756 2242 1856 2271 cum

401 2302 501 2337 ant-e
530 2311 655 2336 usum
687 2296 853 2337 corticis
886 2296 1112 2336 Peruviani
1146 2296 1252 2336 istae
1282 2296 1419 2336 febres
1448 2296 1495 2336 in
1526 2296 1854 2337 diuturnitatem

401 2365 573 2417 longam
603 2378 646 2405 se
677 2364 968 2414 extenderent,
992 2378 1039 2404 ac
1069 2363 1245 2417 proinde
1271 2364 1556 2404 sedimentum
1578 2363 1852 2417 deponerent,

400 2432 642 2485 hujusmodi
672 2437 891 2472 tumorum
921 2446 1103 2482 causam,
1126 2446 1232 2485 quae
1252 2431 1347 2472 ideo
1373 2446 1460 2472 non
1491 2432 1574 2472 nisi
1600 2431 1852 2485 purgatione

400 2500 580 2552 repetita
604 2499 718 2552 abigi
745 2504 936 2553 poterat:
975 2505 1164 2540 attamen
1191 2500 1237 2539 iu
1264 2499 1470 2540 rachitide
1491 2513 1599 2549 vera,
1622 2499 1854 2540 cathartica

401 2567 540 2607 locum
561 2581 648 2608 non
679 2567 851 2617 habent,
874 2567 955 2607 nisi
975 2572 1023 2607 ut
1046 2567 1186 2617 semel,
1209 2567 1274 2608 vel
1298 2567 1363 2607 bis
1388 2567 1442 2607 ad
1461 2567 1705 2620 plurimum,
1727 2580 1853 2619 aeger

401 2635 659 2687 purgandus,
697 2640 925 2688 antequam
958 2649 1084 2675 usum
1119 2635 1394 2675 alterantium
1425 2634 1708 2688 aggrediatur.
1769 2634 1852 2675 Per

400 2707 540 2742 totum
575 2709 718 2743 autem
750 2708 918 2756 tempus
955 2717 1037 2756 quo
1067 2708 1208 2756 partes
1242 2703 1483 2754 illinuntur,
1514 2704 1632 2744 intus
1663 2707 1850 2744 assumat

399 2770 462 2809 vel
491 2769 636 2809 viuum
665 2770 791 2810 modo
823 2770 997 2820 dictum,
1019 2771 1084 2811 vel
1114 2771 1163 2823 (si
1194 2771 1285 2811 fieri
1314 2771 1475 2824 possit,)
1499 2784 1575 2824 pro
1604 2775 1708 2824 potu
1734 2770 1849 2811 omni

399 2835 514 2875 bibat
547 2837 800 2886 eci-cxisiam,
822 2838 866 2877 in
897 2852 979 2890 qua
1008 2839 1221 2890 quantitas
1253 2838 1462 2878 sufficiens
1482 2837 1709 2878 herbarum
1730 2851 1847 2891 prae-

574 2923 583 2935 ¹
608 2918 655 2947 Cf.
677 2918 764 2947 sorni.
785 2921 856 2948 238.
1249 2919 1257 2932 ς
1284 2922 1333 2951 Cf.
1351 2923 1483 2951 process.
1504 2923 1562 2950 Iul.
1581 2932 1605 2951 c.
1625 2923 1673 2951 41.
