1985 3308
404 145 502 186 DIS
510 145 798 187 SERTATIO
830 145 1235 186 EPISTOLARIS.
1469 145 1567 185 337·

154 252 291 303 Adde,
315 251 427 306 quod
449 252 621 306 sanguis
649 257 692 293 et
722 252 874 306 reliqui
904 252 1103 293 humores
1130 251 1196 291 his
1223 251 1360 292 modis
1391 250 1550 291 excale-
1576 259 1630 288 Dr,
1643 258 1751 288 Vmu-

95 319 209 369 facti,
246 319 409 360 fortiori
448 319 752 373 particularum
792 319 1058 372 impressioni
1102 318 1339 372 promptius
1379 317 1551 367 cedunt,
1574 301 1758 373 Ossfflxssff'

96 386 212 426 unde
239 387 381 440 plures
410 401 537 440 quam
564 402 631 428 res
658 387 902 441 postulabat
930 391 1156 440 emergunt
1183 386 1394 440 pustulae,
1417 390 1460 426 et
1488 399 1555 425 ae-

97 468 185 508 ger,
208 455 328 495 nulla
357 455 609 496 necessitate
640 458 832 508 cogente,
854 454 900 494 in
920 454 1030 495 vitae
1062 453 1290 494 discrimen
1317 452 1554 507 conjicitur.

100 521 284 564 Quando
311 523 552 575 oppositum
581 523 682 564 huic
708 523 914 576 regimen,
938 527 980 562 et
1008 521 1172 562 modice
1197 520 1553 574 frigidiusculum,
1574 534 1605 578 eg
1620 539 1721 561 amo-

98 594 226 642 atque
247 590 357 630 aeris
379 604 480 629 usus
502 589 685 640 liberior,
702 604 790 630 non
814 594 987 630 tantum
1007 588 1263 629 fervidarum
1284 601 1331 628 ac
1352 586 1555 628 ferocien-
1574 572 1742 645 ἓξῗζξξζῇζ·

96 657 208 699 tium
238 657 543 711 particularum
570 658 655 698 vim
682 657 888 708 retundit,
910 657 984 698 sed
1015 656 1143 697 etiam
1171 656 1404 697 condensat
1431 654 1555 695 obfir-
1575 657 1753 688 commoda.

98 729 274 779 matque
304 725 518 776 humores,
542 740 625 779 quo
653 740 696 766 se
716 725 894 766 validius
926 724 1143 779 spiritibus
1173 723 1401 765 morbificis
1429 737 1556 776 oppo-

98 798 219 844 nant,
242 797 370 847 atque
398 793 631 833 eorundem
660 793 899 834 sustineant
923 793 1145 846 impetum,
1167 791 1282 832 unde
1308 805 1396 832 non
1424 791 1559 844 major

98 861 302 902 materiae
318 860 562 902 Variolosae
584 861 704 915 copia
724 861 945 910 conflatur,
968 874 1094 913 quam
1115 873 1191 914 pro
1213 858 1400 912 genuina
1420 857 1558 898 morbi

98 927 255 969 indole.

160 995 272 1052 [13]
309 996 394 1037 Sed
417 1010 497 1037 nec
523 997 650 1038 unico
677 997 757 1038 hoc
785 997 1054 1038 incommodo
1079 996 1208 1050 (quod
1236 995 1395 1036 scilicet
1426 994 1560 1035 nimia

99 1064 302 1105 materiae
332 1064 577 1105 morbificae
605 1066 821 1118 quantitas
853 1065 1122 1115 assimiletur,
1149 1070 1191 1106 et
1223 1063 1560 1117 superexaltetur

98 1132 359 1173 fermentum
391 1132 558 1185 morbi‚)
592 1133 802 1173 multatur
831 1132 866 1172 is
903 1132 976 1185 qui
1007 1132 1126 1186 justo
1156 1131 1280 1172 citius
1317 1130 1370 1170 ad
1399 1130 1560 1170 lectum

101 1199 330 1240 damnatiu·
342 1217 353 1249 3
386 1204 429 1240 at
452 1214 503 1240 ex
525 1200 674 1241 eodem
694 1200 813 1241 fonte
840 1199 1082 1253 saepissime
1103 1199 1322 1252 profluunt
1343 1203 1437 1238 tum
1456 1198 1560 1238 mic-

99 1270 170 1306 tus
221 1266 494 1319 sanguineuS,
540 1272 636 1307 tum
687 1268 817 1308 etiam
866 1268 1058 1307 maculae
1108 1280 1357 1320 purpureae,
1403 1266 1560 1306 aestivo

99 1335 282 1376 maxime
303 1340 507 1389 tempore,
530 1341 657 1390 atque
678 1337 724 1376 in
741 1336 919 1390 juventa
940 1335 1078 1376 adhuc
1105 1334 1368 1375 florentibus.
1432 1334 1560 1374 Utra-

102 1417 183 1457 que
218 1402 323 1444 haee
364 1408 651 1458 symptomata
689 1403 788 1456 (nisi
822 1402 945 1442 fallor
985 1402 1093 1455 ego,)
1130 1405 1272 1442 ortum
1308 1400 1472 1440 ducunt
1508 1399 1560 1440 ab

101 1475 222 1512 aestu
243 1476 285 1512 et
305 1471 446 1512 furore
466 1471 512 1511 in
534 1485 660 1524 quem
683 1471 826 1524 agitur
847 1469 1020 1522 sanguis
1042 1483 1067 1509 a
1086 1467 1348 1509 ferventibus
1378 1471 1420 1507 et
1443 1466 1561 1519 spiri-

99 1539 233 1579 tuosis
254 1538 485 1592 particulis,
508 1553 533 1579 a
554 1537 707 1592 quibus
730 1537 968 1590 exagitatus
995 1540 1122 1590 atque
1143 1534 1370 1588 insigniter
1391 1539 1560 1575 attenu-

101 1610 196 1646 atus
226 1619 422 1646 vasorum
449 1606 634 1646 claustra
664 1605 885 1657 diffringit,
922 1617 1039 1644 nunc
1070 1603 1116 1643 in
1146 1603 1281 1642 mictu
1313 1601 1561 1655 sanguineo,

103 1673 266 1728 quoties
286 1674 332 1715 in
352 1688 475 1715 renes
496 1674 632 1724 irruit,
649 1687 765 1714 nunc
786 1672 1010 1726 purpureis
1030 1671 1077 1711 in
1097 1670 1288 1720 maculis,
1303 1669 1467 1723 quoties
1487 1682 1563 1722 per

102 1743 355 1784 arteriarum
396 1742 687 1783 extremitates
721 1742 768 1781 in
800 1741 1014 1781 musculos
1045 1744 1088 1781 et
1123 1743 1267 1779 cutem
1297 1737 1562 1786 terminatas,

101 1811 365 1865 percolatur,
406 1811 521 1851 unde
562 1810 743 1851 totidem
779 1808 898 1863 quasi
933 1808 1114 1861 sphaceli
1148 1806 1402 1847 oboriuntur
1430 1804 1482 1844 iis
1517 1803 1564 1844 in

102 1877 295 1931 partibus
316 1877 361 1917 in
383 1877 537 1930 quibus
565 1882 854 1918 extravasatus
886 1875 1060 1929 sanguis
1092 1874 1358 1928 coagulatur.
1417 1873 1564 1925 Atque

103 1950 153 1985 ut
187 1945 427 1998 praecaveri
456 1945 578 1986 facile
610 1948 809 1998 poterant
843 1944 927 1984 duo
957 1943 1063 1984 haee
1097 1945 1384 1996 symptomata
1415 1940 1563 1994 primis

104 2013 242 2054 morbi
270 2013 431 2062 diebus,
457 2013 610 2066 quibus
631 2013 881 2066 plerumque
909 2011 1106 2061 emicant,
1129 2010 1337 2063 regimine
1359 2013 1402 2049 et
1424 2008 1564 2049 diaeta

104 2081 151 2121 in
186 2079 390 2134 frigidum
431 2080 718 2133 vergentibus,
761 2080 822 2120 ita
862 2078 936 2118 ubi
972 2079 1062 2131 jam
1097 2082 1196 2117 actu
1235 2075 1562 2129 comparuerint,

103 2149 262 2203 pariter
293 2163 463 2202 operam
494 2148 638 2189 ludetg
668 2149 740 2201 qui
767 2147 918 2188 iisdem
945 2146 1105 2187 mederi
1130 2144 1365 2193 conabitur,
1389 2157 1564 2196 aegrum

103 2216 214 2257 lecto
244 2215 503 2256 includendo
535 2220 577 2255 et
608 2215 801 2256 cardiaca
834 2214 1085 2264 exhibendo,
1120 2227 1167 2254 ac
1197 2211 1365 2253 luderet
1398 2211 1566 2252 anicula

106 2298 213 2338 quae
238 2283 416 2324 nimiam
444 2297 577 2337 aquae
607 2284 653 2323 in
684 2283 767 2324 olla
794 2283 1100 2332 ebullitionem,
1123 2281 1213 2334 igni
1242 2279 1434 2319 fomitem
1466 2278 1564 2318 sub-

106 2352 400 2403 ministrando,
424 2352 709 2393 sufflaminare
731 2357 910 2405 satagat.

167 2419 274 2473 [14]
303 2418 387 2460 Sed
408 2420 470 2471 (ut
491 2433 638 2460 verum
659 2420 900 2472 fateamur,)
920 2424 1020 2460 utut
1042 2418 1315 2460 offendantur
1337 2416 1565 2470 dogmatici
1583 2427 1623 2458 [n
1639 2438 1702 2468 quo
1713 2438 1765 2458 ca-

107 2493 150 2530 et
170 2489 299 2543 hujus
320 2488 380 2528 rei
402 2487 552 2540 ignari,
571 2502 619 2528 ac
638 2487 815 2542 proinde
835 2487 972 2541 iniqui
988 2486 1166 2540 jucliceS‚
1189 2499 1276 2525 non
1299 2485 1434 2524 solum
1455 2484 1565 2524 male
1583 2471 1765 2543 ἱξιξξξὲᾞι·

107 2562 253 2598 tutum
292 2556 421 2596 fuerit
463 2569 637 2608 aegrum
673 2555 820 2608 primis
861 2554 1010 2594 diebus
1045 2553 1201 2594 lectulo
1237 2552 1398 2605 jugiter
1438 2551 1564 2604 affigi,
1583 2566 1746 2596 exponen-

106 2637 254 2665 verum
285 2623 498 2664 enimvero
527 2629 590 2663 est
617 2622 691 2663 ubi
720 2636 844 2675 aeger
871 2622 1004 2662 libero
1032 2620 1118 2662 ae'ri
1146 2620 1320 2660 omnino
1348 2624 1411 2660 est
1441 2633 1565 2672 expo·
1584 2599 1643 2629 dus
1659 2605 1716 2628 ‘³³⁸'

107 2691 288 2742 nendus,
321 2691 355 2731 si
386 2695 522 2731 aestas
558 2690 716 2731 scilicet
745 2690 888 2739 fuerit,
922 2695 1048 2742 atque
1085 2702 1209 2741 aeger
1240 2688 1389 2728 aetatis
1419 2687 1567 2728 florem

108 2762 302 2803 nondum
337 2767 686 2815 praetergressus,
720 2766 793 2801 aut
828 2760 1063 2813 liquoribus
1095 2760 1329 2813 spirituosis
1361 2765 1566 2809 assuetus,

110 2830 356 2884 praesertim
385 2830 419 2869 si
445 2829 618 2870 morbus
647 2829 803 2869 nimiae
831 2828 1136 2882 compotationi
1165 2827 1372 2881 originem
1402 2827 1567 2868 debeat.

154 2919 170 2940 ἔ
192 2918 208 2931 “
225 2915 364 2955 Operam
381 2915 557 2951 1udimus,'·
578 2914 701 2953 (Plaut.
720 2914 832 2943 Pseud.
851 2913 869 2943 i.
892 2913 918 2942 3.
940 2911 1027 2952 135.)
1046 2913 1062 2942 i.
1083 2923 1108 2941 e.
1123 2910 1372 2951 nperamsrustra
1387 2912 1568 2942 insumimus.

806 2981 831 3006 x
855 2981 880 3006 x
