1985 3308
658 166 855 208 OPERA
885 166 1104 208 OMNIA.
1531 168 1597 208 xxi

138 281 181 318 et
202 279 326 330 epoto
347 280 390 316 et
409 274 456 316 in
475 275 614 318 alvum
638 275 796 330 injecto
819 275 862 332 [ξ
886 276 941 317 16
962 276 1062 330 sq.].
1125 276 1272 319 Febris
1292 276 1596 331 Dysentericae
1616 291 1792 322 Hmonm

138 343 298 394 similis,
320 343 393 384 sed
414 343 573 399 absque
601 344 681 385 alvi
702 344 820 385 fluxu
848 344 902 398 [e.
924 344 1007 398 4.].
1068 344 1261 386 Morbilli
1289 345 1345 399 [c.
1366 345 1427 400 5.]
1447 362 1459 396 3
1491 360 1595 400 quos
1629 335 1783 408 hffffi‘f‘

137 411 271 453 victus
286 412 451 453 ratione
472 416 515 454 et
536 411 717 454 subinde
738 411 848 453 datis
870 412 1077 466 anodynis
1098 412 1284 453 debellat
1312 413 1355 468 [ᾧ
1374 413 1448 467 5.].
1509 414 1595 454 Va-

137 480 252 522 riolis
283 480 547 524 curationem
577 480 948 534 antipleuriticam,
978 480 1270 536 hydrogalam,
1296 481 1494 535 anodyna
1523 495 1596 536 op-

137 549 258 603 ponit
293 548 346 603 [c.
370 549 409 590 6.
435 550 457 604 ξ
487 549 548 603 9.]
571 565 578 589 :
616 549 783 590 Colicae
814 548 998 590 Biliosae
1026 549 1426 600 venae-sectionem,
1448 563 1595 591 narco-

137 616 222 658 tica
249 617 302 671 [c.
327 620 365 659 7.
391 618 441 673 ἒξ
464 619 504 667 4,
527 617 554 657 6
575 617 678 671 sq.].

195 685 251 726 In
272 685 588 727 Constitutione
617 685 767 739 quinta
790 685 936 727 Febris
959 685 1185 727 Comatosa
1211 685 1266 740 [v.
1289 685 1370 739 2.]‚
1393 684 1596 726 diuturno

137 753 285 806 capitis
307 758 477 808 stupore
499 758 541 795 et
560 755 766 808 languore
789 767 832 796 se
849 753 1116 808 distinguens
1141 754 1184 809 [ᾧ
1203 753 1263 808 3.]
1283 770 1295 804 ;
1327 767 1421 794 eam
1436 753 1597 794 Noster

137 821 341 863 continuo
356 822 444 863 fere
459 837 539 863 usu
555 822 853 864 evacuantium
870 822 1110 863 debellabat
1134 823 1177 877 [ξ
1198 823 1248 862 11
1266 821 1345 875 sq.]
1358 853 1367 862 .
1398 821 1596 862 Variolae

137 890 239 931 mali
265 891 407 941 moris,
439 905 536 932 cum
565 891 741 932 maculis
772 890 907 944 nigris
940 891 994 944 [c.
1026 890 1086 943 4.]
1096 922 1108 941 ,
1141 903 1247 944 quae
1279 889 1355 930 soli
1384 889 1472 930 fere
1503 890 1596 930 oleo

137 958 294 1000 vitrioli
325 959 533 1000 cedebant
573 959 616 1014 [ξ
650 959 729 1013 6.].
794 958 1009 1009 Pleuritis,
1045 957 1418 1012 Peripneumonia‚
1453 957 1596 998 Tussis

137 1026 385 1081 Epidemica
423 1027 478 1081 [c.
520 1027 579 1081 5.]
599 1044 611 1078 ς
653 1041 756 1081 quos
788 1026 958 1067 morbos
994 1040 1141 1067 onmes
1173 1025 1513 1067 venae-sectione
1554 1030 1597 1066 et

136 1095 354 1136 curatione
376 1095 720 1150 antiphlogistica
741 1094 901 1148 subigit
931 1095 974 1149 [ξ
998 1096 1026 1134 4
1046 1094 1149 1148 sq.].

194 1164 251 1204 In
280 1167 399 1205 sexta
427 1164 624 1205 Sectione
647 1163 787 1204 morbi
816 1162 943 1203 varii:
973 1162 1129 1203 Febres
1157 1163 1500 1203 Intercurrentes
1532 1161 1597 1203 sui

139 1231 304 1285 generis
333 1231 403 1286 [vi.
429 1231 507 1285 1.].
568 1231 770 1272 Pleuritis
800 1231 853 1285 [c.
877 1230 958 1284 3.],
981 1231 1101 1284 cujus
1123 1230 1341 1272 antidotus
1363 1235 1426 1271 est
1446 1226 1596 1271 venae-

139 1299 268 1341 sectio
302 1300 345 1356 [ξ
368 1299 448 1356 6.].
508 1299 869 1354 Peripneumonia
895 1298 1056 1349 Notha,
1079 1298 1282 1352 pituitosa
1319 1299 1373 1353 [c.
1401 1299 1462 1353 4.]
1485 1315 1497 1349 ;
1528 1299 1598 1339 hic

137 1369 302 1410 Auctor
322 1369 452 1410 semel
471 1383 624 1410 venam
657 1372 784 1419 secat,
807 1367 960 1408 deinde
990 1367 1172 1421 repetito
1197 1367 1337 1408 alvum
1358 1367 1475 1408 ducit
1503 1367 1546 1422 [ξ
1570 1369 1596 1407 3

139 1438 239 1492 sq.].
301 1439 676 1480 Rheumatismum
704 1437 1046 1480 venae-sectione
1071 1442 1191 1478 curat
1221 1442 1264 1479 et
1293 1437 1456 1478 auxiliis
1488 1437 1597 1477 anti-

138 1506 399 1561 phlogisticis
438 1508 491 1562 [c.
525 1509 565 1548 5.
601 1508 623 1563 ᾧ
652 1509 681 1547 4
711 1506 824 1560 sq.]:
866 1505 1047 1547 Febrem
1076 1505 1419 1560 Erysipelaceam
1447 1518 1598 1546 venae-

139 1575 338 1626 sectione‚
360 1575 605 1626 cathartico,
633 1574 925 1616 mollientibus
961 1575 1014 1629 [c.
1045 1574 1085 1614 6.
1117 1575 1139 1630 ᾧ
1162 1574 1223 1628 4.]
1244 1590 1255 1624 3
1286 1587 1426 1627 neque
1451 1577 1598 1614 tamen

138 1641 304 1684 videtur
323 1643 371 1684 in
392 1643 503 1685 diras
524 1645 614 1699 ejus
636 1643 804 1698 generis
824 1643 963 1684 febres
983 1642 1194 1693 incidisse,
1213 1642 1357 1696 quales
1377 1655 1452 1696 per
1473 1641 1597 1682 aesti-

137 1725 210 1753 vos
249 1712 419 1754 ardores
457 1712 556 1764 vidi,
592 1717 642 1754 ut
682 1726 927 1767 gangraena
967 1711 1268 1766 superveniret.
1329 1710 1386 1751 In
1424 1710 1599 1764 Angina

140 1793 292 1820 venam
311 1779 400 1822 fere
421 1785 535 1822 secat
563 1781 617 1836 [c.
642 1783 680 1823 7.
706 1782 727 1836 ᾧ
751 1781 834 1835 2.].

548 1916 611 1957 ΙΙ.
643 1915 858 1969 Epistolae
877 1915 1187 1968 Responsoriae.

140 2006 162 2026 ³*
175 2007 274 2039 1680.
297 2007 373 2039 8vo.
392 2005 555 2047 Londini,
573 2006 662 2051 typis
688 2005 741 2039 M.
761 2006 814 2048 C„
830 2006 996 2051 impensis
1020 2005 1169 2039 XValteri
1196 2005 1366 2051 Kettilby,
1391 2004 1436 2038 ad
1460 2005 1598 2050 insigne

190 2062 326 2109 Capitis
342 2063 378 2097 E
376 2063 562 2109 piscopalis
580 2064 616 2096 in
635 2063 850 2097 Coemeterio
869 2064 916 2097 D.
932 2063 1045 2097 Pauli.

225 2126 288 2158 Tit.
301 2138 308 2157 :
334 2128 489 2166 Epi-stolae
505 2128 720 2165 Responsoriae
737 2128 824 2157 Duae
840 2138 859 2157 a
879 2128 991 2157 Thoma
1006 2128 1176 2166 Sydenham
1192 2126 1282 2156 MD.
1296 2128 1401 2156 Prima
1417 2127 1466 2156 De
1482 2126 1600 2155 Illorbis

227 2182 412 2220 Epidemicis
432 2183 470 2211 ab
486 2183 574 2211 Anno
599 2180 690 2212 1675.
711 2183 753 2211 ad
773 2182 892 2211 Annum
916 2181 1007 2210 1680.
1031 2182 1072 2210 ad
1093 2181 1329 2219 Amplissimum,
1352 2181 1597 2219 Doctissimumq:

230 2236 334 2265 Virum
364 2237 525 2265 Robertnm
549 2237 658 2275 Brady
681 2235 724 2265 M.
738 2236 776 2266 D.
797 2236 925 2274 Collegit·
956 2234 1269 2274 Cajo-Gonevillensis
1293 2235 1460 2270 Custodem,
1487 2244 1598 2263 necnon

225 2290 355 2330 Regium
370 2292 400 2319 in
417 2290 572 2320 llledice'mi
588 2291 671 2328 apud
688 2290 948 2328 Cantabrige‘ensis
964 2287 1166 2327 Professorem
1183 2289 1269 2327 longe
1285 2289 1517 2318 celeberrimum.
1544 2289 1598 2317 Se—

225 2346 324 2374 cunda
347 2345 394 2374 De
417 2345 494 2374 Luis
518 2345 667 2375 l'enereae
689 2345 832 2374 Historia
855 2347 884 2372 et
906 2344 1067 2372 Curatione
1091 2343 1132 2371 ad
1156 2342 1396 2377 Ornatissimum,
1412 2341 1600 2371 Ernditissi-

224 2409 361 2438 mumque
381 2399 485 2429 Virum
503 2398 668 2429 Henricum
688 2399 805 2428 Pmnan
823 2397 910 2427 MD.
931 2397 1059 2435 Collegii
1079 2396 1153 2425 Divi
1168 2396 1315 2426 Jolmnnis
1338 2396 1600 2435 Cantabrigiensis

225 2454 353 2491 Socium,
370 2455 552 2483 Academiae
572 2454 727 2483 Oratorem
743 2453 912 2487 Publimzm,
925 2456 954 2482 et
970 2453 1001 2481 in
1019 2452 1151 2490 collegio
1164 2450 1375 2480 Greshamensi
1389 2451 1472 2488 apud
1484 2450 1599 2479 Loudi-

224 2516 330 2536 nenses
345 2508 376 2536 in
391 2507 548 2537 Medicina
564 2505 775 2546 Prqfessorem.
794 2504 873 2545 [G.]

141 2566 162 2587 *
177 2566 277 2598 1683.
296 2567 408 2598 12mo.
427 2563 552 2610 (Svo.?)
571 2564 746 2606 Gonevae‚
763 2563 858 2609 apud
876 2562 1076 2597 Samuelem
1096 2561 1151 2596 Dc
1168 2561 1337 2596 Toumes.

225 2628 308 2660 Tit:
334 2630 434 2668 Epist.
449 2630 592 2668 Respons.
611 2628 660 2669 ‘3⁴⁰-
681 2627 757 2668 [L.]

139 2687 162 2709 '¹‘
175 2689 275 2722 1685.
293 2690 369 2722 8vo.
388 2687 551 2729 Londini‚
568 2688 659 2733 typis
677 2686 781 2729 RN„
797 2687 944 2731 impens.
961 2685 1073 2719 Walt.
1093 2684 1261 2729 Kettilby,
1279 2683 1344 2717 ἃς).

226 2751 312 2784 Tit:
336 2753 435 2792 Epist.
452 2753 594 2791 Respons.
612 2752 664 2792 ᾂϊ.
681 2752 786 2781 Editio
798 2752 945 2782 Secunda.
963 2750 1007 2790 (v.
1029 2752 1127 2790 Opera
1147 2751 1263 2785 Omnia,
1281 2749 1327 2780 ed.
1348 2747 1456 2788 1685.)
1475 2747 1555 2788 [G.]

200 2810 298 2853 Hoc
321 2815 512 2865 tempore
542 2811 629 2851 fere
660 2810 816 2851 Febres
845 2809 1188 2851 Intermittentes
1217 2808 1328 2850 solae
1358 2807 1600 2849 dominatae

143 2884 245 2920 sunt
285 2879 341 2934 [I.
378 2881 400 2935 ξ
440 2879 526 2933 11.]
536 2911 547 2930 ,
581 2878 664 2919 nisi
705 2892 775 2919 eas
817 2892 932 2919 error
971 2877 1237 2919 medentium
1276 2876 1322 2918 in
1363 2875 1600 2918 Continuas

144 2947 413 2989 exacerbaret
451 2948 494 3002 [ᾧ
534 2947 642 3001 13.].
705 2946 884 2988 Corticis
916 2945 1143 2987 Peruviani
1176 2945 1246 2986 hic
1278 2959 1405 2986 usum
1440 2943 1600 2992 laudat,
