1985 3308
237 263 372 293 anms

231 306 382 335 Ix‘rizmi.

214 348 397 377 Amorum

236 390 371 419 '61:64.

217 922 298 951 quae
315 911 385 950 qui-

219 956 403 984 dcmesseu-

217 996 403 1026 tialiterdis-

217 1039 386 1077 tinguunt-

217 1091 264 1111 ur.

219 1133 350 1163 Imm·

217 1184 370 1205 Ml‘r'rnx-

219 1227 280 1247 'ras
298 1218 391 1246 Vnu-

218 1269 340 1289 NALES.

218 1311 371 1339 Veruales

218 1363 327 1381 omnes
338 1352 389 1381 vel

218 1395 369 1426 Quotidi-

218 1447 296 1466 anae
309 1442 393 1473 sunt,

219 1479 269 1508 vel
287 1479 364 1508 Ter-

217 1521 330 1552 tianae.

218 2680 327 2712 Quare
334 2691 407 2721 pau-

220 2734 274 2751 cae
290 2723 404 2752 l-'ebrcs

220 2765 396 2795 Continuat:

415 147 441 186 7
443 145 470 185 2
827 141 1083 183 THOMAE
1117 140 1458 182 SYDENHAM

480 249 558 303 [9.]
596 250 653 290 Et
686 249 855 302 quidem
885 262 1019 302 usque
1050 247 1154 288 adeo
1189 246 1424 287 necessaria
1450 249 1514 286 est
1543 245 1648 285 haec
1672 242 1872 284 Febrium

417 318 645 367 distinctio,
681 323 730 358 ut
771 317 853 357 nisi
888 317 1064 357 eandem
1106 316 1151 356 in
1184 315 1302 369 praxi
1343 314 1489 355 sedulo
1524 312 1872 365 contemplemur,

416 399 554 439 neque
576 385 627 425 de
648 399 792 425 earum
814 384 1049 431 duratione,
1067 383 1335 436 prognostico
1352 382 1493 435 aliquo
1513 380 1594 420 rite
1615 379 1740 428 facto,
1759 377 1873 431 quic-

418 467 542 506 quam
564 452 858 505 pronunciare,
880 465 1017 503 neque
1048 449 1267 490 commodo
1294 449 1500 501 regimine
1532 459 1753 500 aegrorum
1784 458 1874 485 cor-

416 535 520 574 pora
540 533 687 560 curare
707 519 951 572 poterimus,
966 517 1113 558 habita
1133 522 1225 557 tum
1247 520 1563 569 tempestatum,
1579 519 1673 554 tum
1694 516 1874 553 naturae

419 587 618 628 Febrium
649 587 835 626 diversae
862 585 1040 625 ratione.
1101 584 1263 624 Verum
1295 582 1465 637 quidem
1497 586 1560 622 est
1589 581 1744 621 Febres
1767 579 1874 620 utri-

418 669 553 708 usque
585 654 849 708 tempestatis
890 652 1111 705 ingenium
1146 666 1235 692 non
1269 651 1395 704 plane
1435 650 1637 690 dissimile
1672 647 1873 697 nancisci,

420 723 504 763 sive
526 722 698 762 modum
721 724 882 774 spectes
903 719 1027 772 primi
1043 719 1240 768 insultus,
1258 718 1330 771 qui
1351 732 1446 758 cum
1467 717 1641 757 horrore
1662 716 1844 769 primum
1859 719 1876 737 v

418 789 581 842 incipit,
615 802 712 828 mox
747 788 793 827 in
825 787 1004 827 calorem
1047 785 1243 837 erumpit,
1281 799 1329 825 ac
1364 784 1535 824 tandem
1570 797 1646 836 per
1678 782 1874 823 sudorem

420 856 618 904 solvitur,
651 855 733 894 sive
753 859 951 908 typorum
974 852 1229 901 discrimina,
1252 865 1431 904 quorum
1451 856 1648 903 respectu
1668 848 1875 902 quaedam

421 923 645 962 Tei-tianae
687 926 786 961 sunt
826 925 919 960 turn
960 933 1069 969 vere,
1106 923 1198 959 tum
1241 918 1368 958 etiam
1411 922 1631 958 autumno.
1694 916 1875 957 Interim

422 995 566 1030 tamen
594 1003 683 1029 non
715 987 864 1028 dubito
901 987 1005 1041 quin
1038 986 1194 1027 Febres
1227 986 1334 1026 istae
1364 989 1457 1026 tota
1488 998 1564 1025 sua
1593 989 1761 1034 natura,
1791 983 1875 1024 sive

420 1058 701 1106 essentialiter,
724 1056 1057 1108 distinguantur.

485 1125 592 1179 [lo]
630 1126 773 1177 Atque
802 1128 852 1163 ut
886 1123 937 1163 de
968 1121 1226 1163 Vernalibus
1257 1121 1393 1175 primo
1429 1120 1589 1162 dicam:
1631 1120 1728 1161 illae
1757 1119 1876 1160 ferew

420 1207 564 1234 omnes
595 1192 660 1232 vel
683 1191 968 1232 Quotidianae
993 1195 1107 1240 sunt,
1129 1191 1195 1231 vel
1215 1190 1452 1239 Tertianae,
1475 1194 1518 1229 et
1547 1188 1613 1228 vel
1643 1187 1789 1238 serius,
1809 1186 1877 1227 vel

420 1274 548 1314 ocyus
575 1260 799 1312 ingruunt,
828 1273 905 1312 pro
934 1258 1049 1298 vario
1079 1257 1345 1311 tempestatis
1377 1261 1596 1310 apparatu.
1655 1255 1771 1296 Nam
1802 1267 1877 1308 per

420 1327 610 1367 brumale
638 1327 771 1379 frigus
798 1326 969 1379 spiritus
998 1325 1262 1366 concentrati
1286 1324 1394 1364 vires
1422 1324 1468 1363 in
1495 1337 1571 1363 suo
1600 1336 1768 1363 recessu
1796 1321 1876 1362 sibi

421 1394 659 1448 acquirunt,
683 1408 786 1447 quos
818 1392 1196 1446 appropinquantis
1225 1397 1372 1445 postea
1393 1391 1490 1432 solis
1512 1391 1625 1432 calor
1642 1391 1731 1445 jam
1753 1403 1876 1442 vege-

421 1467 486 1502 tos
508 1465 664 1511 evocat,
689 1461 760 1514 qui
791 1475 887 1500 cum
915 1460 1082 1500 xiscidis
1103 1459 1352 1500 humoribus
1378 1459 1534 1512 (minus
1561 1463 1707 1499 tamen
1730 1456 1877 1498 viscidi

423 1534 523 1569 sunt
544 1529 590 1568 hi
611 1543 736 1580 quam
754 1542 857 1581 quos
878 1527 923 1567 in
945 1531 1152 1568 autumno
1168 1526 1403 1580 praegressi
1423 1526 1605 1567 fervores
1620 1529 1877 1566 excoxerunt

419 1610 467 1636 ac
497 1596 834 1647 torrefecerunt,)
870 1594 1093 1644 commissi,
1117 1608 1221 1647 quos
1252 1593 1433 1633 durante
1463 1593 1615 1647 hyeme
1642 1591 1812 1632 Natura
1830 1591 1878 1631 in

419 1663 640 1716 sanguinis
665 1676 802 1702 massa
829 1666 1111 1714 congesserat,
1141 1661 1243 1701 dum
1269 1661 1433 1701 avolare
1466 1661 1679 1710 nituntur,
1706 1659 1878 1712 implexi

419 1731 668 1770 detinentur
699 1734 740 1770 et
773 1729 892 1782 quasi
919 1728 1086 1778 irretiti,
1109 1728 1296 1781 adeoque
1324 1742 1497 1768 vernam
1522 1727 1706 1767 hanccex
1728 1726 1877 1767 ebulli-

418 1798 580 1838 tionem
611 1797 841 1837 concitant.
902 1796 1064 1836 Eodem
1095 1796 1220 1849 plane
1252 1795 1390 1845 modo,
1425 1809 1508 1848 quo
1538 1809 1637 1834 vasa
1678 1793 1879 1834 cerevisia

418 1865 592 1916 repleta,
620 1869 747 1916 atque
778 1864 825 1903 in
857 1877 985 1904 arena
1011 1863 1077 1903 vel
1104 1863 1210 1903 cella
1236 1862 1392 1915 frigida
1424 1862 1585 1902 diutius
1621 1860 1819 1914 reposita,
1842 1859 1878 1900 si

418 1933 510 1985 igni
537 1932 853 1981 admoveantur,
875 1931 1110 1972 tumultum
1136 1931 1281 1971 statim
1310 1930 1569 1983 concipiunt,
1593 1934 1635 1969 et
1663 1929 1802 1982 liquor
1823 1928 1878 1969 ad

419 2000 604 2040 volatum
627 2014 785 2052 pronus
807 2004 870 2039 est
883 2016 894 2048 5
927 1999 1100 2051 sanguis
1125 1999 1204 2039 hoc
1229 1998 1354 2039 modo
1383 1998 1558 2038 affectus
1579 1996 1877 2050 purgationem

420 2067 485 2106 sui
507 2066 692 2116 molium,
716 2071 843 2119 atque
866 2065 1092 2118 spirituum
1114 2065 1347 2105 volatilium
1370 2079 1448 2118 ope
1469 2064 1689 2117 negotium
1710 2063 1791 2104 hoc
1812 2067 1877 2104 sat

419 2134 503 2174 cito
516 2134 692 2186 peragit,
707 2134 789 2173 nisi
810 2134 918 2174 forte
932 2133 1065 2173 nimia
1080 2133 1332 2173 viscidorum
1351 2146 1570 2173 succorum
1586 2132 1626 2172 vi
1641 2131 1876 2172 instructus

418 2200 559 2250 fuerit,
583 2201 655 2254 qui
679 2201 1050 2242 fermentationem
1072 2206 1263 2254 coeptam
1290 2204 1558 2241 remorentur
1570 2216 1581 2249 3
1614 2204 1656 2239 et
1676 2199 1776 2240 licet·
1795 2198 1876 2239 hoc

418 2269 554 2321 ipsum
578 2269 753 2319 accidat,
776 2269 1092 2309 effervescentia
1116 2273 1261 2309 tamen
1281 2282 1410 2308 verna
1436 2281 1532 2308 raro
1560 2267 1764 2308 continua
1791 2266 1875 2307 sui-

420 2350 501 2388 que
524 2336 669 2376 similis
700 2341 857 2387 manet,
879 2350 1024 2377 verum
1048 2336 1226 2376 dissilire
1248 2340 1375 2388 atque
1399 2336 1446 2375 in
1467 2334 1650 2375 diversos
1678 2348 1876 2388 paroxys-

420 2417 509 2443 mos
532 2403 651 2456 quasi
671 2403 777 2443 findi
799 2404 916 2444 solet.
981 2403 1198 2456 Sanguine
1219 2403 1332 2443 enim
1350 2402 1562 2456 opulentis
1583 2402 1698 2442 hisce
1720 2401 1875 2455 spiriti-

419 2469 498 2510 bus
534 2471 620 2523 jam
662 2471 848 2524 turgido,
880 2471 1051 2511 Natura
1090 2470 1311 2523 negotium
1352 2484 1475 2510 suum
1518 2469 1638 2523 quasi
1676 2483 1875 2523 praeceps

420 2538 690 2590 aggreditur3
723 2544 765 2579 et
797 2539 1063 2592 quarundam
1095 2538 1279 2592 partium
1314 2538 1588 2578 secretionem
1620 2537 1673 2577 ad
1701 2537 1874 2577 modum

420 2605 629 2656 perfectae
670 2606 891 2646 solutionis
935 2620 1010 2660 per
1054 2620 1326 2659 paroxysmos
1372 2605 1646 2659 particulares
1696 2604 1874 2657 peragit,

421 2672 665 2725 priusquam
696 2673 922 2714 universali
942 2674 1216 2727 'separatione
1257 2673 1527 2726 defungatur.
1587 2672 1730 2724 Atque
1769 2671 1874 2712 haec

423 2738 526 2778 mihi
548 2740 716 2792 quidem
742 2741 850 2781 ratio
880 2756 969 2782 non
998 2741 1199 2782 inidouea
1218 2741 1398 2791 videtur,
1421 2740 1534 2794 quod
1556 2753 1687 2780 verna
1715 2743 1871 2792 tempe-

462 2858 474 2870 *
496 2853 639 2899 pqr-imum]
655 2859 752 2894 primo
767 2857 835 2887 edd.
853 2858 916 2894 ⁹66,
934 2859 994 2889 ’68.
1218 2863 1231 2876 ¹
1255 2857 1380 2897 hancce]
1399 2860 1474 2888 hanc
1489 2858 1534 2887 ed.
1554 2857 1616 2887 ’66.

462 2900 479 2912 ¹*
495 2896 581 2935 jere]
601 2907 661 2926 oxu.
680 2899 748 2929 edd.
766 2901 828 2935 '603
847 2902 908 2936 '6s,
927 2902 988 2932 ³76.
