1985 3308
274 154 794 196 OBSERVATIONUM
827 154 1203 195 MEDICARUM
1239 161 1290 193 11.
1318 165 1348 193 ιε.
1460 157 1532 194 101

83 266 166 302 tur.
210 262 235 302 J
239 275 307 302 am
329 262 363 302 si
383 260 661 301 inflammatio
683 260 821 301 adhue
841 260 1053 301 remissior
1074 260 1239 310 existat,
1258 259 1412 300 Febres
1435 273 1537 313 quas
1586 268 1714 298 Faunus

83 330 326 370 Pestilente-9
345 329 471 382 vulgo
493 328 718 382 appellant,
742 328 971 382 producere
993 329 1123 378 solet3
1154 333 1203 368 ut
1231 328 1276 368 in
1297 328 1381 368 fine
1403 328 1536 368 Pesti-
1565 310 1736 383 δῖῗξῖξζζε

83 397 210 438 lentis
241 397 555 438 constitutionis
591 394 894 450 saepenumero
924 397 1089 446 accidit,
1122 410 1170 436 ac
1200 395 1377 437 forsitan
1409 396 1537 436 etiam
1557 394 1738 466 τξὲἳ-ξῆὶξὲξλῐ

82 479 170 506 11110
201 465 383 505 alterove
414 470 507 518 post
539 479 665 516 anno,
689 465 822 506 donee
843 465 926 506 ista
946 464 1147 506 Febrium
1179 464 1336 518 specics
1368 478 1538 518 prorsus
1558 450 1740 526 1·ηὲὶὶἡοῃὲ

84 532 308 587 dispareat.
1558 542 1695 586 sunt-re-

147 601 254 655 [13.]
294 601 420 642 Certe
469 602 552 654 (me
595 601 768 655 judice,)
812 602 858 642 in
904 602 1240 642 inflammatione
1284 601 1367 641 ista
1412 614 1536 654 quam
1558 591 1722 669 Ἰῗζζζοξῐ

84 669 228 709 Latini
260 670 399 722 Igsnem
427 670 600 711 Sam-um
633 670 859 724 appellant,
896 670 1109 723 quandam
1141 670 1277 710 Pestis
1308 669 1539 722 imaginem
1559 683 1610 721 per
1628 673 1731 703 Pestis

83 750 172 778 non
200 737 422 778 obscuram
449 738 607 779 intueri
638 738 759 779 licet:
794 742 897 779 “est
929 739 1042 779 enim
1074 738 1247 778 morbus
1279 738 1376 778 hic’'
1413 737 1540 790 (apud
1559 726 1723 798 ἓᾞζξᾶζῃ,

85 805 270 846 saniores
287 806 509 859 Medicos,)
531 806 692 847 “febris
709 806 924 855 continua,
941 821 964 847 a
981 806 1199 860 sanguinis
1221 810 1340 859 parte
1356 805 1541 846 tenuiori

85 878 282 926 corrupta
303 887 351 914 ac
378 874 641 915 inflammata
665 875 873 927 originem
905 875 1063 915 ducens
1077 892 1088 924 3
1122 889 1205 927 qua
1230 878 1280 914 ut
1301 874 1470 914 Natura
1498 887 1540 913 se

84 940 247 989 liberet,
270 955 362 981 eam
384 941 429 982 in
451 942 634 995 corporis
656 942 839 996 aliquam
860 947 1023 996 partem
1050 946 1268 982 externam
1291 941 1474 995 expellit,
1497 941 1542 981 in

85 1023 168 1062 qua
183 1013 338 1059 tumor,
361 1014 434 1050 aut
459 1010 599 1062 potius
632 1012 744 1062 (cum
772 1015 916 1051 tumor
946 1010 1050 1051 adeo
1076 1009 1276 1051 notabilis
1305 1024 1427 1063 saepe
1453 1024 1540 1050 non

85 1078 311 1130 appareat,)
333 1078 498 1118 macula
518 1078 658 1128 rubra,
675 1079 774 1129 lata,
790 1078 988 1132 dispersa,
1008 1093 1133 1131 quam
1156 1092 1291 1118 rosam
1312 1078 1538 1131 appellant,

85 1144 256 1184 oritur.’'
297 1145 483 1186 Solvitur
496 1150 639 1186 autem
652 1147 733 1187 ista
750 1146 909 1197 Febris,
924 1151 1149 1200 postquam
1162 1161 1249 1187 uno
1267 1151 1393 1200 atque
1407 1147 1539 1187 altero

85 1211 153 1252 die
189 1226 363 1265 aegrum
400 1213 558 1263 afflixit,
587 1214 730 1255 critice
765 1229 838 1268 per
872 1215 988 1255 hune
1021 1220 1247 1264 tumorem,
1285 1219 1327 1254 et
1363 1215 1539 1267 proinde

85 1280 311 1333 aliquando
343 1281 389 1321 in
426 1281 638 1335 glandulis
675 1282 752 1323 sub
785 1282 860 1323 alis
893 1283 958 1323 vel
985 1283 1030 1322 in
1056 1282 1305 1337 inguinibus
1337 1282 1467 1332 dolor,
1490 1288 1539 1323 ut

83 1349 214 1390 etiam
243 1349 289 1389 in
320 1350 445 1390 Peste
475 1350 567 1391 fieri
597 1350 826 1391 consuevit.
896 1351 1004 1405 [14]
1044 1351 1139 1391 “Et
1160 1351 1246 1391 fere
1268 1350 1430 1390 invadit
1459 1351 1540 1391 hoe

83 1417 257 1468 malum,
271 1423 321 1458 ut
335 1417 596 1469 Pestilentia,
615 1433 712 1460 cum
725 1420 899 1461 horrore
916 1424 958 1460 et
979 1419 1221 1473 insequenti
1238 1419 1374 1459 calore
1386 1418 1539 1469 febrili,

83 1485 145 1526 ita
164 1490 213 1527 ut
235 1486 305 1540 qui
326 1486 466 1540 ipsum
487 1492 586 1528 ante
607 1502 695 1528 non
716 1492 817 1528 sunt
837 1488 962 1541 passi,
979 1487 1223 1528 existiment
1244 1487 1314 1528 lue
1335 1487 1542 1527 Pestifera

85 1567 129 1595 se
156 1554 320 1608 corripi,
344 1555 477 1596 donec
501 1555 676 1596 tandem
698 1556 744 1596 in
774 1570 895 1597 crure
917 1561 991 1597 aut
1019 1556 1101 1597 alio
1131 1556 1222 1596 loco
1244 1569 1333 1596 sese
1365 1556 1538 1596 affectus

83 1622 278 1676 prodat.''
342 1623 467 1676 (Vide
498 1624 769 1675 Sennertum,
799 1625 882 1678 [De
901 1624 1038 1678 Febru]
1066 1624 1138 1664 lib.
1161 1624 1204 1664 ii.
1228 1638 1315 1677 cap.
1342 1624 1408 1663 16.
1434 1626 1459 1644 “
1473 1624 1539 1663 De

84 1690 207 1732 Febr.
239 1691 403 1746 Sympt.
428 1692 630 1733 Contin.”
666 1693 730 1747 [in
759 1693 860 1746 Opp.
882 1698 913 1734 t.
936 1693 988 1733 11.
1011 1708 1080 1747 pp.
1103 1694 1201 1743 407,
1225 1692 1306 1746 8.])
1372 1691 1539 1733 Quibus

84 1759 245 1800 aceedit
276 1760 388 1814 quod
416 1766 458 1801 et
482 1761 661 1815 maligni
691 1761 850 1815 aliquid
873 1761 972 1802 huie
1003 1761 1151 1802 morbo
1179 1761 1316 1801 inesse
1343 1760 1541 1801 nonnulli

84 1828 283 1869 authores
299 1829 579 1882 suspicantur,
598 1843 645 1870 ac
665 1830 841 1883 proinde
863 1830 1126 1870 curationem
1142 1829 1189 1869 in
1210 1829 1542 1869 sudoriferorum

85 1900 212 1949 atque
229 1896 662 1950 alexipharmacorum
676 1912 758 1938 usu
772 1898 1053 1938 constituunt.
1099 1898 1218 1938 Haec
1236 1897 1407 1951 quidem
1422 1897 1540 1937 flam-

84 1977 167 2014 ma,
175 1963 250 2004 ubi
263 1964 555 2005 ebullitionem
569 1966 842 2006 commoverit
855 1967 975 2020 cujus
990 1980 1067 2019 ope
1073 1965 1305 2019 particulae
1321 1964 1540 2018 sanguinis

84 2030 311 2072 leviuscule
327 2032 540 2073 ustulatae
562 2047 609 2074 ac
631 2034 750 2087 quasi
771 2033 991 2087 syderatae
1011 2033 1127 2074 brevi
1143 2033 1278 2086 spatio
1295 2033 1406 2073 foras
1428 2032 1540 2072 able-

86 2102 257 2152 gantur,
275 2102 425 2152 sponte
446 2114 533 2150 sua,
550 2114 629 2142 nec
649 2101 894 2141 ulteriorem
915 2115 1069 2141 noxam
1085 2100 1246 2150 molita,
1262 2099 1539 2152 extinguitur.

150 2167 258 2221 [15.]
296 2167 593 2209 Veruntamen
617 2169 728 2223 ignis
758 2174 903 2210 noster
932 2170 1014 2210 isto
1046 2170 1173 2209 Sacro
1209 2169 1335 2221 longe
1367 2168 1542 2207 divinior

85 2239 162 2285 est,
184 2239 233 2275 ut
256 2235 340 2288 qui,
363 2250 529 2277 summa
543 2251 625 2290 qua
638 2237 766 2291 pollet
784 2237 1046 2278 substantiae
1059 2236 1283 2285 tenuitate,
1305 2235 1541 2275 intimiores

85 2303 268 2357 corporis
284 2317 471 2345 recessus
492 2305 561 2357 (ad
580 2305 715 2346 instar
730 2305 933 2359 fulgetri‚)
950 2319 1166 2359 permeare
1183 2309 1306 2358 aptus
1328 2308 1454 2344 natus
1471 2302 1538 2353 sit,

86 2372 302 2426 spiritibus
343 2374 502 2414 cruoris
538 2374 767 2428 derepente
806 2374 1050 2428 profligatis,
1082 2374 1297 2428 ipsiusque
1337 2387 1540 2426 compage

85 2454 396 2495 nonnunquam
424 2441 548 2482 citius
580 2442 796 2493 dissoluta,
820 2457 943 2496 quam
974 2442 1156 2492 Natura,
1185 2441 1404 2495 praecipiti
1428 2441 1540 2481 malo

86 2522 296 2563 oppressa,
318 2509 608 2551 ebullitionem
629 2511 821 2552 febrilem
852 2511 1085 2565 (solennem
1109 2524 1262 2564 nempe
1283 2509 1538 2560 machinam,

86 2591 181 2631 qua,
205 2577 404 2632 quicquid
434 2579 633 2632 sanguini
659 2579 863 2621 infestum
892 2584 967 2630 est,
997 2579 1083 2620 suis
1111 2593 1134 2620 e
1164 2578 1320 2619 finibus
1349 2591 1540 2620 amovere

86 2646 270 2700 satagit,)
295 2647 506 2688 concitare
527 2648 676 2688 valeat.
1559 2680 1685 2711 Pestem
1703 2683 1741 2712 ab

150 2714 258 2769 [16.]
298 2714 425 2757 Quod
447 2716 481 2756 si
503 2716 595 2769 quis
617 2716 722 2756 mihi
751 2715 821 2757 hic
842 2717 961 2757 litem
982 2721 1101 2770 paret
1126 2716 1178 2757 de
1199 2730 1261 2767 eo,
1285 2716 1397 2770 quod
1424 2716 1539 2758 hunc
1558 2723 1739 2774 inflamma·-

84 2782 283 2823 morbum
313 2783 365 2824 ab
393 2784 729 2825 inflammatione
760 2785 859 2825 oriri
890 2785 1140 2835 existimem,
1162 2785 1198 2825 is
1229 2784 1424 2826 attendat
1451 2784 1539 2826 non
1558 2772 1644 2797 ”⁰¹¹8
1661 2778 1735 2797 orm

1559 2810 1705 2849 pluribus

85 2851 212 2893 modo
227 2851 374 2894 Febris
387 2853 682 2907 praesentiam,
701 2853 772 2894 sed
791 2858 832 2894 et
850 2854 1068 2907 complura
1081 2853 1163 2894 alia
1181 2853 1281 2895 huie
1303 2854 1539 2895 sententiae
1557 2863 1728 2926 ἲίἒὲἒὲᾘξῐὲἶ

87 2921 330 2975 suffragari:
367 2935 520 2976 nempe
551 2922 770 2976 sanguinis
801 2922 980 2964 detracti
1010 2922 1204 2973 colorem,
1238 2922 1309 2976 qui
1348 2922 1536 2976 pleuriti·
1557 2943 1616 2969 tur.
