1985 3308
427 136 512 176 560
845 139 1101 180 THOMAE
1136 139 1476 180 SYDENHAM

292 249 346 278 DE
426 241 559 282 [Form.
580 245 697 289 176.]t
736 242 775 295 R
802 246 924 289 Aquae
943 245 1174 291 Plantagfflis,

234 291 390 321 Axmm.
802 303 956 346 [Aquae]
977 303 1149 335 Rosarum
1170 302 1379 343 Rubrarum,

804 358 961 404 [Aquae]
984 359 1175 403 spermatis
1193 359 1388 399 Rmmrum,
1405 369 1480 392 ana·
1490 359 1611 392 uncias
1628 364 1788 403 quatuor,

799 416 974 449 Albumeu
993 416 1145 449 Ovorum
1163 417 1198 449 in
1218 428 1348 460 aquam
1365 417 1532 461 agitando
1550 417 1729 451 redactum
1748 418 1866 458 trium,

799 470 964 504 Sacchari
981 472 1171 516 crystallini
1186 472 1368 506 drachmas
1384 480 1471 514 tres3

612 529 743 567 Misce3
770 528 829 560 fiat
846 529 1072 572 gargarisma.

424 618 616 658 Emulsio
632 617 924 671 refrige1·ans⁸¹‚
938 618 983 657 in
997 619 1226 660 Pleurz'tide
1245 620 1356 674 [sup.
1375 634 1409 661 c.
1428 620 1488 676 8.]
1512 620 1733 675 descripta,
1747 620 1883 661 indies

424 693 628 728 sumatur.

485 754 689 808 Sequenti
708 768 847 804 mane,
869 754 951 794 nisi
970 754 1098 795 febris
1123 760 1165 795 et
1193 755 1311 796 dolor
1337 756 1450 796 inter
1478 755 1800 809 deglutiendum
1818 768 1884 795 re-

424 822 630 872 miserint,
657 822 939 862 venae-sectio
971 827 1201 876 repetatur,
1234 823 1415 863 catharsi
1445 823 1492 863 in
1523 823 1635 863 diem
1667 828 1885 876 posterum

423 890 604 943 rejecta,
637 889 737 929 alias
759 890 1038 930 catharticum
1058 890 1279 930 lenitivum
1301 891 1560 931 exhibeatur.

484 957 694 997 Manente
728 957 866 997 adhuc
903 959 1070 1008 affectu,
1112 959 1240 1011 (quod
1272 959 1424 1012 oppido
1460 960 1632 1012 rarum‚)
1668 963 1886 1012 repetatur

427 1024 564 1065 adhuc
596 1025 890 1075 venae-sectio,
925 1031 967 1066 et
1008 1026 1211 1066 catharsis
1227 1044 1238 1076 3
1282 1027 1580 1080 epispasticum
1613 1027 1802 1080 amplum
1837 1041 1887 1067 ac

426 1093 534 1132 forte
556 1093 790 1145 applicetur
811 1093 959 1133 cervici
980 1099 1075 1147 post
1095 1094 1277 1147 primam
1296 1095 1692 1135 venae-sectionem.

485 1159 616 1200 Omni
635 1174 774 1209 mane,
793 1161 875 1200 nisi
897 1161 1043 1201 diebus
1064 1162 1306 1214 purgationi
1328 1162 1450 1213 datis,
1469 1176 1619 1203 enema
1633 1162 1886 1215 refrigerans
1928 1195 1935 1199 .

427 1233 467 1268 et
490 1228 708 1268 emolliens
728 1228 966 1281 injiciatur,
1000 1229 1138 1270 diaeta
1158 1230 1278 1270 tenui
1300 1235 1445 1270 utatur
1465 1244 1602 1283 aeger,
1620 1235 1662 1270 et
1683 1230 1792 1271 lecto
1812 1243 1888 1283 per

425 1296 549 1336 horas
570 1296 728 1349 aliquot
751 1297 938 1350 quotidie
959 1297 1149 1338 absistat.

224 1407 404 1454 Observan-
485 1396 541 1436 In
572 1396 638 1436 his
672 1397 869 1438 omnibus
906 1399 1111 1439 Febribus
1146 1414 1249 1453 quas
1278 1401 1601 1441 Inter-currentes
1632 1400 1808 1453 appello,
1839 1403 1888 1440 ut
1936 1445 1941 1459 ,1

223 1449 406 1520 ξῖἰέἓξῇζ-
428 1464 556 1504 etiam
586 1464 631 1503 in
655 1465 728 1504 illa
749 1479 855 1518 quae
885 1466 1143 1506 Stationaria
1175 1474 1251 1517 est,
1275 1473 1397 1508 caute
1429 1467 1751 1516 observandum,
1775 1466 1888 1519 quod

222 1539 400 1604 tflrcurren-
429 1545 554 1584 aeger
575 1546 598 1571 a
617 1532 727 1572 lecto
750 1533 961 1574 abstineat
982 1549 1183 1587 magnam
1211 1535 1294 1575 diei
1319 1541 1499 1588 partem,
1520 1540 1570 1574 ut
1594 1534 1770 1588 jusculis
1791 1534 1887 1574 hor·
1931 1570 1934 1574 ,

224 1581 603 1649 {11³}{gssssssftdeaceis,
628 1601 865 1651 avenaceis,
899 1615 945 1641 ac
981 1601 1025 1641 id
1058 1616 1191 1654 genus
1224 1602 1328 1652 aliis,
1362 1603 1539 1651 victitet,
1571 1607 1613 1641 et
1645 1601 1888 1641 cerevisiam
1928 1616 1930 1621 ’

225 1660 324 1690 ”afia-
427 1674 601 1709 tenuem
621 1669 859 1722 lupulatam
880 1676 922 1711 et
943 1670 1219 1724 hydrogalam
1240 1685 1316 1724 pro
1337 1676 1443 1725 potu
1463 1670 1675 1711 ordinario
1695 1669 1828 1710 bibat.

1006 1861 1132 1901 CAP.
1165 1861 1308 1902 XIV.x

1007 1969 1070 2010 De
1091 1970 1311 2010 Morbillis.

228 2079 334 2129 Mqrbi
351 2081 403 2111 de·
488 2076 712 2116 INFANTES
729 2076 977 2130 plerumque
998 2076 1224 2129 impetunt.
1286 2076 1431 2117 Primo
1453 2076 1519 2116 die
1535 2076 1676 2130 rigent
1693 2075 1888 2116 horrent-

225 2129 365 2164 scnpno.
430 2159 524 2198 que,
559 2145 699 2185 calent
730 2149 773 2185 et
804 2145 962 2198 frigent
996 2145 1252 2185 alternatim.
1319 2144 1526 2193 Secundo,
1550 2147 1889 2184 consummatam

428 2213 581 2254 febrim
618 2218 839 2253 accersunt
854 2229 866 2262 3
918 2213 1138 2266 aegritudo
1174 2213 1414 2262 vehemens,
1448 2212 1551 2262 sitis,
1584 2210 1888 2264 inappetentia,
1928 2259 1932 2264 ‚

428 2283 577 2334 lingua
602 2281 709 2332 alba,
741 2282 843 2334 (non
869 2296 966 2322 vero
1000 2282 1137 2334 sicca,)
1168 2281 1383 2331 tussicula,
1413 2281 1562 2334 capitis
1594 2285 1637 2320 et
1669 2279 1888 2320 oculorum

431 2349 624 2403 gravedo,
647 2354 689 2390 et
711 2348 992 2390 somnolentia
1018 2355 1235 2403 perpetua,
1258 2349 1410 2389 acriter
1436 2353 1636 2402 premunt
1649 2365 1661 2398 ;
1691 2348 1846 2387 humor
1866 2359 1889 2386 e
1925 2354 1931 2372 ³

431 2418 603 2459 naribus
626 2422 669 2458 et
693 2418 824 2458 oculis
852 2418 1012 2471 jugiter
1041 2418 1183 2467 stillat,
1208 2432 1314 2471 quae
1343 2417 1583 2471 lachrymae
1605 2416 1888 2457 certissimum

432 2487 733 2527 Morbillorum
755 2487 938 2539 signum.
1002 2487 1099 2526 Huc
1121 2486 1328 2527 accedunt
1350 2486 1616 2536 sternutatio,
1638 2491 1780 2526 tumor
1800 2483 1889 2537 pal-

430 2554 657 2607 pebrarum
677 2554 802 2607 paulo
824 2558 923 2594 ante
945 2554 1222 2607 eruptionem,
1239 2553 1434 2603 vomitus,
1457 2553 1678 2593 diarrhoea.
1697 2566 1795 2592 cum
1816 2551 1889 2591 de·
1927 2582 1929 2595 .

426 2622 683 2676 jectionibus
714 2622 851 2662 colore
881 2622 1015 2671 viridi,
1044 2622 1091 2662 in
1121 2621 1410 2662 dentientibus
1441 2621 1700 2674 praesertim.
1764 2620 1887 2673 Sym-

429 2692 621 2742 ptomata
640 2688 937 2741 ingravescunt
959 2688 1012 2728 ad
1029 2693 1227 2741 quartum
1242 2703 1377 2742 usque
1393 2688 1518 2738 diem,
1534 2702 1615 2741 quo
1632 2687 1804 2741 quidem
1820 2686 1887 2727 die

436 2758 761 2809 (nonnunquam
784 2756 961 2809 quinto,)
986 2756 1033 2796 in
1052 2743 1194 2796 fronte
1222 2763 1264 2797 et
1294 2756 1399 2797 facie
1430 2756 1620 2796 maculae
1643 2769 1795 2809 parvae
1815 2769 1887 2795 ru-

431 2822 544 2873 brae,
571 2824 759 2876 pulicum
794 2824 1003 2865 morsibus
1035 2825 1280 2878 persimileS,
1301 2824 1512 2878 prodeunt
1525 2842 1537 2874 ;
1572 2838 1677 2878 quae
1707 2837 1886 2864 numero

477 2909 485 2926 ῑ
512 2907 559 2936 Cf.
577 2908 666 2939 sulm.
685 2911 734 2938 48.
884 2914 900 2930 ¹¹
927 2909 974 2939 Cf.
994 2910 1119 2939 sor-mm.
1138 2911 1188 2941 ³34.
1210 2910 1244 2939 16
1257 2911 1278 2938 4.
1423 2914 1438 2929 X
1467 2909 1516 2939 Cf.
1539 2911 1658 2939 observ.
1677 2909 1758 2939 Med.
1777 2908 1817 2938 iv.
1835 2909 1864 2937 5.
