1985 3308
396 162 482 202 434
811 162 1068 204 THOMAE
1102 160 1444 203 SYDENHAM

205 276 259 305 DE
278 275 367 305 Pon·
395 269 611 323 pensione,
649 273 691 311 et
726 270 960 311 ventriculo
995 269 1169 311 tandem
1201 269 1255 310 ad
1283 268 1350 310 lac
1379 270 1627 318 nauseante,
1660 266 1861 309 absistere

234 327 338 349 AGRA.

189 1838 288 1868 Potus
304 1839 343 1868 sit

185 1882 336 1912 cerevisia

189 1925 293 1954 tenuis

188 1968 306 1997 Londi-

187 2012 303 2041 nensis.

186 2320 306 2349 Vinum

187 2363 224 2392 dc
240 2363 323 2393 sacto

189 2405 298 2442 officit,

186 2868 214 2892 et
230 2873 336 2903 quare.

396 342 565 378 coactus
596 342 671 379 est.
733 338 945 379 Nonnulli
974 352 1072 379 vero
1101 336 1473 392 hypochondriaci,
1505 349 1644 376 crasso
1675 335 1860 389 corporis

394 405 557 457 habitu,
579 406 645 446 vel
666 406 737 460 qui
758 407 859 447 alias
884 406 1117 460 liquoribus
1143 404 1378 458 spirituosis
1405 404 1479 444 diu
1506 404 1776 457 multumque
1797 418 1860 444 as·

395 487 579 524 suevere‚
595 473 716 514 lactis
741 488 866 514 usum
887 474 1134 514 nullatenus
1154 472 1263 513 ferre
1283 476 1476 526 possunt.
1509 472 1681 513 Interea
1702 472 1861 513 emolu-

394 547 590 582 mentum
611 541 716 582 illud
737 542 937 595 perbreve
959 555 1006 582 ac
1027 541 1157 594 fugax
1179 540 1292 594 quod
1309 555 1357 581 ex
1372 540 1452 581 hac
1469 540 1607 581 diaeta
1622 539 1861 594 percipiunt

394 610 456 650 illi
478 610 630 664 quibus
652 624 749 650 011111
770 610 878 650 lacte
901 609 1111 659 convenit,
1133 609 1234 650 hinc
1256 609 1405 660 oritur,
1422 609 1616 650 videlicet
1639 608 1752 662 quod
1772 622 1861 649 non

393 683 566 719 tantum
588 678 726 719 diaeta
747 678 801 718 sit
818 678 1143 731 simplicissima,
1165 677 1294 730 (unde
1314 677 1458 718 nullus
1480 677 1629 718 dubito
1651 677 1755 731 quin
1771 678 1861 731 jus-

394 747 537 787 culum
552 760 820 796 avenaceum,
837 746 964 787 modo
979 746 1240 787 ventriculus
1256 746 1363 786 illud
1378 746 1499 795 ferat,
1515 745 1628 786 idem
1648 750 1861 799 praestare

393 814 554 868 possit,)
581 814 654 854 sed
675 814 804 854 etiam
830 814 1084 868 sanguinem
1113 814 1345 855 dulciorem
1369 813 1667 867 mitioremque
1696 813 1859 864 reddat,

393 881 621 932 particulas
642 881 689 920 111
705 894 754 921 eo
771 881 950 922 acriores
972 881 1331 935 contemporando
1347 898 1359 932 3
1382 886 1510 935 atque
1525 881 1712 936 insuper,
1734 881 1861 936 (quod

394 962 472 1002 ego
484 948 737 1002 palmarium
753 948 928 1002 judico,)
946 963 1044 990 cum
1059 950 1125 990 lac
1142 949 1335 990 alimenti
1349 963 1484 1003 genus
1502 950 1555 990 sit
1572 950 1728 990 adultis
1743 963 1859 1003 pror-

393 1031 463 1057 sus
484 1017 633 1071 impar,
655 1018 781 1058 istam
802 1018 1030 1058 humorum
1054 1019 1387 1071 turgescentiam
1410 1018 1494 1059 sive
1515 1018 1775 1059 virositatem
1795 1031 1859 1058 re-

392 1085 538 1139 primit
567 1086 635 1127 0111
656 1086 852 1140 Podagra
882 1095 1024 1127 ortum
1046 1087 1185 1137 debet,
1209 1092 1336 1141 atque
1357 1100 1406 1127 eo
1427 1087 1600 1128 nomine
1620 1100 1777 1140 paucos
1805 1086 1860 1127 is-

391 1159 458 1195 tos
492 1154 645 1207 quibus
685 1155 896 1208 congruit,
930 1155 1097 1195 tamdiu
1130 1170 1153 1195 a
1185 1155 1380 1209 Podagra
1419 1155 1631 1196 immunes
1670 1159 1859 1209 praestat

393 1223 598 1277 quamdiu
614 1238 662 1264 eo
681 1224 767 1265 solo
784 1228 1026 1274 vescuntur,
1040 1237 1120 1264 nec
1132 1224 1253 1277 juvat
1269 1224 1460 1265 ulterius.
1495 1224 1605 1265 Cum
1619 1224 1733 1265 enim
1750 1223 1859 1264 Pod-

392 1305 518 1344 agrae
540 1306 689 1333 causae
715 1292 911 1345 originali
941 1305 989 1332 ac
1019 1292 1241 1346 primariae
1267 1293 1434 1346 (nempe
1466 1292 1791 1333 coneoctionum
1812 1304 1860 1332 ac

391 1359 700 1402 fermentorum
719 1360 956 1414 debilitati)
977 1361 1152 1402 omnino
1169 1361 1465 1411 contrarietur,
1482 1361 1610 1414 longe
1625 1360 1760 1414 mag-is
1781 1359 1860 1401 hac

391 1428 558 1469 ratione
591 1428 711 1469 obest
743 1443 871 1482 quam
903 1429 1036 1469 altera
1065 1429 1263 1482 prodest:
1317 1428 1429 1482 quod
1460 1442 1558 1469 cum
1588 1428 1730 1468 minus
1765 1441 1859 1481 per-

393 1501 585 1549 spectum
610 1496 752 1547 fuerit,
779 1497 979 1538 nonnulli
1005 1496 1261 1537 incautiores
1287 1496 1334 1537 in
1361 1510 1520 1537 errores
1540 1509 1795 1550 permagnos
1816 1500 1859 1536 et

392 1563 518 1617 plane
550 1564 784 1605 exitiabiles
814 1564 1057 1605 inciderunt
1073 1581 1085 1613 3
1123 1564 1237 1614 dum,
1269 1564 1407 1605 morbi
1438 1577 1588 1605 causae
1621 1563 1860 1605 continenti

395 1632 639 1683 (humorum
662 1632 819 1673 scih'cet
850 1632 977 1673 calori
1009 1638 1051 1673 et
1083 1632 1298 1686 acredini,)
1324 1632 1490 1673 obviam
1515 1632 1575 1673 ire
1602 1636 1858 1685 satagentes,

392 1699 686 1740 concoctiones
713 1700 1092 1754 pessundederunt,
1116 1705 1158 1741 ct
1178 1700 1417 1741 functiones
1439 1700 1655 1740 naturales
1675 1703 1859 1753 prostra-

390 1773 543 1809 verunt
565 1783 727 1809 omnes.

457 1836 564 1890 [46]
604 1837 810 1890 Liquores
843 1837 956 1891 quod
984 1841 1158 1891 spectat,
1187 1837 1216 1877 ii
1249 1837 1330 1889 (me
1357 1836 1530 1891 judice,)
1563 1836 1712 1890 optimi
1743 1841 1856 1887 sunt,

393 1905 464 1958 qui
484 1919 623 1959 neque
646 1905 699 1946 ad
719 1906 805 1945 11111
831 1906 1157 1958 generositatem
1186 1904 1435 1955 ascendunt,
1457 1918 1536 1945 1100
1557 1904 1611 1944 ad
1632 1918 1765 1958 aquae
1787 1905 1856 1946 de-

390 1972 601 2012 bilitatem
623 1972 921 2026 deprimuntur
933 1989 944 2022 3
975 1971 1213 2026 cujusmodi
1235 1977 1334 2012 sunt
1357 1972 1554 2013 cerevisia
1579 1973 1722 2013 tenuis
1744 1972 1859 2014 Lon-

391 2040 591 2090 dinensis,
615 2040 699 2080 sive
734 2040 939 2094 lupulata,
972 2040 1057 2080 sive
1092 2054 1181 2080 non
1215 2040 1419 2093 lupulata,
1458 2054 1555 2081 cum
1586 2045 1773 2081 extrema
1804 2040 1857 2082 ab

389 2113 569 2162 utraque
590 2113 711 2161 parte
734 2112 931 2149 noceant.
984 2108 1179 2149 Primum
1201 2108 1252 2149 de
1279 2108 1390 2159 11110,
1413 2108 1512 2150 licet
1532 2108 1752 2162 proverbio
1768 2108 1856 2162 jac-

389 2182 517 2228 tetur,
561 2180 587 2200 “
604 2178 767 2218 Vinum
807 2182 961 2231 potans
997 2178 1192 2231 Podagra
1231 2177 1455 2228 laborabis,
1498 2182 1541 2219 et
1581 2178 1728 2219 vinum
1767 2192 1858 2220 non

388 2252 541 2300 potans
571 2246 784 2287 laborabis
815 2246 1053 2299 Podagra‚’'
1087 2250 1206 2287 extra
1238 2246 1566 2287 controversiam
1597 2251 1745 2287 tamen
1777 2250 1855 2298 est,

391 2320 433 2355 et
454 2314 577 2355 variis
598 2313 922 2370 Ποδανγρώντων
943 2314 1241 2368 experimentis
1263 2314 1692 2364 confirmatissimum,
1707 2314 1856 2355 vinum

391 2383 442 2424 de
467 2383 579 2425 facto
611 2384 798 2424 officere:
831 2383 930 2424 licet
956 2383 1071 2424 enim
1095 2382 1293 2436 prodesse
1321 2382 1518 2423 credatur
1539 2382 1738 2436 juvandis
1763 2396 1855 2424 000-

390 2451 592 2502 tionibus,
619 2451 816 2504 (quarum
836 2451 939 2492 vitia
960 2465 1129 2492 causam
1152 2450 1370 2503 Podagrae
1401 2450 1725 2491 antecedentem
1746 2450 1856 2505 jam-

391 2519 554 2559 dudum
595 2519 754 2572 statui,)
797 2519 962 2560 ratione
1002 2523 1148 2560 tamen
1193 2532 1343 2559 causae
1383 2518 1641 2559 continentis
1681 2518 1856 2560 omnino

390 2587 535 2628 obesse
568 2587 827 2628 censendum
861 2591 937 2637 est,
966 2586 1164 2627 humores
1198 2586 1368 2636 scilicet,
1384 2586 1577 2628 fomitem
1596 2586 1748 2637 morbi,
1765 2587 1855 2641 jam

391 2655 436 2695 in
457 2655 679 2709 procinctu
706 2660 869 2697 stantes
897 2654 1165 2696 accendendo
1193 2654 1543 2709 exagitandoque.
1607 2655 1692 2696 Sed
1718 2668 1856 2708 neque

391 2722 552 2774 damus,
578 2724 725 2764 111111111
755 2738 830 2777 pro
861 2728 967 2777 potu
996 2723 1208 2764 ordinario
1237 2728 1491 2777 usurpatum
1522 2722 1733 2764 coctiones
1760 2737 1856 2776 pro-

389 2804 569 2842 movere,
588 2796 630 2832 at
651 2792 793 2846 potius
815 2791 1057 2832 subvertere
1074 2791 1265 2841 dicimus,
1284 2791 1366 2832 nisi
1382 2791 1427 2831 in
1445 2791 1518 2831 diu
1532 2791 1630 2831 11110
1651 2791 1829 2831 assuetis
1845 2807 1854 2832 ε

392 2859 579 2911 quamvis
608 2860 723 2900 enim
750 2861 933 2901 calorem
961 2860 1186 2914 aliqualem
1214 2859 1260 2900 in
1294 2859 1480 2900 transitu
1507 2859 1736 2912 impertiat,
1766 2873 1854 2901 cer-

390 2925 600 2966 tissimum
622 2933 685 2967 est
706 2933 851 2969 tamen
867 2928 1079 2969 fermenta
1100 2927 1284 2980 corporis
1306 2926 1358 2968 ab
1381 2940 1429 2967 eo
1446 2926 1677 2980 subjugari,
1696 2932 1737 2967 et
1759 2941 1852 2968 avo-
