1985 3308
231 292 364 321 CoLiCA

226 334 372 363 Bmosa

203 377 386 405 ANNORUM

225 419 360 449 ‘70-’72.

203 750 378 789 Equitatio,

201 793 333 822 caeteris

202 845 263 864 11011
282 835 375 874 profi-

202 877 367 913 cientibus,

203 919 338 948 curatio-

200 972 273 990 nem
291 972 370 990 non-

202 1014 368 1041 nunquam

202 1046 336 1075 absolvit
349 1058 355 1076 :

203 1435 363 1465 cautiones

203 1478 286 1507 circa
299 1488 368 1507 eam
380 1491 387 1509 ς

204 1645 313 1665 exem—

202 1678 293 1717 plum
307 1687 373 1707 me-

204 1720 367 1750 niorabile.

203 2591 299 2622 Unde
314 2598 360 2622 est

203 2635 287 2673 quod
305 2636 387 2674 equi-

204 2677 278 2705 tatio
296 2682 365 2706 tan·

203 2724 271 2747 tum
289 2729 379 2758 prae-

202 2767 262 2790 stet
277 2761 309 2790 in

203 2803 319 2832 morbis

408 170 490 209 198
816 169 1078 211 ΤΙΙΟΜΑΕ
1113 169 1451 211 SYDENHAM

406 289 599 316 normam
621 276 711 330 jam
736 278 933 318 traditam
966 278 1078 318 suasi
1091 295 1102 328 3
1135 292 1315 331 quorum
1337 291 1412 330 ope
1439 275 1683 329 propediem
1711 288 1861 315 conva-

406 344 499 394 luit,
522 349 564 385 et
585 359 752 385 mecum
775 345 827 385 ad
851 346 1014 387 Urbem
1036 361 1163 386 sanus
1185 345 1322 386 rediit.

470 412 577 466 [10.]
617 413 975 467 Quandoquidem
1005 420 1149 454 autem
1186 413 1304 454 dolor
1332 412 1402 452 hic
1435 425 1536 464 prae
1564 410 1739 451 caeteris
1770 410 1863 463 qui·

407 479 570 533 busque
594 494 643 521 ex
667 495 742 521 sua
762 487 918 522 natura
937 482 1135 522 reciduus
1170 482 1236 530 sit,
1260 480 1398 521 omnis
1425 480 1463 519 ei
1490 478 1731 520 revertendi
1759 491 1863 518 ansa

407 549 603 603 anodyno
630 550 695 591 bis
718 551 905 604 quotidie
927 551 981 592 ad
1012 551 1172 604 aliquot
1201 551 1289 590 dics
1316 549 1504 590 exhibito
1530 547 1863 602 praescindenda

406 622 483 658 est.
546 618 673 659 Quod
703 619 750 668 si,
780 619 944 671 quoties
974 619 1277 659 intermittitur
1307 617 1583 666 narcoticum,
1613 616 1731 656 dolor
1763 615 1862 656 sub-

405 684 505 724 inde
535 685 816 735 recrudescat,
842 688 905 738 (ut
936 701 1246 739 nonnunquam
1268 685 1347 737 fit,)
1372 685 1480 724 nihil
1507 698 1532 724 a
1556 697 1625 724 me
1654 683 1862 723 haetenus

407 751 635 804 excogitari
674 753 814 805 potuit
851 754 963 806 quod
1004 754 1057 794 ad
1092 753 1408 807 persanandum
1444 765 1619 804 aegrum
1650 751 1712 791 ita
1746 755 1863 790 certo

405 818 561 858 faceret
597 823 725 872 atque
765 820 983 873 equitatio,
1019 821 1084 862 vel
1118 821 1164 861 in
1200 835 1327 861 curru
1361 819 1510 869 vectio,
1548 832 1632 872 quo
1670 817 1865 871 longiora

407 884 561 925 itinera
607 887 757 927 confici
802 888 1012 939 debuere3
1065 888 1261 942 anodyno
1301 887 1474 928 interim
1515 899 1641 926 mane
1682 890 1725 926 et
1771 899 1863 926 sero

407 952 699 995 indesinenter
725 956 962 1009 propinato.
1025 956 1286 1010 Hujusmodi
1316 956 1431 996 enim
1452 954 1661 995 exercitiis
1685 953 1864 994 materia

408 1021 604 1062 morbum
629 1025 903 1065 committens
929 1025 974 1064 in
1002 1025 1186 1079 corporis
1210 1025 1407 1065 habitum
1436 1022 1673 1071 deducitur,
1696 1026 1739 1061 et
1766 1034 1862 1060 san-

407 1088 513 1140 guis,
541 1096 746 1142 perpetua
775 1092 1007 1144 agitatione
1040 1092 1342 1142 comminutus,
1365 1092 1417 1132 de
1445 1104 1553 1131 novo
1581 1089 1700 1143 quasi
1731 1088 1862 1142 depu-

404 1159 524 1194 ratur
535 1172 546 1205 3
584 1156 759 1210 ipsaque
796 1158 969 1199 demum
1009 1159 1215 1200 intestina
1250 1160 1398 1200 caloris
1435 1158 1569 1199 natiu’
1608 1157 1862 1198 excitatione

404 1222 519 1263 haud
536 1238 686 1277 parum
708 1226 1037 1268 corroborantur
1053 1242 1101 1268 ae
1121 1228 1424 1269 refocillantur.
1475 1227 1568 1267 Nec
1589 1225 1723 1280 pudet
1738 1225 1863 1265 fateri

403 1305 472 1332 me
498 1292 611 1334 dicto
642 1295 841 1336 exercitio
871 1296 916 1336 in
947 1303 1087 1350 partes
1120 1297 1280 1338 adscito
1307 1298 1504 1338 morbum
1532 1297 1661 1346 hunc,
1684 1296 1752 1336 eui
1781 1296 1863 1336 alio

407 1362 551 1415 quovis
573 1363 699 1404 modo
728 1364 989 1406 devincendo
1017 1381 1093 1420 par
1113 1382 1200 1407 non
1227 1367 1302 1415 fui,
1325 1367 1419 1420 plus
1449 1366 1579 1406 semel
1599 1364 1770 1418 penitus
1792 1378 1862 1404 ex-

407 1429 575 1481 pulisse.
636 1430 790 1484 Neque
810 1447 908 1473 vero
938 1433 1045 1474 illud
1072 1435 1329 1475 tentandum
1355 1440 1431 1484 est,
1454 1434 1535 1474 nisi
1563 1438 1657 1487 post
1689 1447 1862 1474 evacua-

407 1498 544 1538 tiones
576 1498 739 1540 debitas
771 1502 1028 1543 sufficienter
1058 1503 1302 1553 celebratas,
1326 1517 1464 1557 neque
1496 1503 1547 1544 ab
1579 1517 1628 1543 eo
1659 1503 1740 1543 nisi
1768 1506 1867 1556 post-

407 1565 495 1605 dies
517 1565 861 1619 aliquammultos
883 1569 1186 1612 desistendum.

473 1632 580 1687 [11.]
620 1635 785 1696 Pauper
806 1638 976 1690 quidem
998 1640 1102 1679 mihi
1124 1640 1298 1690 vicinus,
1317 1640 1390 1694 qui
1411 1646 1452 1681 et
1475 1640 1613 1681 adhuc
1635 1645 1698 1681 est
1720 1654 1864 1693 super-

409 1705 505 1750 stes,
529 1701 672 1741 Colica
702 1703 861 1744 Biliosa
888 1707 1257 1748 vehementissima
1281 1723 1355 1762 per
1381 1710 1457 1749 hos
1484 1723 1617 1749 annos
1645 1708 1863 1758 laboravit,

408 1783 536 1822 quam
558 1770 812 1823 catharticis,
836 1774 1099 1827 clysteribus,
1123 1777 1388 1829 globulisque
1409 1777 1619 1831 plumbeis
1641 1776 1863 1826 devoratis,

407 1849 663 1888 expugnare,
693 1838 779 1889 diu,
803 1841 876 1880 sed
906 1842 1076 1893 frustra,
1109 1849 1199 1884 crat
1227 1852 1417 1885 conatus.
1482 1845 1566 1885 Hic
1591 1858 1668 1897 ego
1700 1844 1753 1884 ad
1782 1845 1864 1884 fre-

406 1911 610 1959 quentem
659 1910 971 1951 narcotieorum
1022 1927 1148 1953 usum
1199 1914 1385 1967 confugi,
1426 1928 1565 1968 neque
1606 1914 1866 1968 poenitenda

405 1989 555 2028 opera3
591 1977 794 2028 quamdiu
825 1979 939 2018 enim
966 1979 1048 2020 ista
1078 1986 1384 2034 repeterentur,
1412 1981 1514 2022 satis
1544 1986 1658 2021 recte
1687 1980 1861 2021 habuit:

405 2043 479 2083 sed
510 2056 608 2082 cum
644 2044 709 2084 his
750 2046 996 2098 palliaretur
1029 2053 1201 2088 tantum
1236 2049 1411 2099 malum,
1443 2063 1532 2089 non
1567 2048 1862 2101 extirparetur,

408 2112 713 2164 (revertebatur
746 2114 861 2154 enim
891 2121 940 2155 ut
970 2117 1156 2169 primum
1189 2123 1278 2157 erat
1315 2116 1520 2157 exhausta
1550 2115 1862 2156 narcoticorum

403 2180 494 2233 vis,)
535 2196 626 2235 ego,
664 2181 849 2223 hominis
884 2184 1083 2224 misertus
1119 2190 1161 2225 et
1193 2185 1308 2237 gravi
1338 2184 1487 2225 morbo
1518 2188 1560 2225 et
1600 2198 1645 2225 re
1681 2189 1865 2237 angusta

405 2251 679 2302 afflictissimi,
703 2266 859 2306 equum
882 2267 932 2293 ex
953 2253 1058 2292 meis
1080 2253 1414 2303 commodabam,
1438 2267 1520 2306 quo
1542 2253 1623 2293 iter
1643 2253 1756 2293 dicto
1772 2253 1862 2306 jam

404 2318 530 2359 modo
552 2320 842 2373 peragendum
864 2321 1183 2374 aggrederetur3
1216 2335 1348 2374 eoque
1370 2321 1422 2361 ad
1440 2321 1528 2361 dies
1544 2321 1745 2374 pauculos
1762 2334 1862 2361 con-

403 2386 585 2438 tinuato,
609 2389 766 2429 viscera
787 2403 856 2429 eas
876 2389 983 2430 vires
1011 2403 1217 2443 recepere,
1240 2395 1289 2430 ut
1317 2389 1452 2430 morbi
1480 2389 1667 2443 reliquiis
1701 2389 1862 2429 excuti-

405 2453 524 2494 endis
545 2455 662 2507 paria
678 2456 768 2508 jam
789 2462 943 2506 essent,
967 2462 1009 2496 et
1031 2457 1121 2497 sine
1143 2457 1437 2511 anodynorum
1459 2457 1666 2510 praesidio
1687 2456 1861 2497 omnino

405 2523 726 2564 convalesceret.

471 2590 578 2644 [12]
617 2592 672 2632 Et
699 2593 761 2644 (ut
784 2592 897 2645 quod
916 2606 982 2633 res
999 2598 1062 2633 est
1083 2593 1259 2646 loquar,)
1281 2607 1367 2634 non
1389 2593 1434 2633 in
1455 2592 1534 2633 1100
1554 2597 1726 2633 tantum
1748 2606 1861 2641 casu,

409 2658 479 2697 scd
515 2659 560 2699 111
596 2659 753 2700 morbis
794 2661 885 2700 aliis
921 2661 1129 2701 chronicis
1166 2675 1292 2714 quam
1327 2661 1532 2714 pluribus,
1564 2660 1643 2700 hoc
1674 2659 1862 2701 exercitii

409 2739 541 2776 genus
577 2741 796 2781 nunquam
829 2743 915 2769 11011
947 2743 1044 2768 011111
1075 2728 1288 2769 uberrimo
1318 2728 1462 2768 fructu
1491 2732 1743 2780 usurpatum
1773 2740 1860 2766 me-

407 2793 526 2845 mini,
561 2796 686 2836 modo
721 2797 813 2849 quis
843 2797 888 2837 in
920 2797 991 2837 illo
1023 2797 1255 2851 improbius
1286 2802 1603 2850 perseve1·aret⁵.
1668 2795 1713 2835 Si
1746 2794 1860 2835 enim

871 2935 880 2949 ⁸
907 2932 953 2962 Cf.
974 2933 1102 2962 lusson.
1122 2934 1249 2971 pris!.§
1270 2933 1328 2962 116
1346 2943 1390 2972 sq.
