1985 3308
380 139 773 180 DISSERTATIO
804 140 1211 182 EPISTOLARIS.
1444 146 1531 187 397

72 250 158 297 tur,
176 245 329 287 deinde
346 246 556 289 sistuntur
571 246 741 300 penitus
755 263 767 296 ;
789 260 969 299 quorum
987 246 1325 299 suppressionem
1342 262 1531 301 praema-
1574 260 1627 290 Dm
1646 261 1713 291 Λπ-

72 318 215 354 turam
236 314 365 367 longa
392 317 727 368 symptomatum
748 313 875 354 series
904 313 1071 366 excipit,
1096 328 1215 366 quae,
1237 314 1319 354 nisi
1339 329 1531 369 permag-
1552 304 1734 376 ἾΙἚΙῙΜῙΟῙῙῙ

72 395 130 421 na
149 385 239 421 tam
256 381 477 434 diligentia
497 395 623 434 quam
643 380 690 420 in
704 381 914 421 medendo
930 380 1082 434 peritia
1097 381 1344 431 intercedat,
1363 396 1533 435 aegram
1550 391 1607 394 ἢ

71 447 189 488 brevi
210 448 438 501 perimunt.
509 449 835 502 Nonnunquam
872 448 986 488 enim
1020 448 1219 501 phrenesi
1253 448 1448 490 laborant
1484 463 1534 490 ex
1552 457 1726 497 phrenesis,

71 514 152 556 hac
173 516 402 567 occasione,
427 531 532 570 quae
551 516 687 557 indies
709 515 920 557 efferatior
940 516 1107 557 reddita
1127 530 1314 569 spasmos
1335 517 1533 570 primum,
1552 525 1683 563 spasmi,

73 581 172 623 dein
189 589 384 633 mortem,
408 584 553 625 affert:
591 584 626 624 si
646 598 743 624 vero
764 588 946 624 mortem
968 584 1161 634 evadant,
1176 585 1322 624 mitius
1345 585 1535 638 aliquan-

71 649 213 690 tulum
247 650 481 701 insaniunt,
515 651 766 705 quandoque
802 651 855 692 ad
896 651 1099 692 ultimum
1135 652 1245 692 vitae
1288 653 1535 694 terminum.

71 716 398 771 Nonnunquam
419 723 514 771 post
540 718 776 759 lochiorum
803 719 1144 772 suppressionem
1169 719 1216 758 in
1242 719 1405 759 febrem
1431 720 1534 760 inci·
1554 726 1664 764 febres,
1681 728 1740 758 διο.

73 784 196 835 dunt,
219 799 326 838 quae
351 785 415 825 vel
436 786 481 825 in
503 800 650 826 earum
679 799 786 840 quae
806 790 901 826 tum
930 791 1179 839 grassantur
1207 787 1537 840 epidemicarum

73 856 212 893 eastra
245 852 412 903 transit,
448 853 515 893 vel
551 852 604 893 ab
641 867 690 894 ea
725 854 813 894 sola
846 854 1003 907 pendet
1035 854 1210 907 origine.
1272 855 1396 895 Adde
1427 855 1538 907 quod

73 919 201 960 iidem
222 920 415 961 Affectus
438 920 667 974 Hysterici,
693 920 845 974 quibus
870 921 1105 961 lochiorum
1127 922 1364 975 suppressio
1392 922 1537 976 impri-

73 987 154 1028 mis
175 987 366 1038 debetur,
384 988 475 1042 jam
501 988 636 1041 magis
665 988 870 1039 saeviunt,
892 993 1099 1042 tanquam
1129 1004 1179 1030 ex
1205 1004 1247 1030 se
1270 990 1409 1030 denuo
1431 991 1535 1030 nati.

81 1055 217 1109 [129]
247 1055 332 1095 Diu
347 1060 410 1096 est
427 1070 451 1095 a
467 1069 549 1108 quo
569 1055 676 1095 mihi
697 1055 826 1096 subiit
847 1056 893 1096 in
915 1062 1116 1108 mentem,
1136 1058 1260 1111 quod,
1284 1072 1335 1098 ex
1356 1058 1414 1098 eis
1430 1071 1536 1111 quae
1553 1069 1617 1099 Vix
1634 1069 1721 1099 deci-

72 1123 317 1163 moriuntur
338 1123 567 1177 puerperis,
582 1123 650 1163 vix
671 1123 835 1164 decima
857 1138 1047 1178 quaeque
1068 1125 1131 1178 (ut
1152 1125 1343 1166 modeste
1364 1139 1534 1179 compu-
1554 1114 1739 1185 Ξῇξξξιξει

73 1193 244 1244 temus,)
264 1192 329 1232 vel
350 1205 401 1231 ex
417 1205 466 1232 eo
481 1191 590 1245 perit
609 1191 721 1245 quod
741 1192 848 1233 vires
869 1193 1010 1246 partui
1031 1193 1291 1234 necessariae
1308 1207 1401 1234 eam
1423 1194 1536 1234 dese·
1555 1207 1592 1226 ex
1610 1198 1726 1234 dolore,

74 1259 223 1309 cerint,
249 1260 314 1299 vel
342 1273 393 1299 ex
420 1259 634 1300 doloribus
662 1264 832 1313 partum
859 1260 1175 1302 laboriosiorem
1205 1261 1509 1302 comitantibus
1525 1279 1537 1311 3
1555 1240 1727 1322 Xierleqqglr-

75 1332 119 1367 at
141 1341 189 1367 eo
211 1328 393 1367 maxime
414 1327 600 1378 nomine,
623 1328 736 1380 quod
763 1328 906 1368 debito
934 1329 1058 1368 citius
1079 1330 1189 1369 lecto
1215 1334 1405 1382 exurgat,
1429 1329 1537 1370 exei-
1554 1325 1742 1398 ltssinfesffissffl

73 1395 175 1435 tatis
192 1409 216 1434 a
232 1399 350 1435 motu
366 1395 438 1435 illo
452 1395 713 1449 paroxysmis
732 1394 983 1449 Hystericis,
1001 1411 1026 1436 a
1043 1396 1196 1449 quibus
1218 1411 1316 1437 cum
1333 1397 1539 1437 sistantur
1699 1391 1706 1398 ⁵

74 1462 225 1512 lochia,
260 1476 359 1502 mox
389 1462 541 1515 ingens
578 1462 916 1503 ineluetabilium
952 1468 1287 1517 symptomatum
1316 1465 1444 1505 turba
1473 1465 1538 1505 in-

77 1530 204 1584 gruit.
267 1530 558 1571 Quamobrem
593 1530 686 1571 istis
723 1545 830 1584 quae
870 1545 938 1572 me
974 1532 1156 1572 audiunt
1191 1532 1349 1585 ubique
1385 1533 1538 1573 author
1554 1544 1607 1574 Ad
1623 1544 1707 1574 diem

76 1612 184 1648 sum,
202 1601 250 1638 ut
267 1597 321 1637 ad
338 1597 451 1638 diem
472 1598 623 1638 saltem
640 1597 853 1639 decimum
870 1613 1003 1652 usque
1021 1599 1066 1639 in
1086 1600 1196 1640 lecto
1210 1614 1253 1640 se
1275 1600 1536 1650 contineant,
1554 1587 1675 1659 {3¹1¹}ss
1683 1587 1740 1668 ‘3ss

76 1666 112 1706 si
131 1665 257 1706 modo
277 1670 432 1706 natura
457 1666 584 1719 paulo
612 1666 834 1707 debiliores
863 1666 948 1707 sint
964 1684 976 1717 3
1007 1668 1230 1721 praecipue
1252 1669 1287 1708 si
1306 1669 1536 1720 vaporibus,
1555 1683 1624 1703 cere
1642 1672 1698 1702 de-

77 1733 149 1788 qui
182 1734 308 1787 vulgo
344 1733 557 1785 dicuntur,
589 1734 845 1788 jampridem
879 1735 1039 1776 fuerint
1079 1740 1284 1777 tentatae.
1345 1737 1539 1777 Praeter·
1556 1716 1641 1745 bent.

77 1816 204 1856 quam
226 1801 340 1843 enim
362 1802 475 1855 quod
494 1802 577 1843 ista
597 1817 680 1856 qua
699 1803 745 1843 in
765 1803 875 1844 lecto
895 1803 1099 1844 fruuntur
1121 1804 1238 1858 quies
1260 1820 1285 1845 a
1304 1805 1426 1845 malis
1449 1805 1540 1858 jam

76 1870 203 1910 toties
225 1870 567 1910 commemoratis
593 1884 662 1910 eas
693 1870 907 1911 immunes
927 1876 1126 1924 praestet,
1157 1886 1246 1912 non
1275 1872 1541 1925 interruptus

77 1937 177 1978 lecti
212 1937 324 1977 calor
355 1936 527 1989 spiritus
555 1937 715 1990 pariter
745 1938 880 1978 reficit
910 1943 1004 1978 tum
1035 1953 1060 1979 a
1090 1939 1281 1992 pariendi
1313 1939 1541 1990 doloribus,

77 2009 172 2045 tum
194 2004 246 2044 ab
269 2004 614 2045 evacuationibus
636 2005 682 2044 in
695 2004 776 2046 hoc
798 2019 899 2046 casu
921 2005 1180 2057 solennibus,
1197 2007 1422 2047 exhaustos
1435 2007 1542 2047 frac-

77 2077 229 2126 tosque
244 2089 256 2122 ;
301 2072 492 2125 quinimo
529 2076 571 2113 et
606 2073 800 2113 Naturae
842 2073 1056 2126 suppetias
1096 2074 1193 2125 fert,
1231 2080 1360 2128 atque
1395 2088 1543 2115 omnes

80 2154 184 2194 quas
201 2140 449 2193 gestationis
471 2144 661 2194 tempore
682 2141 835 2181 mulier
851 2146 1119 2194 congesserat
1141 2142 1372 2183 cruditates
1390 2142 1544 2196 digerit

80 2214 124 2250 et
145 2208 358 2250 amolitur.

146 2276 310 2331 [130]ὃ
342 2277 518 2327 Verum,
542 2276 577 2317 si
602 2277 654 2318 ab
677 2277 860 2318 admisso
892 2277 972 2318 hoc
1005 2291 1144 2318 errore
1170 2278 1344 2331 quodvis
1370 2292 1392 2319 e
1421 2278 1543 2319 dictis
1563 2289 1735 2320 Indicatio-

81 2345 377 2398 symptomatis
404 2346 704 2399 supervenerit,
732 2345 1013 2386 indicationes
1041 2346 1253 2387 curativae
1282 2360 1331 2387 eo
1360 2333 1747 2406 dirig011·¹,¹{{‘{1¹ff{²gi’

82 2411 160 2452 dae
182 2417 295 2462 sunt,
312 2418 360 2453 ut
383 2413 552 2466 spiritus
575 2413 626 2453 ab
649 2413 728 2454 hoc
745 2419 865 2454 motu
881 2414 970 2468 jam
992 2414 1210 2468 irrequieti
1226 2414 1381 2455 redditi
1398 2414 1544 2455 seden-

82 2485 166 2530 tur,
203 2485 245 2521 et
281 2486 329 2521 ut
365 2481 502 2522 lochia
536 2496 682 2523 riu·sus
718 2483 853 2523 fluant
870 2500 882 2532 3
934 2483 1277 2536 quandoquidem
1312 2482 1545 2523 eorundem

83 2549 318 2601 suppressio
358 2549 511 2590 horum
552 2555 887 2604 symptomatum
928 2565 1053 2591 causa
1094 2551 1147 2591 sit
1187 2551 1377 2604 proxima
1418 2555 1545 2604 atque

81 2616 341 2658 immediata.
406 2619 558 2672 Neque
589 2624 734 2661 tamen
765 2620 864 2661 huic
899 2621 1100 2661 methodo
1130 2620 1388 2674 pertinacius
1423 2620 1544 2660 insis-
1564 2623 1597 2652 Si
1610 2625 1749 2673 remeglia

81 2684 275 2735 tendum,
298 2685 384 2735 sed,
407 2686 604 2727 exhibitis
633 2687 880 2740 aliquandiu
908 2687 1105 2728 remediis
1131 2701 1240 2742 quae
1265 2687 1311 2727 in
1337 2687 1418 2727 hoc
1447 2701 1545 2727 casu
1562 2676 1708 2707 usurpan

1564 2709 1654 2739 solita
1668 2710 1749 2741 votis

84 2765 179 2792 cum
210 2766 406 2793 successu
436 2755 631 2807 usurpari
662 2755 812 2805 solent,
845 2754 879 2794 si
912 2754 1018 2795 votis
1049 2769 1098 2795 ea
1128 2769 1216 2794 non
1246 2754 1544 2808 respondeant,
1562 2761 1737 2834 gffnggm

84 2818 157 2860 abt
184 2819 234 2860 iis
255 2822 580 2875 temperandum
611 2827 675 2864 est
688 2841 699 2873 3
733 2838 831 2864 cuin
860 2837 997 2877 neque
1026 2823 1201 2864 fortiora
1220 2823 1289 2863 hic
1309 2823 1451 2864 locum
1472 2822 1546 2863 ha·
1564 2838 1602 2867 ab
1618 2837 1656 2867 iis
1670 2843 1749 2868 tcm-

963 2899 966 2901 ·
1563 2881 1749 2920 perandum.

213 2909 224 2924 ⁸
248 2905 296 2936 Cf.
315 2907 449 2938 Process.
466 2909 525 2937 Iul.
544 2918 568 2938 c.
587 2909 638 2938 3⁶2.
974 2913 982 2930 2
1005 2908 1061 2947 ab]
1079 2910 1218 2947 religiose
1234 2911 1272 2939 ab
1288 2908 1334 2939 ed.
1353 2910 1415 2939 ¹82.
