1985 3308
369 155 453 194 308
801 156 1057 197 THOMAE
1091 157 1432 200 SYDENHAM

183 272 239 326 pn
259 272 334 302 Lm:
369 266 617 308 sarciantur.
671 267 987 321 Omnipotentis
1009 268 1114 308 DEI
1136 273 1199 308 est
1221 272 1364 308 sontes
1385 268 1605 321 castigare,
1628 272 1823 308 nostrum

164 315 344 347 taxeam.
366 348 464 376 vero
494 335 658 377 miseris
688 350 764 390 pro
794 337 902 377 virili
933 350 1188 386 succurrere,
1212 341 1340 389 atque
1371 336 1507 389 aegris
1535 350 1658 389 opem
1688 336 1822 387 ferre,

366 417 455 445 non
476 409 619 445 autem
647 405 811 446 curiosa
832 419 1056 445 causarum
1086 404 1360 457 indagatione
1381 404 1474 444 illos
1499 405 1637 445 acrius
1656 417 1822 457 urgere,

366 477 440 512 aut
462 473 650 514 censorio
672 487 820 514 vexare
841 472 966 513 fastu.
1013 471 1195 512 Tradam
1215 471 1359 525 itaque
1381 485 1488 525 quae
1508 471 1553 512 in
1574 473 1654 513 hoc
1674 471 1824 512 morbo

366 540 583 581 observavi
619 546 746 594 atque
781 545 978 594 expertus
1014 553 1108 579 sum
1124 556 1135 588 3
1167 553 1256 580 non
1292 553 1376 593 quo
1401 539 1626 580 hominum
1660 539 1824 595 animos

365 608 593 650 deteriores
624 609 816 658 efficiam,
838 607 911 648 sed
931 611 980 647 ut
1011 620 1185 660 corpora
1209 606 1338 660 (quod
1358 607 1463 648 mihi
1491 607 1653 661 negotii
1674 607 1822 648 datum

365 678 458 729 cst,)
482 676 658 717 reddam
680 675 858 716 saniora.

170 746 257 775 LU1S
277 745 343 775 VB·
429 744 507 798 [5.]
546 744 659 784 Lues
699 743 895 784 Yenerea
925 756 977 783 ex
1007 742 1134 784 India
1163 743 1350 797 primum
1382 744 1660 794 Occidentali,
1691 744 1823 785 Anno

158 797 346 861 ffiffffssfi,
364 811 538 852 Domini
563 813 688 861 1493,
704 811 919 864 Europam
940 810 1104 864 appulit
1120 828 1131 861 3
1163 825 1261 852 cum
1283 816 1385 853 ante
1403 811 1447 852 id
1468 816 1636 865 tempus
1658 825 1712 852 ne
1730 811 1823 865 qui-

157 878 346 939 Qffffifff‘
364 879 460 920 dem
481 879 653 920 nomine
672 884 799 920 tenus
826 878 1051 932 (quantum
1079 879 1184 920 scire
1203 879 1332 933 licet,)
1356 885 1504 921 nostro
1532 879 1624 921 orbi
1643 880 1817 920 innotu-

155 943 311 1006 ξζὲῗζξζ
363 948 455 989 erit.
518 947 646 988 Unde
667 947 796 988 etiam
827 947 1000 988 morbus
1021 947 1148 1001 vulgo
1169 953 1367 989 censetur
1390 948 1441 989 iis
1462 948 1670 989 tractibus
1690 949 1820 989 Ame-

155 1019 215 1048 bus
233 1019 340 1049 Euro·
360 1017 471 1057 ricae
493 1015 726 1067 eudemius,
743 1015 789 1056 in
807 1029 911 1069 quos
931 1030 1008 1056 nos
1028 1015 1155 1069 primi
1176 1016 1360 1057 colonias
1378 1016 1644 1058 deduximus.
1707 1016 1820 1058 Mihi

155 1071 301 1144 {Zffiff'p'
360 1099 457 1126 vero
482 1085 623 1139 potius
652 1098 674 1125 e
698 1084 872 1138 regione
904 1084 1044 1137 aliqua
1067 1084 1339 1140 Nigritarum
1371 1085 1563 1126 Guineae
1593 1085 1820 1127 contermi-

156 1159 248 1206 cajus
265 1169 312 1188 re-
359 1168 514 1195 norum
527 1153 736 1207 originem
756 1152 933 1193 traxisse
953 1152 1122 1193 videtur
1136 1170 1148 1203 ς
1180 1167 1275 1194 cum
1291 1167 1316 1194 a
1334 1153 1530 1208 plurimis
1549 1155 1820 1204 nostratium,

153 1211 328 1274 ᾖξᾞῖξζζη
358 1223 492 1277 iisque
513 1222 597 1263 fide
627 1222 781 1275 dignis,
804 1221 876 1276 qui
896 1221 1058 1262 insulas
1083 1222 1251 1262 Gay-ibes
1272 1222 1405 1263 dictas
1432 1222 1640 1273 incolunt,
1664 1222 1820 1264 didice-

358 1291 452 1342 rim,
485 1290 697 1344 maneipia
728 1304 875 1331 recens
911 1304 935 1330 a
971 1290 1141 1331 Guinea
1176 1291 1317 1342 allata,
1349 1291 1480 1332 etiam
1513 1295 1743 1345 antequam
1773 1291 1821 1332 in

357 1366 516 1401 terram
553 1358 862 1409 descenderint,
893 1363 989 1399 tum
1023 1359 1104 1400 alia
1134 1359 1294 1400 ibidem
1326 1359 1536 1413 degentia,
1559 1360 1639 1401 hoc
1669 1360 1819 1402 morbo

356 1428 528 1478 tentari,
550 1426 669 1467 nulla
689 1427 837 1480 copula
857 1426 1025 1480 impura
1045 1440 1290 1481 praegressa
1302 1442 1313 1475 3
1343 1427 1404 1467 ita
1424 1431 1472 1467 ut
1493 1441 1582 1468 non
1605 1441 1701 1468 raro
1721 1428 1818 1468 uni-

356 1510 519 1536 versam
562 1496 747 1549 aliquam
787 1509 935 1536 eorum
974 1494 1180 1535 familiam
1226 1495 1350 1547 (xiros
1391 1495 1561 1546 scilicet,
1602 1495 1815 1547 mulieres,

356 1564 624 1617 liberosque,)
657 1564 768 1604 male
798 1563 991 1603 mulctet.
1053 1563 1205 1616 Neque
1235 1563 1317 1603 ista
1348 1563 1473 1614 Lues,
1497 1577 1604 1617 quae
1635 1564 1818 1605 afflictis-

358 1633 485 1673 simos
512 1632 638 1673 hosce
664 1645 787 1685 saepe
812 1631 978 1685 saepius
1002 1631 1176 1682 invadit,
1198 1632 1264 1672 vel
1283 1631 1420 1672 hilum
1442 1647 1466 1672 a
1495 1633 1672 1672 Venerea
1692 1632 1816 1673 nobis

358 1701 483 1751 dicta,
517 1702 742 1754 (quantum
773 1714 851 1753 ego
883 1699 1054 1753 quidem
1083 1699 1307 1754 intelligo,)
1343 1700 1481 1754 quoad
1514 1705 1814 1754 symptomata,

358 1769 521 1810 dolores
543 1769 713 1819 scilicet,
735 1769 890 1818 ulcera,
908 1773 1003 1818 etc„
1031 1767 1192 1820 (habita
1212 1782 1366 1821 nempe
1388 1768 1648 1809 diversorum
1669 1769 1813 1810 clima-

356 1842 450 1878 tum
466 1838 660 1890 ratione,)
677 1837 844 1878 videtin·
861 1837 1111 1891 discrepare,
1128 1830 1227 1877 licet
1243 1837 1416 1877 nomine
1437 1851 1608 1891 prorsus
1625 1837 1816 1889 abludat,

357 1921 454 1947 cum
483 1909 549 1947 the
582 1907 698 1947 Yaws
729 1905 781 1946 ab
812 1905 893 1946 illis
925 1905 1103 1945 dicatur.
1164 1906 1225 1946 At
1250 1919 1329 1946 nec
1361 1905 1560 1946 medendi
1590 1907 1818 1948 methodus

358 1990 441 2028 qua
476 1980 658 2016 utuutiu·
692 1975 766 2026 illi,
807 1989 831 2014 a
865 1979 1012 2014 nostra
1051 1973 1265 2024 abhorret,
1301 1973 1528 2028 utrobique
1564 1975 1676 2015 enim
1721 1975 1816 2016 sali-

356 2043 468 2084 vatio
490 2057 539 2084 ex
571 2043 833 2097 hydrargyro
860 2047 1087 2095 utramque
1111 2042 1211 2083 facit
1239 2042 1462 2096 paginam,
1495 2057 1583 2084 non
1613 2042 1816 2084 obstante

357 2126 405 2152 co
429 2111 540 2165 quod
570 2111 638 2151 hic
670 2110 782 2164 apud
810 2124 887 2151 nos
919 2110 1075 2151 dicitur
1105 2110 1157 2151 de
1185 2110 1340 2150 eximia
1364 2110 1529 2164 guaiaci
1557 2115 1599 2151 et
1627 2125 1815 2165 sarsapa-

356 2180 473 2220 rillae
504 2179 544 2219 vi
566 2193 695 2233 quam
720 2179 765 2219 in
795 2179 930 2219 natali
955 2178 1042 2219 solo
1068 2183 1255 2229 exerant,
1278 2192 1385 2232 quae
1416 2193 1467 2219 ex
1496 2179 1624 2232 longo
1656 2178 1710 2219 ad
1739 2193 1817 2220 nos

355 2247 508 2288 itinere
528 2251 701 2287 tantum
721 2260 809 2286 non
830 2245 1035 2286 exhausta
1055 2251 1245 2299 putatur.
1315 2246 1394 2300 [6.]
1427 2246 1651 2287 Probabile
1671 2247 1816 2300 itaque

356 2315 461 2355 mihi
480 2314 648 2356 videtur
676 2314 903 2367 HispanOS,
927 2314 999 2367 qui
1020 2314 1066 2354 in
1092 2314 1308 2367 Europam
1334 2314 1462 2368 primi
1481 2314 1597 2354 hunc
1618 2313 1816 2355 morbum

355 2383 594 2433 traduxere,
617 2382 765 2423 eodem
792 2382 972 2423 infectos
999 2382 1128 2423 fuisse
1160 2396 1209 2422 ex
1237 2382 1434 2435 contagio
1461 2382 1698 2435 Nigrorum
1728 2396 1815 2423 em·

356 2456 527 2505 ptorum
567 2451 613 2491 in
653 2450 810 2501 Africa,
845 2464 1026 2504 quorum
1059 2450 1178 2503 genti
1219 2450 1343 2490 alicui
1379 2450 1519 2503 (multi
1559 2450 1675 2491 enim
1715 2456 1816 2492 sunt

357 2520 498 2573 populi
522 2519 714 2560 Guineae
742 2519 941 2569 confines,
965 2518 1076 2572 apud
1109 2533 1212 2572 quos
1242 2519 1421 2559 invaluit
1449 2533 1540 2560 mos
1566 2519 1638 2559 ille
1664 2518 1814 2560 barba-

357 2602 429 2628 rus
469 2587 663 2628 homines
709 2587 941 2641 Europaeis
986 2586 1197 2627 mercibus
1242 2587 1544 2640 permutandi,)
1594 2586 1815 2627 cndemius

358 2670 446 2696 csse
467 2661 619 2709 potest.
673 2655 735 2696 Ut
755 2660 805 2696 ut
827 2655 895 2706 sit,
917 2655 1161 2708 contagiosa
1180 2655 1262 2696 ista
1282 2655 1395 2696 Lues
1415 2655 1621 2710 paulatim
1643 2669 1815 2708 serpens

154 2728 276 2776 Magna
357 2724 433 2764 has
455 2724 567 2765 orbis
587 2729 799 2765 terrarum
822 2729 964 2777 partes
985 2737 1034 2765 eo
1054 2738 1188 2777 usque
1212 2724 1462 2778 inquinavit,
1484 2729 1547 2774 ut,
1571 2723 1605 2763 31
1632 2737 1682 2764 ea
1708 2724 1813 2764 cele-

154 2771 318 2852 Ξῗὲζῖζζὲθ
358 2792 482 2832 ritate
517 2798 778 2845 grassaretur
810 2792 948 2832 adhuc
980 2807 1063 2845 qua
1091 2793 1279 2846 primum
1307 2793 1474 2842 invasit,
1503 2792 1618 2832 intra
1649 2792 1815 2832 saecula

154 2862 206 2886 (υτ
222 2857 286 2896 Psi·
359 2860 516 2912 aliquot
540 2864 682 2899 actum
704 2864 811 2900 esset
830 2859 880 2900 (le
903 2858 1057 2913 genere
1078 2860 1279 2910 humano,
1296 2860 1358 2900 vel
1381 2860 1543 2909 saltem,
1562 2860 1813 2900 nosocomiis

152 2910 252 2936 mum,
360 2927 409 2967 de
438 2934 601 2968 caetero
628 2927 856 2978 addictum,
880 2942 1049 2981 prorsus
1077 2929 1213 2982 impar
1241 2934 1349 2970 esset
1381 2928 1431 2969 iis
1463 2927 1588 2968 rebus
1617 2927 1813 2980 gerendis
