1985 3308
274 145 798 189 OBSERVATIONUM
830 148 1206 192 MEDICARUM
1239 157 1316 195 111.
1342 162 1375 193 2.
1473 157 1553 197 129

95 253 305 307 plerisque
339 258 483 295 tamen
519 254 609 294 aliis
645 254 782 295 adhue
818 255 896 296 sub
927 261 1024 297 cute
1055 257 1209 298 densae
1236 259 1370 300 latent
1383 277 1395 310 3
1428 265 1553 313 atque
1572 275 1754 306 vfluohffi

97 321 187 374 ejus
218 326 318 362 sunt
345 322 523 374 generiS,
547 336 653 375 quae
683 323 728 362 in
754 323 937 363 maxime
958 324 1230 365 Confluentes
1252 326 1551 377 adolescerent,
1573 319 1756 391 Ῑξζζζζῇῗῐ

95 388 178 428 nisi
193 389 284 442 jam
305 389 466 429 dictum
487 395 726 443 symptoma
746 391 860 443 aegri
881 397 1016 431 morte
1038 392 1233 432 morbum
1254 394 1425 435 finierit.
1595 404 1729 435 ὀῖ-’σει

156 454 265 510 [272]
303 457 545 510 Aliquando
581 458 709 497 etiam
739 458 886 498 urinae
918 459 1155 511 suppressio
1178 460 1321 500 totalis
1346 461 1399 501 ad
1424 461 1553 501 malo·
1573 450 1694 503 L—ssrinae

94 537 190 564 rum
211 525 428 565 cumulum
449 525 621 575 accedit,
640 525 684 565 in
701 526 929 579 juvenibus
952 528 1210 579 praesertim,
1228 528 1355 582 idque
1376 529 1422 569 in
1439 534 1553 570 statu
1571 526 1755 598 {gfffssefffi’

93 591 159 632 vel
179 592 307 632 etiam
329 592 609 633 declinatione
630 593 813 634 Discreti
835 594 1014 646 generis.
1571 601 1629 630 bus
1645 602 1747 631 maxi-

159 659 265 714 [28.]
307 660 417 701 Sunt
434 665 475 701 et
497 661 578 701 alia
599 666 893 715 symptomata,
910 676 1015 715 quae
1037 677 1061 702 a
1076 660 1292 717 προφάσει
1307 663 1447 716 aliqua
1462 664 1552 717 jam
1569 650 1754 725 ἓξὲῗῖιὲἰζζ

94 725 216 767 dictis
237 728 448 768 contraria
467 728 684 769 interdum
711 730 932 780 oriuntur3
965 731 999 770 si
1020 745 1172 784 nempe
1197 746 1322 785 aeger
1352 747 1377 772 a
1396 732 1551 785 frigore
1570 724 1754 759 inm-bitem-

94 794 220 834 nimis
252 795 420 836 intenso
455 796 583 837 fuerit
616 797 764 848 laesus,
802 798 865 838 vel
900 799 934 838 si
969 805 1134 852 praeter
1169 800 1239 853 jus
1269 801 1416 854 fasque
1446 816 1553 842 vena
1569 782 1651 812 pore.

93 861 221 902 fuerit
254 868 424 915 pertusa
448 863 519 903 adt
544 864 763 916 ingentem
793 865 902 905 vimll
927 867 1145 918 sanguinis
1174 868 1455 919 amissionem,
1479 874 1552 909 aut

93 929 208 970 alvus
234 931 390 970 nimiav
417 932 598 972 catharsi
620 933 847 974 subducta:
880 934 994 974 unde
1020 935 1214 988 pustulae
1242 950 1552 990 nonnunquam

90 997 269 1051 fastigiis
290 999 447 1039 cedunt
469 1005 510 1040 et
532 1000 759 1053 derepente
781 1001 1019 1051 considunt,
1038 1004 1359 1055 superveniente
1381 1004 1553 1057 insuper

92 1065 322 1116 diarrhoea,
351 1082 375 1107 a
406 1082 489 1120 qua
519 1083 644 1121 aegro
681 1069 867 1121 (adultus
900 1070 935 1109 si
965 1070 1105 1120 fuerit,
1128 1076 1175 1111 ut
1210 1087 1335 1125 snpra
1376 1073 1418 1128 [ξ
1456 1074 1543 1127 13.]

89 1131 337 1186 innuimus,)
372 1134 523 1187 ingens
566 1140 628 1176 est
665 1136 902 1188 discrimen,
937 1143 979 1178 et
1015 1153 1168 1192 anceps
1208 1140 1345 1180 morbi
1384 1141 1520 1182 exitus
1537 1159 1549 1192 ς

89 1205 267 1245 materia
300 1206 456 1246 scilieet
488 1207 708 1247 Variolosa
742 1209 855 1249 intro
885 1224 1015 1259 versa,
1047 1210 1107 1250 ita
1136 1215 1185 1250 ut
1216 1211 1385 1251 Natura
1412 1212 1549 1252 eidem

88 1289 163 1328 per
178 1275 285 1316 cutis
306 1291 429 1329 poros
451 1276 590 1317 debite
612 1278 932 1319 exterminando
954 1279 1089 1332 impar
1108 1294 1278 1332 prorsus
1294 1281 1547 1324 inveniatur.

91 1343 188 1383 Huc
210 1343 369 1385 accedit
387 1345 499 1397 quod
519 1345 640 1385 faciei
661 1360 950 1399 manuumque
966 1351 1110 1387 tumor
1130 1347 1182 1387 ab
1204 1347 1269 1388 his
1290 1350 1548 1400 retunditur,

89 1411 162 1464 qui
181 1426 271 1453 non
292 1413 433 1453 minus
453 1413 499 1453 iu
519 1413 642 1454 bonis
670 1414 785 1466 aegri
805 1414 931 1454 rebus
953 1419 1016 1454 est
1032 1415 1280 1466 censendus,
1304 1431 1431 1469 quam
1458 1418 1550 1471 ipsa

86 1481 353 1535 pustularum
374 1482 551 1535 eruptio,
574 1482 657 1522 nisi
678 1496 750 1522 eae
771 1482 929 1523 fuerint
951 1497 1195 1536 perpaucae.

152 1549 259 1604 [29]
299 1550 419 1592 Quae
447 1564 544 1591 vero
572 1564 596 1590 a
627 1554 821 1603 suscepto
851 1550 1007 1603 frigore
1030 1551 1219 1603 pendent
1251 1558 1546 1606 symptomata,
1566 1546 1750 1621 13¹3?th-

85 1631 179 1658 raro
195 1618 423 1659 admodum
445 1623 684 1668 occurrunt,
700 1618 735 1658 si
755 1632 853 1658 cum
870 1618 951 1658 illis
972 1619 1258 1669 conferantiff,
1277 1634 1383 1673 quae
1405 1636 1429 1660 a
1449 1635 1547 1661 con·
1566 1643 1640 1671 gore
1656 1644 1726 1682 sus-

85 1685 227 1735 trario,
249 1686 436 1726 calidiori
465 1699 630 1739 nempe,
653 1686 858 1739 regimine
886 1691 1120 1726 nascuntur
1132 1703 1144 1737 ;
1176 1701 1274 1727 eum
1302 1688 1415 1728 enim
1436 1703 1546 1728 mor·
1566 1680 1656 1715 cepto
1673 1686 1735 1705 on-

1566 1718 1652 1748 nnda
1670 1729 1750 1759 pan-

84 1751 163 1793 bus
183 1753 300 1794 hicce
315 1754 427 1794 inter
447 1753 720 1794 calidissimos
739 1753 832 1807 jure
854 1753 1014 1806 optimo
1030 1753 1249 1805 habeatur,
1267 1754 1392 1808 longe
1406 1755 1548 1796 minus
1566 1771 1602 1790 ca
1619 1768 1703 1798 sunt,
1721 1769 1753 1794 et

86 1821 138 1862 ab
159 1821 238 1862 hac
258 1827 377 1875 parte
397 1827 596 1875 peccatur
617 1836 744 1875 quam
766 1821 817 1862 ab
840 1822 984 1862 altera.
1566 1814 1708 1882 {zi-orga-

150 1889 258 1944 [30.]
298 1890 445 1932 Qualis
475 1904 572 1930 vero
603 1890 657 1930 sit
687 1890 814 1943 hujus
845 1889 983 1930 morbi
1011 1889 1206 1940 essentia,
1229 1889 1282 1930 ob
1308 1890 1546 1931 naturalem
1567 1914 1700 1945 Inflam-

85 1962 128 1997 et
149 1972 416 1998 communem
437 1957 543 1997 mihi
564 1971 660 1997 cum
686 1956 858 2009 reliquis
879 1956 1124 1996 hominibus
1145 1956 1387 1997 intellectus
1409 1957 1545 1998 defee-
1564 1958 1723 2030 nngtiolvit

84 2028 192 2074 tum,
215 2024 373 2064 nescire
394 2023 517 2076 plane
538 2037 606 2063 me
627 2023 761 2063 fateor
777 2040 789 2073 3
821 2028 1099 2063 veruntamen
1120 2023 1337 2075 praedicta
1358 2030 1544 2078 sympto-
1564 2011 1723 2073 {Josslffiussu‘

85 2099 201 2133 mata
221 2092 515 2145 pensiculatim
531 2092 741 2132 trutinata
760 2092 865 2132 mihi
886 2092 1084 2132 videntur
1098 2093 1364 2133 subindicare
1380 2094 1545 2134 inflam-
1564 2090 1723 2158 fflisslffsan‘

85 2161 316 2200 mationem
337 2174 434 2200 eum
456 2174 544 2200 esse
566 2161 605 2211 (a
625 2159 798 2200 caeteris
819 2164 964 2199 tamen
980 2159 1387 2200 inflammationibus
1409 2162 1545 2213 specie
1563 2151 1632 2200 ium
1650 2152 1723 2202 reli-

85 2227 319 2281 diversam‚)
343 2234 437 2268 tum
466 2228 696 2281 sanguinis,
719 2233 812 2267 tum
836 2226 1095 2279 reliquorum
1126 2226 1366 2278 humorum,
1389 2228 1434 2268 in
1463 2244 1545 2282 qua
1562 2222 1733 2287 {lt‘ffffiufssu-

85 2295 321 2337 amolienda
342 2310 416 2348 per
437 2296 524 2336 dies
546 2295 704 2348 priores
726 2294 830 2334 duos
851 2299 987 2334 tresve
1009 2293 1052 2334 id
1073 2294 1160 2346 agit
1183 2294 1363 2344 Natma,
1382 2300 1428 2334 ut
1449 2311 1542 2349 par·
1561 2307 1699 2331 morum.

83 2364 232 2405 ticulas
252 2364 535 2404 inflammatas
558 2363 719 2416 digerat
737 2367 984 2416 coquatque,
1004 2376 1105 2414 quas
1126 2369 1272 2415 postea
1292 2363 1337 2402 in
1359 2364 1544 2416 eorporis

83 2431 279 2473 habitum
295 2432 508 2486 ablegatas
523 2436 708 2473 maturat
731 2431 880 2480 adhuc,
897 2436 938 2471 et
961 2430 1037 2470 sub
1061 2430 1394 2489 abscessulorum
1408 2431 1545 2474 forma

85 2501 171 2542 suis
207 2501 379 2542 demum
405 2501 560 2541 finibus
594 2499 776 2553 expellit.
840 2499 1151 2552 Quapropterw,
1184 2502 1232 2538 ut
1263 2498 1544 2540 fundamento
1563 2518 1638 2549 Duo
1654 2520 1749 2552 habet

84 2568 208 2610 alicui
226 2569 440 2615 ,medendi
474 2568 699 2610 methodus
736 2571 1064 2620 superstruatur,
1099 2566 1338 2606 notandum
1365 2572 1427 2607 est
1459 2568 1543 2609 duo
1561 2566 1733 2644 2332]ss-

84 2649 173 2677 esse
193 2636 320 2691 hujus
350 2636 487 2677 morbi
516 2641 720 2689 tempora,
750 2649 930 2688 quorum
958 2634 1142 2687 primum
1171 2635 1443 2687 separationis
1465 2641 1541 2686 est,
1561 2647 1620 2683 nis,
1638 2655 1739 2680 etex.

85 2703 318 2745 seeundum
348 2703 617 2758 expulsionis,
687 2702 794 2756 [31]
831 2704 974 2755 Atque
1004 2702 1190 2755 primum
1231 2702 1403 2756 quidem
1438 2703 1544 2745 illud
1562 2693 1724 2732 pulsionis.

129 2851 137 2867 ²
162 2849 364 2890 ad-amiss.]
383 2861 444 2880 om.
462 2851 510 2881 ed.
529 2851 591 2882 ¹76.
889 2855 908 2867 W
935 2851 1126 2889 Quapropter
1143 2849 1211 2890 35·c.]
1234 2850 1295 2881 Hic
1310 2851 1374 2881 inc.
1391 2851 1459 2884 edd.
1479 2852 1543 2890 ‘66‚

129 2890 142 2903 ¹¹
166 2891 242 2932 vim]
261 2893 312 2922 Sic
331 2893 419 2932 Syd„
436 2903 497 2923 om.
515 2893 583 2924 edd.
602 2897 716 2923 recent.
845 2893 898 2922 ⁴68
916 2903 990 2922 cnm
1008 2897 1114 2923 nostra
1131 2903 1312 2933 congruere.

130 2939 143 2953 v
166 2935 276 2976 nimia]
293 2945 354 2966 om.
372 2935 418 2967 ed.
439 2935 499 2968 76.

805 3005 823 3028 ὅ
