<?xml version="1.0" encoding="UTF-8"?>
<!DOCTYPE html PUBLIC "-//W3C//DTD XHTML 1.0 Transitional//EN"
    "http://www.w3.org/TR/xhtml1/DTD/xhtml1-transitional.dtd">
<html xmlns="http://www.w3.org/1999/xhtml" xml:lang="en" lang="en">
 <head>
  <title>
</title>
<meta http-equiv="Content-Type" content="text/html;charset=utf-8" />
  <meta name='ocr-system' content='tesseract 3.04.00' />
  <meta name='ocr-capabilities' content='ocr_page ocr_carea ocr_par ocr_line ocrx_word'/>
</head>
<body>
  <div class='ocr_page' id='page_1' title='image "./thomaesydenhammd00sydeuoft_0383.png"; bbox 0 0 1985 3308; ppageno 0'>
   <div class='ocr_carea' id='block_1_1' title="bbox 0 0 29 3308">
    <p class='ocr_par' dir='ltr' id='par_1_1' title="bbox 0 0 29 3308">
     <span class='ocr_line' id='line_1_1' title="bbox 0 0 29 3308; baseline 0 0"><span class='ocrx_word' id='word_1_1' title='bbox 0 0 29 3308; x_wconf 95' lang='lat' dir='ltr'> </span> 
     </span>
    </p>
   </div>
   <div class='ocr_carea' id='block_1_2' title="bbox 420 153 1569 197">
    <p class='ocr_par' dir='ltr' id='par_1_2' title="bbox 420 153 1569 197">
     <span class='ocr_line' id='line_1_2' title="bbox 420 153 1569 197; baseline 0.003 -4"><span class='ocrx_word' id='word_1_2' title='bbox 420 155 518 194; x_wconf 87' lang='lat' dir='ltr'>DIS</span> <span class='ocrx_word' id='word_1_3' title='bbox 526 153 815 194; x_wconf 79' lang='lat' dir='ltr'>SERTATIO</span> <span class='ocrx_word' id='word_1_4' title='bbox 852 153 1257 194; x_wconf 84' lang='lat' dir='ltr'>EPISTOLARIS.</span> <span class='ocrx_word' id='word_1_5' title='bbox 1485 157 1569 197; x_wconf 69' lang='lat'>347</span> 
     </span>
    </p>
   </div>
   <div class='ocr_carea' id='block_1_3' title="bbox 109 260 1774 586">
    <p class='ocr_par' dir='ltr' id='par_1_3' title="bbox 110 260 1774 451">
     <span class='ocr_line' id='line_1_3' title="bbox 111 260 1774 314; baseline 0.001 -14"><span class='ocrx_word' id='word_1_6' title='bbox 111 265 259 301; x_wconf 89' lang='lat' dir='ltr'>mento</span> <span class='ocrx_word' id='word_1_7' title='bbox 293 261 354 302; x_wconf 88' lang='lat' dir='ltr'>ita</span> <span class='ocrx_word' id='word_1_8' title='bbox 393 260 649 302; x_wconf 82' lang='lat' dir='ltr'>exorbitanti</span> <span class='ocrx_word' id='word_1_9' title='bbox 688 260 805 301; x_wconf 91' lang='lat' dir='ltr'>omni</span> <span class='ocrx_word' id='word_1_10' title='bbox 840 273 918 314; x_wconf 89' lang='lat' dir='ltr'>ope</span> <span class='ocrx_word' id='word_1_11' title='bbox 959 260 1237 314; x_wconf 83' lang='lat' dir='ltr'>injiciendum</span> <span class='ocrx_word' id='word_1_12' title='bbox 1278 260 1344 310; x_wconf 88' lang='lat' dir='ltr'>sit,</span> <span class='ocrx_word' id='word_1_13' title='bbox 1380 264 1570 301; x_wconf 83' lang='lat' dir='ltr'><strong>attamen</strong></span> <span class='ocrx_word' id='word_1_14' title='bbox 1589 271 1643 302; x_wconf 71' lang='lat' dir='ltr'>Dr.</span> <span class='ocrx_word' id='word_1_15' title='bbox 1662 272 1774 302; x_wconf 44' lang='lat' dir='ltr'>vlnu-</span> 
     </span>
     <span class='ocr_line' id='line_1_4' title="bbox 110 315 1773 388; baseline 0.001 -20"><span class='ocrx_word' id='word_1_16' title='bbox 110 328 211 369; x_wconf 87' lang='lat' dir='ltr'>hinc</span> <span class='ocrx_word' id='word_1_17' title='bbox 242 330 412 384; x_wconf 92' lang='lat' dir='ltr'>quidem</span> <span class='ocrx_word' id='word_1_18' title='bbox 442 329 547 370; x_wconf 87' lang='lat' dir='ltr'>illud</span> <span class='ocrx_word' id='word_1_19' title='bbox 581 329 785 370; x_wconf 91' lang='lat' dir='ltr'>continuo</span> <span class='ocrx_word' id='word_1_20' title='bbox 819 329 965 370; x_wconf 89' lang='lat' dir='ltr'>lectuli</span> <span class='ocrx_word' id='word_1_21' title='bbox 999 329 1137 370; x_wconf 90' lang='lat' dir='ltr'>calore</span> <span class='ocrx_word' id='word_1_22' title='bbox 1173 328 1368 382; x_wconf 86' lang='lat' dir='ltr'>adjutum</span> <span class='ocrx_word' id='word_1_23' title='bbox 1398 328 1570 369; x_wconf 89' lang='lat' dir='ltr'>ferociet</span> <span class='ocrx_word' id='word_1_24' title='bbox 1590 315 1773 388; x_wconf 53' lang='grc' dir='ltr'>οζζῖξξξ·</span> 
     </span>
     <span class='ocr_line' id='line_1_5' title="bbox 110 395 1570 451; baseline 0.001 -15"><span class='ocrx_word' id='word_1_25' title='bbox 110 397 260 449; x_wconf 87' lang='lat' dir='ltr'>magis,</span> <span class='ocrx_word' id='word_1_26' title='bbox 296 398 412 438; x_wconf 90' lang='lat' dir='ltr'>illinc</span> <span class='ocrx_word' id='word_1_27' title='bbox 443 411 540 438; x_wconf 85' lang='lat' dir='ltr'>vero</span> <span class='ocrx_word' id='word_1_28' title='bbox 575 411 674 451; x_wconf 89' lang='lat' dir='ltr'>prae</span> <span class='ocrx_word' id='word_1_29' title='bbox 709 396 842 437; x_wconf 86' lang='lat' dir='ltr'>nimia</span> <span class='ocrx_word' id='word_1_30' title='bbox 874 396 1142 450; x_wconf 80' lang='lat' dir='ltr'>aegritudine</span> <span class='ocrx_word' id='word_1_31' title='bbox 1175 396 1324 437; x_wconf 90' lang='lat' dir='ltr'>eodem</span> <span class='ocrx_word' id='word_1_32' title='bbox 1358 395 1570 437; x_wconf 87' lang='lat' dir='ltr'>abstinere</span> 
     </span>
    </p>

    <p class='ocr_par' dir='ltr' id='par_1_4' title="bbox 109 463 1758 586">
     <span class='ocr_line' id='line_1_6' title="bbox 110 463 1758 518; baseline 0.001 -15"><span class='ocrx_word' id='word_1_33' title='bbox 110 469 296 517; x_wconf 85' lang='lat' dir='ltr'>nequeat</span> <span class='ocrx_word' id='word_1_34' title='bbox 327 470 551 518; x_wconf 86' lang='lat' dir='ltr'>aegrotans</span> <span class='ocrx_word' id='word_1_35' title='bbox 578 465 661 505; x_wconf 92' lang='lat' dir='ltr'>nisi</span> <span class='ocrx_word' id='word_1_36' title='bbox 692 464 906 518; x_wconf 84' lang='lat' dir='ltr'>suppetias</span> <span class='ocrx_word' id='word_1_37' title='bbox 938 464 1188 514; x_wconf 70' lang='lat' dir='ltr'>afferamus,</span> <span class='ocrx_word' id='word_1_38' title='bbox 1232 463 1308 504; x_wconf 85' lang='lat' dir='ltr'>has</span> <span class='ocrx_word' id='word_1_39' title='bbox 1339 463 1392 504; x_wconf 94' lang='lat' dir='ltr'>ob</span> <span class='ocrx_word' id='word_1_40' title='bbox 1424 477 1570 504; x_wconf 84' lang='lat' dir='ltr'>causas</span> <span class='ocrx_word' id='word_1_41' title='bbox 1590 478 1758 510; x_wconf 60' lang='lat' dir='ltr'>Postmis-</span> 
     </span>
     <span class='ocr_line' id='line_1_7' title="bbox 109 531 1751 586; baseline 0.001 -15"><span class='ocrx_word' id='word_1_42' title='bbox 109 532 282 573; x_wconf 89' lang='lat' dir='ltr'>omnino</span> <span class='ocrx_word' id='word_1_43' title='bbox 303 547 473 575; x_wconf 88' lang='lat' dir='ltr'>necesse</span> <span class='ocrx_word' id='word_1_44' title='bbox 501 533 594 583; x_wconf 87' lang='lat' dir='ltr'>erit,</span> <span class='ocrx_word' id='word_1_45' title='bbox 616 532 741 574; x_wconf 88' lang='lat' dir='ltr'>rebus</span> <span class='ocrx_word' id='word_1_46' title='bbox 773 533 830 574; x_wconf 91' lang='lat' dir='ltr'>sic</span> <span class='ocrx_word' id='word_1_47' title='bbox 861 532 1088 583; x_wconf 89' lang='lat' dir='ltr'>stantibus,</span> <span class='ocrx_word' id='word_1_48' title='bbox 1111 532 1363 586; x_wconf 89' lang='lat' dir='ltr'>sanguinem</span> <span class='ocrx_word' id='word_1_49' title='bbox 1385 532 1571 585; x_wconf 89' lang='lat' dir='ltr'>primum</span> <span class='ocrx_word' id='word_1_50' title='bbox 1590 531 1661 552; x_wconf 78' lang='lat' dir='ltr'>sum</span> <span class='ocrx_word' id='word_1_51' title='bbox 1678 532 1751 552; x_wconf 71' lang='lat'><strong>⁸⁰¹¹*</strong></span> 
     </span>
    </p>
   </div>
   <div class='ocr_carea' id='block_1_4' title="bbox 1589 563 1720 602">
    <p class='ocr_par' dir='ltr' id='par_1_5' title="bbox 1589 563 1720 602">
     <span class='ocr_line' id='line_1_8' title="bbox 1589 563 1720 602; baseline 0.015 -10"><span class='ocrx_word' id='word_1_52' title='bbox 1589 563 1720 602; x_wconf 83' lang='lat' dir='ltr'>guinem</span> 
     </span>
    </p>
   </div>
   <div class='ocr_carea' id='block_1_5' title="bbox 109 598 1762 654">
    <p class='ocr_par' dir='ltr' id='par_1_6' title="bbox 109 598 1762 654">
     <span class='ocr_line' id='line_1_9' title="bbox 109 598 1762 654; baseline 0 -15"><span class='ocrx_word' id='word_1_53' title='bbox 109 612 132 639; x_wconf 88' lang='lat' dir='ltr'>e</span> <span class='ocrx_word' id='word_1_54' title='bbox 171 598 331 640; x_wconf 90' lang='lat' dir='ltr'>brachii</span> <span class='ocrx_word' id='word_1_55' title='bbox 371 601 488 641; x_wconf 78' lang='lat' dir='ltr'>venis</span> <span class='ocrx_word' id='word_1_56' title='bbox 529 601 720 651; x_wconf 83' lang='lat' dir='ltr'>educere,</span> <span class='ocrx_word' id='word_1_57' title='bbox 757 605 800 642; x_wconf 92' lang='lat' dir='ltr'>et</span> <span class='ocrx_word' id='word_1_58' title='bbox 839 605 935 654; x_wconf 88' lang='lat' dir='ltr'>post</span> <span class='ocrx_word' id='word_1_59' title='bbox 975 600 1136 654; x_wconf 86' lang='lat' dir='ltr'>aliquot</span> <span class='ocrx_word' id='word_1_60' title='bbox 1176 599 1301 640; x_wconf 88' lang='lat' dir='ltr'>horas</span> <span class='ocrx_word' id='word_1_61' title='bbox 1342 600 1571 640; x_wconf 89' lang='lat' dir='ltr'>emeticum</span> <span class='ocrx_word' id='word_1_62' title='bbox 1590 607 1762 637; x_wconf 84' lang='lat' dir='ltr'>emeticum</span> 
     </span>
    </p>
   </div>
   <div class='ocr_carea' id='block_1_6' title="bbox 108 650 1772 722">
    <p class='ocr_par' dir='ltr' id='par_1_7' title="bbox 108 650 1772 722">
     <span class='ocr_line' id='line_1_10' title="bbox 108 650 1772 722; baseline 0.005 -15"><span class='ocrx_word' id='word_1_63' title='bbox 108 667 411 708; x_wconf 84' lang='lat' dir='ltr'>eradicativum</span> <span class='ocrx_word' id='word_1_64' title='bbox 441 683 492 709; x_wconf 87' lang='lat' dir='ltr'>ex</span> <span class='ocrx_word' id='word_1_65' title='bbox 518 669 731 710; x_wconf 87' lang='lat' dir='ltr'>infusione</span> <span class='ocrx_word' id='word_1_66' title='bbox 759 669 869 710; x_wconf 89' lang='lat' dir='ltr'>croci</span> <span class='ocrx_word' id='word_1_67' title='bbox 897 669 1189 709; x_wconf 79' lang='lat' dir='ltr'>metallorum¹</span> <span class='ocrx_word' id='word_1_68' title='bbox 1220 668 1430 718; x_wconf 86' lang='lat' dir='ltr'>exhibere,</span> <span class='ocrx_word' id='word_1_69' title='bbox 1461 668 1572 721; x_wconf 92' lang='lat' dir='ltr'>quod</span> <span class='ocrx_word' id='word_1_70' title='bbox 1590 650 1772 722; x_wconf 43' lang='grc' dir='ltr'>ῖᾞῗξίᾚῖ-</span> 
     </span>
    </p>
   </div>
   <div class='ocr_carea' id='block_1_7' title="bbox 104 735 1776 1198">
    <p class='ocr_par' dir='ltr' id='par_1_8' title="bbox 105 735 1740 858">
     <span class='ocr_line' id='line_1_11' title="bbox 105 735 1740 791; baseline 0.001 -16"><span class='ocrx_word' id='word_1_71' title='bbox 105 749 195 776; x_wconf 84' lang='grc'>11011</span> <span class='ocrx_word' id='word_1_72' title='bbox 215 735 352 776; x_wconf 91' lang='lat' dir='ltr'>solum</span> <span class='ocrx_word' id='word_1_73' title='bbox 372 737 607 787; x_wconf 81' lang='lat' dir='ltr'>materiam,</span> <span class='ocrx_word' id='word_1_74' title='bbox 630 752 654 777; x_wconf 88' lang='lat' dir='ltr'>a</span> <span class='ocrx_word' id='word_1_75' title='bbox 675 752 759 791; x_wconf 87' lang='lat' dir='ltr'>qua</span> <span class='ocrx_word' id='word_1_76' title='bbox 786 737 922 778; x_wconf 90' lang='lat' dir='ltr'>oritur</span> <span class='ocrx_word' id='word_1_77' title='bbox 943 736 1166 790; x_wconf 82' lang='lat' dir='ltr'>aegritudo</span> <span class='ocrx_word' id='word_1_78' title='bbox 1194 737 1277 778; x_wconf 87' lang='lat' dir='ltr'>ista</span> <span class='ocrx_word' id='word_1_79' title='bbox 1305 737 1571 787; x_wconf 87' lang='lat' dir='ltr'>insolentior,</span> <span class='ocrx_word' id='word_1_80' title='bbox 1590 735 1740 765; x_wconf 76' lang='lat' dir='ltr'>bendum.</span> 
     </span>
     <span class='ocr_line' id='line_1_12' title="bbox 106 802 1573 858; baseline 0.001 -16"><span class='ocrx_word' id='word_1_81' title='bbox 106 802 218 843; x_wconf 87' lang='lat' dir='ltr'>foras</span> <span class='ocrx_word' id='word_1_82' title='bbox 242 804 452 857; x_wconf 84' lang='lat' dir='ltr'>propellit,</span> <span class='ocrx_word' id='word_1_83' title='bbox 476 804 548 844; x_wconf 91' lang='lat' dir='ltr'>sed</span> <span class='ocrx_word' id='word_1_84' title='bbox 573 805 702 845; x_wconf 83' lang='lat' dir='ltr'>etiam</span> <span class='ocrx_word' id='word_1_85' title='bbox 726 819 901 858; x_wconf 88' lang='lat' dir='ltr'>aegrum</span> <span class='ocrx_word' id='word_1_86' title='bbox 931 805 992 845; x_wconf 91' lang='lat' dir='ltr'>ita</span> <span class='ocrx_word' id='word_1_87' title='bbox 1015 804 1235 856; x_wconf 82' lang='lat' dir='ltr'>refocillat,</span> <span class='ocrx_word' id='word_1_88' title='bbox 1258 809 1307 845; x_wconf 89' lang='lat' dir='ltr'>ut</span> <span class='ocrx_word' id='word_1_89' title='bbox 1330 805 1420 858; x_wconf 83' lang='lat' dir='ltr'>jam</span> <span class='ocrx_word' id='word_1_90' title='bbox 1452 804 1573 857; x_wconf 86' lang='lat' dir='ltr'>quasi</span> 
     </span>
    </p>

    <p class='ocr_par' dir='ltr' id='par_1_9' title="bbox 104 871 1572 993">
     <span class='ocr_line' id='line_1_13' title="bbox 106 871 1572 926; baseline 0.001 -16"><span class='ocrx_word' id='word_1_91' title='bbox 106 883 234 910; x_wconf 90' lang='lat' dir='ltr'>sanus</span> <span class='ocrx_word' id='word_1_92' title='bbox 254 871 410 912; x_wconf 88' lang='lat' dir='ltr'>lectulo</span> <span class='ocrx_word' id='word_1_93' title='bbox 437 871 581 912; x_wconf 90' lang='lat' dir='ltr'>abesse</span> <span class='ocrx_word' id='word_1_94' title='bbox 608 877 746 925; x_wconf 85' lang='lat' dir='ltr'>queat.</span> <span class='ocrx_word' id='word_1_95' title='bbox 808 872 961 926; x_wconf 89' lang='lat' dir='ltr'>Neque</span> <span class='ocrx_word' id='word_1_96' title='bbox 990 872 1090 913; x_wconf 87' lang='lat' dir='ltr'>huic</span> <span class='ocrx_word' id='word_1_97' title='bbox 1121 872 1199 913; x_wconf 87' lang='lat' dir='ltr'>soli</span> <span class='ocrx_word' id='word_1_98' title='bbox 1225 871 1428 913; x_wconf 85' lang='lat' dir='ltr'>methodo</span> <span class='ocrx_word' id='word_1_99' title='bbox 1459 872 1572 912; x_wconf 92' lang='lat' dir='ltr'>inni-</span> 
     </span>
     <span class='ocr_line' id='line_1_14' title="bbox 104 938 1572 993; baseline 0.001 -15"><span class='ocrx_word' id='word_1_100' title='bbox 104 938 286 979; x_wconf 81' lang='lat' dir='ltr'>tendum</span> <span class='ocrx_word' id='word_1_101' title='bbox 313 943 376 979; x_wconf 89' lang='lat' dir='ltr'>est</span> <span class='ocrx_word' id='word_1_102' title='bbox 408 939 461 979; x_wconf 88' lang='lat' dir='ltr'>ad</span> <span class='ocrx_word' id='word_1_103' title='bbox 490 939 784 993; x_wconf 86' lang='lat' dir='ltr'>infringendas</span> <span class='ocrx_word' id='word_1_104' title='bbox 819 941 1020 981; x_wconf 89' lang='lat' dir='ltr'>fermenti</span> <span class='ocrx_word' id='word_1_105' title='bbox 1049 941 1157 981; x_wconf 82' lang='lat' dir='ltr'>vires</span> <span class='ocrx_word' id='word_1_106' title='bbox 1172 957 1182 990; x_wconf 76' lang='lat'><em>3</em></span> <span class='ocrx_word' id='word_1_107' title='bbox 1216 940 1302 990; x_wconf 89' lang='lat' dir='ltr'>sed,</span> <span class='ocrx_word' id='word_1_108' title='bbox 1325 955 1408 993; x_wconf 93' lang='lat' dir='ltr'>quo</span> <span class='ocrx_word' id='word_1_109' title='bbox 1436 940 1572 993; x_wconf 88' lang='lat' dir='ltr'>magis</span> 
     </span>
    </p>

    <p class='ocr_par' dir='ltr' id='par_1_10' title="bbox 105 1007 1776 1198">
     <span class='ocr_line' id='line_1_15' title="bbox 105 1007 1572 1062; baseline 0.001 -16"><span class='ocrx_word' id='word_1_110' title='bbox 105 1020 230 1059; x_wconf 84' lang='lat' dir='ltr'>aeger</span> <span class='ocrx_word' id='word_1_111' title='bbox 256 1007 302 1047; x_wconf 92' lang='lat' dir='ltr'>in</span> <span class='ocrx_word' id='word_1_112' title='bbox 326 1011 422 1048; x_wconf 91' lang='lat' dir='ltr'>tuto</span> <span class='ocrx_word' id='word_1_113' title='bbox 449 1007 645 1048; x_wconf 87' lang='lat' dir='ltr'>collocari</span> <span class='ocrx_word' id='word_1_114' title='bbox 675 1009 820 1061; x_wconf 86' lang='lat' dir='ltr'>possit,</span> <span class='ocrx_word' id='word_1_115' title='bbox 843 1014 1010 1062; x_wconf 88' lang='lat' dir='ltr'>praeter</span> <span class='ocrx_word' id='word_1_116' title='bbox 1041 1009 1335 1049; x_wconf 87' lang='lat' dir='ltr'>evacuationes</span> <span class='ocrx_word' id='word_1_117' title='bbox 1361 1009 1453 1062; x_wconf 81' lang='lat' dir='ltr'>jam</span> <span class='ocrx_word' id='word_1_118' title='bbox 1484 1022 1572 1049; x_wconf 92' lang='lat' dir='ltr'>me-</span> 
     </span>
     <span class='ocr_line' id='line_1_16' title="bbox 105 1075 1738 1136; baseline 0.002 -22"><span class='ocrx_word' id='word_1_119' title='bbox 105 1079 302 1125; x_wconf 88' lang='lat' dir='ltr'>moratas,</span> <span class='ocrx_word' id='word_1_120' title='bbox 324 1075 670 1128; x_wconf 85' lang='lat' dir='ltr'>percommodum</span> <span class='ocrx_word' id='word_1_121' title='bbox 701 1076 781 1116; x_wconf 89' lang='lat' dir='ltr'>erit</span> <span class='ocrx_word' id='word_1_122' title='bbox 811 1077 968 1117; x_wconf 76' lang='lat' dir='ltr'>vitrioli</span> <span class='ocrx_word' id='word_1_123' title='bbox 997 1076 1197 1130; x_wconf 88' lang='lat' dir='ltr'>spiritum</span> <span class='ocrx_word' id='word_1_124' title='bbox 1222 1076 1343 1130; x_wconf 90' lang='lat' dir='ltr'>potui</span> <span class='ocrx_word' id='word_1_125' title='bbox 1373 1076 1571 1127; x_wconf 88' lang='lat' dir='ltr'>tenuiori,</span> <span class='ocrx_word' id='word_1_126' title='bbox 1593 1087 1738 1136; x_wconf 44' lang='lat' dir='ltr'>Spinvi-</span> 
     </span>
     <span class='ocr_line' id='line_1_17' title="bbox 108 1130 1776 1198; baseline 0.002 -16"><span class='ocrx_word' id='word_1_127' title='bbox 108 1143 271 1195; x_wconf 88' lang='lat' dir='ltr'>quoties</span> <span class='ocrx_word' id='word_1_128' title='bbox 294 1157 392 1183; x_wconf 89' lang='lat' dir='ltr'>eum</span> <span class='ocrx_word' id='word_1_129' title='bbox 411 1143 569 1194; x_wconf 81' lang='lat' dir='ltr'>haurit,</span> <span class='ocrx_word' id='word_1_130' title='bbox 591 1144 806 1184; x_wconf 90' lang='lat' dir='ltr'>liberalius</span> <span class='ocrx_word' id='word_1_131' title='bbox 830 1145 1081 1196; x_wconf 88' lang='lat' dir='ltr'>immiscere,</span> <span class='ocrx_word' id='word_1_132' title='bbox 1105 1145 1235 1185; x_wconf 88' lang='lat' dir='ltr'>etiam</span> <span class='ocrx_word' id='word_1_133' title='bbox 1254 1158 1389 1198; x_wconf 90' lang='lat' dir='ltr'>usque</span> <span class='ocrx_word' id='word_1_134' title='bbox 1412 1144 1466 1185; x_wconf 90' lang='lat' dir='ltr'>ad</span> <span class='ocrx_word' id='word_1_135' title='bbox 1486 1144 1572 1198; x_wconf 90' lang='lat' dir='ltr'>ple-</span> <span class='ocrx_word' id='word_1_136' title='bbox 1590 1130 1675 1161; x_wconf 55' lang='lat'>”³⁰¹¹</span> <span class='ocrx_word' id='word_1_137' title='bbox 1691 1141 1776 1161; x_wconf 83' lang='lat' dir='ltr'>cere-</span> 
     </span>
    </p>
   </div>
   <div class='ocr_carea' id='block_1_8' title="bbox 1591 1173 1750 1204">
    <p class='ocr_par' dir='ltr' id='par_1_11' title="bbox 1591 1173 1750 1204">
     <span class='ocr_line' id='line_1_18' title="bbox 1591 1173 1750 1204; baseline 0.013 -2"><span class='ocrx_word' id='word_1_138' title='bbox 1591 1173 1690 1203; x_wconf 87' lang='lat' dir='ltr'>visiae</span> <span class='ocrx_word' id='word_1_139' title='bbox 1707 1179 1750 1204; x_wconf 88' lang='lat' dir='ltr'>te-</span> 
     </span>
    </p>
   </div>
   <div class='ocr_carea' id='block_1_9' title="bbox 107 1211 1766 1265">
    <p class='ocr_par' dir='ltr' id='par_1_12' title="bbox 107 1211 1766 1265">
     <span class='ocr_line' id='line_1_19' title="bbox 107 1211 1766 1265; baseline 0.001 -15"><span class='ocrx_word' id='word_1_140' title='bbox 107 1225 207 1251; x_wconf 91' lang='lat' dir='ltr'>nam</span> <span class='ocrx_word' id='word_1_141' title='bbox 236 1211 503 1264; x_wconf 88' lang='lat' dir='ltr'>pustularum</span> <span class='ocrx_word' id='word_1_142' title='bbox 529 1212 809 1265; x_wconf 86' lang='lat' dir='ltr'>eruptionem.</span> <span class='ocrx_word' id='word_1_143' title='bbox 870 1212 973 1253; x_wconf 92' lang='lat' dir='ltr'>Non</span> <span class='ocrx_word' id='word_1_144' title='bbox 998 1212 1267 1254; x_wconf 87' lang='lat' dir='ltr'>obstantibus</span> <span class='ocrx_word' id='word_1_145' title='bbox 1288 1217 1434 1253; x_wconf 88' lang='lat' dir='ltr'>tamen</span> <span class='ocrx_word' id='word_1_146' title='bbox 1458 1212 1573 1252; x_wconf 88' lang='lat' dir='ltr'>hisce</span> <span class='ocrx_word' id='word_1_147' title='bbox 1591 1216 1766 1246; x_wconf 85' lang='lat' dir='ltr'>nuioriim-</span> 
     </span>
    </p>
   </div>
   <div class='ocr_carea' id='block_1_10' title="bbox 108 1269 1730 1334">
    <p class='ocr_par' dir='ltr' id='par_1_13' title="bbox 108 1269 1730 1334">
     <span class='ocr_line' id='line_1_20' title="bbox 108 1269 1730 1334; baseline 0.001 -15"><span class='ocrx_word' id='word_1_148' title='bbox 108 1279 466 1330; x_wconf 86' lang='lat' dir='ltr'>evacuationibus,</span> <span class='ocrx_word' id='word_1_149' title='bbox 483 1284 578 1320; x_wconf 92' lang='lat' dir='ltr'>tum</span> <span class='ocrx_word' id='word_1_150' title='bbox 592 1281 720 1320; x_wconf 90' lang='lat' dir='ltr'>etiam</span> <span class='ocrx_word' id='word_1_151' title='bbox 738 1295 820 1320; x_wconf 92' lang='lat' dir='ltr'>usu</span> <span class='ocrx_word' id='word_1_152' title='bbox 839 1285 964 1334; x_wconf 89' lang='lat' dir='ltr'>potus</span> <span class='ocrx_word' id='word_1_153' title='bbox 981 1280 1284 1333; x_wconf 87' lang='lat' dir='ltr'>refrigerantis,</span> <span class='ocrx_word' id='word_1_154' title='bbox 1303 1294 1428 1333; x_wconf 80' lang='lat' dir='ltr'>aeger</span> <span class='ocrx_word' id='word_1_155' title='bbox 1446 1280 1573 1321; x_wconf 86' lang='lat' dir='ltr'>nihil·</span> <span class='ocrx_word' id='word_1_156' title='bbox 1592 1269 1730 1332; x_wconf 45' lang='lat' dir='ltr'>ffggeen-</span> 
     </span>
    </p>
   </div>
   <div class='ocr_carea' id='block_1_11' title="bbox 106 1346 1743 1469">
    <p class='ocr_par' dir='ltr' id='par_1_14' title="bbox 106 1346 1743 1469">
     <span class='ocr_line' id='line_1_21' title="bbox 106 1346 1573 1401; baseline 0.001 -15"><span class='ocrx_word' id='word_1_157' title='bbox 106 1346 275 1387; x_wconf 91' lang='lat' dir='ltr'>ominus</span> <span class='ocrx_word' id='word_1_158' title='bbox 301 1361 388 1387; x_wconf 84' lang='lat' dir='ltr'>non</span> <span class='ocrx_word' id='word_1_159' title='bbox 414 1347 497 1386; x_wconf 87' lang='lat' dir='ltr'>nisi</span> <span class='ocrx_word' id='word_1_160' title='bbox 526 1352 737 1388; x_wconf 88' lang='lat' dir='ltr'>nocturno</span> <span class='ocrx_word' id='word_1_161' title='bbox 757 1352 951 1400; x_wconf 87' lang='lat' dir='ltr'>tempore</span> <span class='ocrx_word' id='word_1_162' title='bbox 971 1348 1127 1388; x_wconf 88' lang='lat' dir='ltr'>lectulo</span> <span class='ocrx_word' id='word_1_163' title='bbox 1155 1348 1469 1401; x_wconf 88' lang='lat' dir='ltr'>permittendus</span> <span class='ocrx_word' id='word_1_164' title='bbox 1497 1352 1573 1398; x_wconf 90' lang='lat' dir='ltr'>est,</span> 
     </span>
     <span class='ocr_line' id='line_1_22' title="bbox 106 1413 1743 1469; baseline 0 -14"><span class='ocrx_word' id='word_1_165' title='bbox 106 1414 141 1455; x_wconf 81' lang='lat' dir='ltr'>si</span> <span class='ocrx_word' id='word_1_166' title='bbox 163 1413 334 1467; x_wconf 89' lang='lat' dir='ltr'>quidem</span> <span class='ocrx_word' id='word_1_167' title='bbox 355 1414 447 1454; x_wconf 90' lang='lat' dir='ltr'>fieri</span> <span class='ocrx_word' id='word_1_168' title='bbox 466 1418 620 1467; x_wconf 89' lang='lat' dir='ltr'>potest,</span> <span class='ocrx_word' id='word_1_169' title='bbox 647 1415 849 1467; x_wconf 88' lang='lat' dir='ltr'>quoniam</span> <span class='ocrx_word' id='word_1_170' title='bbox 870 1415 974 1455; x_wconf 89' lang='lat' dir='ltr'>haee</span> <span class='ocrx_word' id='word_1_171' title='bbox 995 1415 1192 1455; x_wconf 85' lang='lat' dir='ltr'>universa</span> <span class='ocrx_word' id='word_1_172' title='bbox 1210 1415 1338 1469; x_wconf 87' lang='lat' dir='ltr'>longe</span> <span class='ocrx_word' id='word_1_173' title='bbox 1359 1415 1502 1455; x_wconf 89' lang='lat' dir='ltr'>minus</span> <span class='ocrx_word' id='word_1_174' title='bbox 1523 1415 1576 1455; x_wconf 90' lang='lat' dir='ltr'>ad</span> <span class='ocrx_word' id='word_1_175' title='bbox 1595 1421 1743 1452; x_wconf 88' lang='lat' dir='ltr'>Liberior</span> 
     </span>
    </p>
   </div>
   <div class='ocr_carea' id='block_1_12' title="bbox 105 1475 1780 1547">
    <p class='ocr_par' dir='ltr' id='par_1_15' title="bbox 105 1475 1780 1547">
     <span class='ocr_line' id='line_1_23' title="bbox 105 1475 1780 1547; baseline 0.004 -26"><span class='ocrx_word' id='word_1_176' title='bbox 105 1481 384 1522; x_wconf 88' lang='lat' dir='ltr'>inhibendam</span> <span class='ocrx_word' id='word_1_177' title='bbox 404 1496 728 1535; x_wconf 85' lang='lat' dir='ltr'>praeproperam</span> <span class='ocrx_word' id='word_1_178' title='bbox 745 1482 947 1523; x_wconf 88' lang='lat' dir='ltr'>materiae</span> <span class='ocrx_word' id='word_1_179' title='bbox 960 1483 1205 1524; x_wconf 81' lang='lat' dir='ltr'>Variolosae</span> <span class='ocrx_word' id='word_1_180' title='bbox 1227 1483 1576 1524; x_wconf 87' lang='lat' dir='ltr'>assimilationem</span> <span class='ocrx_word' id='word_1_181' title='bbox 1592 1475 1780 1547; x_wconf 45' lang='lat' dir='ltr'>{3223ssae</span> 
     </span>
    </p>
   </div>
   <div class='ocr_carea' id='block_1_13' title="bbox 105 1549 1781 1633">
    <p class='ocr_par' dir='ltr' id='par_1_16' title="bbox 105 1549 1781 1633">
     <span class='ocr_line' id='line_1_24' title="bbox 105 1549 1781 1633; baseline 0.002 -44"><span class='ocrx_word' id='word_1_182' title='bbox 105 1549 280 1600; x_wconf 89' lang='lat' dir='ltr'>faciunt,</span> <span class='ocrx_word' id='word_1_183' title='bbox 304 1564 430 1603; x_wconf 89' lang='lat' dir='ltr'>quam</span> <span class='ocrx_word' id='word_1_184' title='bbox 451 1564 539 1590; x_wconf 90' lang='lat' dir='ltr'>una</span> <span class='ocrx_word' id='word_1_185' title='bbox 565 1550 787 1604; x_wconf 85' lang='lat' dir='ltr'>sanguinis</span> <span class='ocrx_word' id='word_1_186' title='bbox 814 1552 1154 1605; x_wconf 87' lang='lat' dir='ltr'>contemperatio</span> <span class='ocrx_word' id='word_1_187' title='bbox 1182 1566 1207 1592; x_wconf 89' lang='lat' dir='ltr'>a</span> <span class='ocrx_word' id='word_1_188' title='bbox 1237 1565 1346 1592; x_wconf 87' lang='lat' dir='ltr'>novo</span> <span class='ocrx_word' id='word_1_189' title='bbox 1374 1556 1473 1593; x_wconf 80' lang='lat' dir='ltr'>a&#39;ere</span> <span class='ocrx_word' id='word_1_190' title='bbox 1499 1565 1575 1605; x_wconf 88' lang='lat' dir='ltr'>per</span> <span class='ocrx_word' id='word_1_191' title='bbox 1591 1550 1781 1633; x_wconf 36' lang='lat' dir='ltr'>{3222}ssssth</span> 
     </span>
    </p>
   </div>
   <div class='ocr_carea' id='block_1_14' title="bbox 104 1617 1756 1673">
    <p class='ocr_par' dir='ltr' id='par_1_17' title="bbox 104 1617 1756 1673">
     <span class='ocr_line' id='line_1_25' title="bbox 104 1617 1756 1673; baseline 0.001 -16"><span class='ocrx_word' id='word_1_192' title='bbox 104 1617 327 1670; x_wconf 88' lang='lat' dir='ltr'>pulmones</span> <span class='ocrx_word' id='word_1_193' title='bbox 355 1617 535 1658; x_wconf 89' lang='lat' dir='ltr'>subinde</span> <span class='ocrx_word' id='word_1_194' title='bbox 561 1619 845 1672; x_wconf 75' lang='lat' dir='ltr'>reciprocato,</span> <span class='ocrx_word' id='word_1_195' title='bbox 884 1633 991 1672; x_wconf 89' lang='lat' dir='ltr'>quae</span> <span class='ocrx_word' id='word_1_196' title='bbox 1021 1619 1193 1673; x_wconf 79' lang='lat' dir='ltr'>quidem</span> <span class='ocrx_word' id='word_1_197' title='bbox 1224 1619 1313 1660; x_wconf 91' lang='lat' dir='ltr'>sola</span> <span class='ocrx_word' id='word_1_198' title='bbox 1339 1619 1497 1659; x_wconf 89' lang='lat' dir='ltr'>mirum</span> <span class='ocrx_word' id='word_1_199' title='bbox 1527 1634 1573 1660; x_wconf 80' lang='grc'>111</span> <span class='ocrx_word' id='word_1_200' title='bbox 1590 1646 1665 1665; x_wconf 84' lang='lat' dir='ltr'>nem</span> <span class='ocrx_word' id='word_1_201' title='bbox 1681 1646 1756 1666; x_wconf 87' lang='lat' dir='ltr'>con-</span> 
     </span>
    </p>
   </div>
   <div class='ocr_carea' id='block_1_15' title="bbox 104 1683 1781 1761">
    <p class='ocr_par' dir='ltr' id='par_1_18' title="bbox 104 1683 1781 1761">
     <span class='ocr_line' id='line_1_26' title="bbox 104 1683 1781 1761; baseline 0.002 -36"><span class='ocrx_word' id='word_1_202' title='bbox 104 1685 280 1726; x_wconf 89' lang='lat' dir='ltr'>modum</span> <span class='ocrx_word' id='word_1_203' title='bbox 313 1685 624 1739; x_wconf 85' lang='lat' dir='ltr'>aegritudinem</span> <span class='ocrx_word' id='word_1_204' title='bbox 659 1688 1031 1741; x_wconf 86' lang='lat' dir='ltr'>symptomaticam</span> <span class='ocrx_word' id='word_1_205' title='bbox 1066 1688 1134 1740; x_wconf 90' lang='lat' dir='ltr'>(de</span> <span class='ocrx_word' id='word_1_206' title='bbox 1168 1702 1251 1741; x_wconf 91' lang='lat' dir='ltr'>qua</span> <span class='ocrx_word' id='word_1_207' title='bbox 1283 1688 1439 1741; x_wconf 87' lang='lat' dir='ltr'>supra,)</span> <span class='ocrx_word' id='word_1_208' title='bbox 1474 1683 1781 1761; x_wconf 49' lang='grc' dir='ltr'>8111)-ἓῗζζξ)“(·“;ἑζξζΙ</span> 
     </span>
     <span class='ocr_line' id='line_1_27' title="bbox 1672 1744 1678 1757; baseline 0 0"><span class='ocrx_word' id='word_1_209' title='bbox 1672 1744 1678 1757; x_wconf 82' lang='grc'>,</span> 
     </span>
    </p>
   </div>
   <div class='ocr_carea' id='block_1_16' title="bbox 104 1752 1779 1809">
    <p class='ocr_par' dir='ltr' id='par_1_19' title="bbox 104 1752 1779 1809">
     <span class='ocr_line' id='line_1_28' title="bbox 104 1752 1779 1809; baseline 0.001 -16"><span class='ocrx_word' id='word_1_210' title='bbox 104 1752 215 1793; x_wconf 84' lang='lat' dir='ltr'>levat</span> <span class='ocrx_word' id='word_1_211' title='bbox 245 1753 492 1804; x_wconf 79' lang='lat' dir='ltr'>confestim3</span> <span class='ocrx_word' id='word_1_212' title='bbox 527 1754 638 1807; x_wconf 88' lang='lat' dir='ltr'>quod</span> <span class='ocrx_word' id='word_1_213' title='bbox 670 1769 695 1794; x_wconf 90' lang='lat' dir='ltr'>a</span> <span class='ocrx_word' id='word_1_214' title='bbox 723 1769 791 1795; x_wconf 90' lang='lat' dir='ltr'>me</span> <span class='ocrx_word' id='word_1_215' title='bbox 824 1770 910 1796; x_wconf 92' lang='lat' dir='ltr'>non</span> <span class='ocrx_word' id='word_1_216' title='bbox 939 1769 1026 1796; x_wconf 87' lang='lat' dir='ltr'>uno</span> <span class='ocrx_word' id='word_1_217' title='bbox 1057 1755 1347 1808; x_wconf 78' lang='lat' dir='ltr'>experimento</span> <span class='ocrx_word' id='word_1_218' title='bbox 1381 1769 1571 1809; x_wconf 90' lang='lat' dir='ltr'>compro·</span> <span class='ocrx_word' id='word_1_219' title='bbox 1590 1765 1779 1794; x_wconf 82' lang='lat' dir='ltr'>evacuantia</span> 
     </span>
    </p>
   </div>
   <div class='ocr_carea' id='block_1_17' title="bbox 103 1817 1764 1898">
    <p class='ocr_par' dir='ltr' id='par_1_20' title="bbox 103 1817 1764 1898">
     <span class='ocr_line' id='line_1_29' title="bbox 103 1817 1764 1898; baseline 0.004 -37"><span class='ocrx_word' id='word_1_220' title='bbox 103 1820 254 1861; x_wconf 87' lang='lat' dir='ltr'>batum</span> <span class='ocrx_word' id='word_1_221' title='bbox 288 1826 365 1861; x_wconf 90' lang='lat' dir='ltr'>est.</span> <span class='ocrx_word' id='word_1_222' title='bbox 434 1821 553 1862; x_wconf 90' lang='lat' dir='ltr'>Haec</span> <span class='ocrx_word' id='word_1_223' title='bbox 590 1827 734 1862; x_wconf 87' lang='lat' dir='ltr'>autem</span> <span class='ocrx_word' id='word_1_224' title='bbox 768 1823 996 1864; x_wconf 86' lang='lat' dir='ltr'>methodus</span> <span class='ocrx_word' id='word_1_225' title='bbox 1031 1823 1159 1876; x_wconf 81' lang='lat' dir='ltr'>paulo</span> <span class='ocrx_word' id='word_1_226' title='bbox 1195 1823 1447 1863; x_wconf 89' lang='lat' dir='ltr'>insolentior</span> <span class='ocrx_word' id='word_1_227' title='bbox 1482 1837 1573 1864; x_wconf 89' lang='lat' dir='ltr'>non</span> <span class='ocrx_word' id='word_1_228' title='bbox 1591 1817 1764 1898; x_wconf 30' lang='lat' dir='ltr'>gagg&amp;</span> 
     </span>
    </p>
   </div>
   <div class='ocr_carea' id='block_1_18' title="bbox 105 1888 1751 1944">
    <p class='ocr_par' dir='ltr' id='par_1_21' title="bbox 105 1888 1751 1944">
     <span class='ocr_line' id='line_1_30' title="bbox 105 1888 1751 1944; baseline 0.001 -16"><span class='ocrx_word' id='word_1_229' title='bbox 105 1888 188 1928; x_wconf 90' lang='lat' dir='ltr'>nisi</span> <span class='ocrx_word' id='word_1_230' title='bbox 215 1888 261 1928; x_wconf 90' lang='lat' dir='ltr'>in</span> <span class='ocrx_word' id='word_1_231' title='bbox 282 1893 420 1929; x_wconf 87' lang='lat' dir='ltr'>aetate</span> <span class='ocrx_word' id='word_1_232' title='bbox 440 1889 703 1940; x_wconf 88' lang='lat' dir='ltr'>florentibus,</span> <span class='ocrx_word' id='word_1_233' title='bbox 725 1904 907 1943; x_wconf 89' lang='lat' dir='ltr'>quorum</span> <span class='ocrx_word' id='word_1_234' title='bbox 935 1891 1106 1944; x_wconf 86' lang='lat' dir='ltr'>quidem</span> <span class='ocrx_word' id='word_1_235' title='bbox 1135 1891 1308 1944; x_wconf 79' lang='lat' dir='ltr'>sanguis</span> <span class='ocrx_word' id='word_1_236' title='bbox 1337 1891 1421 1931; x_wconf 88' lang='lat' dir='ltr'>sive</span> <span class='ocrx_word' id='word_1_237' title='bbox 1443 1905 1468 1931; x_wconf 88' lang='lat' dir='ltr'>a</span> <span class='ocrx_word' id='word_1_238' title='bbox 1487 1891 1572 1931; x_wconf 89' lang='lat' dir='ltr'>Ve-</span> <span class='ocrx_word' id='word_1_239' title='bbox 1590 1901 1667 1930; x_wconf 79' lang='lat' dir='ltr'>haec</span> <span class='ocrx_word' id='word_1_240' title='bbox 1682 1911 1751 1930; x_wconf 83' lang='lat' dir='ltr'>me-</span> 
     </span>
    </p>
   </div>
   <div class='ocr_carea' id='block_1_19' title="bbox 106 1943 1776 2016">
    <p class='ocr_par' dir='ltr' id='par_1_22' title="bbox 106 1943 1776 2016">
     <span class='ocr_line' id='line_1_31' title="bbox 106 1943 1776 2016; baseline 0.002 -21"><span class='ocrx_word' id='word_1_241' title='bbox 106 1970 207 1996; x_wconf 87' lang='lat' dir='ltr'>nere</span> <span class='ocrx_word' id='word_1_242' title='bbox 228 1957 313 1996; x_wconf 80' lang='lat' dir='ltr'>sive</span> <span class='ocrx_word' id='word_1_243' title='bbox 336 1971 360 1996; x_wconf 91' lang='lat' dir='ltr'>a</span> <span class='ocrx_word' id='word_1_244' title='bbox 380 1957 549 1997; x_wconf 88' lang='lat' dir='ltr'>Baccho</span> <span class='ocrx_word' id='word_1_245' title='bbox 570 1957 759 2008; x_wconf 78' lang='lat' dir='ltr'>incaluit,</span> <span class='ocrx_word' id='word_1_246' title='bbox 777 1963 904 2011; x_wconf 90' lang='lat' dir='ltr'>atque</span> <span class='ocrx_word' id='word_1_247' title='bbox 924 1959 971 1999; x_wconf 91' lang='lat' dir='ltr'>in</span> <span class='ocrx_word' id='word_1_248' title='bbox 993 1959 1083 1999; x_wconf 88' lang='lat' dir='ltr'>aliis</span> <span class='ocrx_word' id='word_1_249' title='bbox 1105 1959 1305 2011; x_wconf 89' lang='lat' dir='ltr'>(infantes</span> <span class='ocrx_word' id='word_1_250' title='bbox 1325 1959 1572 1999; x_wconf 89' lang='lat' dir='ltr'>tenellulosS</span> <span class='ocrx_word' id='word_1_251' title='bbox 1590 1943 1776 2016; x_wconf 43' lang='lat' dir='ltr'>ssssfflgssdffi&#39;·</span> 
     </span>
    </p>
   </div>
   <div class='ocr_carea' id='block_1_20' title="bbox 1592 398 1776 406">
    <p class='ocr_par' dir='ltr' id='par_1_23' title="bbox 1592 398 1776 406">
     <span class='ocr_line' id='line_1_32' title="bbox 1592 398 1776 406; baseline 0 2902"><span class='ocrx_word' id='word_1_252' title='bbox 1592 398 1776 406; x_wconf 95' lang='lat' dir='ltr'> </span> 
     </span>
    </p>
   </div>
   <div class='ocr_carea' id='block_1_21' title="bbox 103 2025 1776 2897">
    <p class='ocr_par' dir='ltr' id='par_1_24' title="bbox 105 2025 1573 2486">
     <span class='ocr_line' id='line_1_33' title="bbox 108 2025 1573 2081; baseline 0.002 -16"><span class='ocrx_word' id='word_1_253' title='bbox 108 2039 273 2079; x_wconf 88' lang='lat' dir='ltr'>semper</span> <span class='ocrx_word' id='word_1_254' title='bbox 303 2025 491 2079; x_wconf 82' lang='lat' dir='ltr'>excipio,)</span> <span class='ocrx_word' id='word_1_255' title='bbox 519 2041 622 2079; x_wconf 92' lang='lat' dir='ltr'>quos</span> <span class='ocrx_word' id='word_1_256' title='bbox 650 2041 737 2067; x_wconf 87' lang='lat' dir='ltr'>una</span> <span class='ocrx_word' id='word_1_257' title='bbox 767 2041 864 2068; x_wconf 89' lang='lat' dir='ltr'>cum</span> <span class='ocrx_word' id='word_1_258' title='bbox 886 2028 1070 2068; x_wconf 80' lang='lat' dir='ltr'>Variolis</span> <span class='ocrx_word' id='word_1_259' title='bbox 1096 2027 1413 2068; x_wconf 86' lang='lat' dir='ltr'>vehementiora</span> <span class='ocrx_word' id='word_1_260' title='bbox 1445 2032 1573 2081; x_wconf 88' lang='lat' dir='ltr'>atque</span> 
     </span>
     <span class='ocr_line' id='line_1_34' title="bbox 107 2094 1572 2148; baseline 0.001 -14"><span class='ocrx_word' id='word_1_261' title='bbox 107 2094 298 2134; x_wconf 86' lang='lat' dir='ltr'>enormia</span> <span class='ocrx_word' id='word_1_262' title='bbox 331 2094 413 2134; x_wconf 89' lang='lat' dir='ltr'>ista</span> <span class='ocrx_word' id='word_1_263' title='bbox 449 2099 734 2148; x_wconf 82' lang='lat' dir='ltr'>symptomata</span> <span class='ocrx_word' id='word_1_264' title='bbox 764 2095 855 2148; x_wconf 85' lang='lat' dir='ltr'>jam</span> <span class='ocrx_word' id='word_1_265' title='bbox 889 2095 1002 2135; x_wconf 90' lang='lat' dir='ltr'>dicta</span> <span class='ocrx_word' id='word_1_266' title='bbox 1035 2095 1300 2144; x_wconf 88' lang='lat' dir='ltr'>adoriuntur,</span> <span class='ocrx_word' id='word_1_267' title='bbox 1333 2096 1572 2137; x_wconf 86' lang='lat' dir='ltr'>necessario</span> 
     </span>
     <span class='ocr_line' id='line_1_35' title="bbox 106 2162 1573 2216; baseline 0.001 -14"><span class='ocrx_word' id='word_1_268' title='bbox 106 2162 349 2216; x_wconf 86' lang='lat' dir='ltr'>requiritur.</span> <span class='ocrx_word' id='word_1_269' title='bbox 412 2163 501 2203; x_wconf 84' lang='lat' dir='ltr'>Ubi</span> <span class='ocrx_word' id='word_1_270' title='bbox 532 2163 703 2216; x_wconf 87' lang='lat' dir='ltr'>sanguis</span> <span class='ocrx_word' id='word_1_271' title='bbox 733 2177 822 2203; x_wconf 90' lang='lat' dir='ltr'>non</span> <span class='ocrx_word' id='word_1_272' title='bbox 851 2176 986 2216; x_wconf 90' lang='lat' dir='ltr'>usque</span> <span class='ocrx_word' id='word_1_273' title='bbox 1018 2162 1122 2203; x_wconf 89' lang='lat' dir='ltr'>adeo</span> <span class='ocrx_word' id='word_1_274' title='bbox 1153 2162 1411 2213; x_wconf 85' lang='lat' dir='ltr'>accenditur,</span> <span class='ocrx_word' id='word_1_275' title='bbox 1433 2177 1573 2216; x_wconf 90' lang='lat' dir='ltr'>neque</span> 
     </span>
     <span class='ocr_line' id='line_1_36' title="bbox 105 2228 1573 2283; baseline 0.001 -14"><span class='ocrx_word' id='word_1_276' title='bbox 105 2228 167 2269; x_wconf 81' lang='lat' dir='ltr'>ita</span> <span class='ocrx_word' id='word_1_277' title='bbox 195 2234 320 2282; x_wconf 85' lang='lat' dir='ltr'>urget</span> <span class='ocrx_word' id='word_1_278' title='bbox 356 2234 690 2283; x_wconf 76' lang='lat' dir='ltr'>symptomatum</span> <span class='ocrx_word' id='word_1_279' title='bbox 730 2230 944 2280; x_wconf 80' lang='lat' dir='ltr'>violentia,</span> <span class='ocrx_word' id='word_1_280' title='bbox 985 2230 1051 2270; x_wconf 91' lang='lat' dir='ltr'>uti</span> <span class='ocrx_word' id='word_1_281' title='bbox 1090 2230 1292 2270; x_wconf 89' lang='lat' dir='ltr'>materiae</span> <span class='ocrx_word' id='word_1_282' title='bbox 1327 2230 1368 2270; x_wconf 87' lang='lat' dir='ltr'>V</span> <span class='ocrx_word' id='word_1_283' title='bbox 1371 2231 1573 2272; x_wconf 87' lang='lat' dir='ltr'>ariolosae</span> 
     </span>
     <span class='ocr_line' id='line_1_37' title="bbox 105 2297 1573 2351; baseline 0.002 -15"><span class='ocrx_word' id='word_1_284' title='bbox 105 2302 375 2350; x_wconf 87' lang='lat' dir='ltr'>praemature</span> <span class='ocrx_word' id='word_1_285' title='bbox 411 2297 706 2338; x_wconf 86' lang='lat' dir='ltr'>assimilandae</span> <span class='ocrx_word' id='word_1_286' title='bbox 746 2298 872 2351; x_wconf 91' lang='lat' dir='ltr'>longe</span> <span class='ocrx_word' id='word_1_287' title='bbox 912 2298 1053 2338; x_wconf 90' lang='lat' dir='ltr'>minor</span> <span class='ocrx_word' id='word_1_288' title='bbox 1089 2302 1152 2338; x_wconf 90' lang='lat' dir='ltr'>est</span> <span class='ocrx_word' id='word_1_289' title='bbox 1188 2298 1383 2351; x_wconf 88' lang='lat' dir='ltr'>suspicio,</span> <span class='ocrx_word' id='word_1_290' title='bbox 1419 2298 1481 2339; x_wconf 88' lang='lat' dir='ltr'>ita</span> <span class='ocrx_word' id='word_1_291' title='bbox 1521 2313 1573 2340; x_wconf 82' lang='lat' dir='ltr'>ex</span> 
     </span>
     <span class='ocr_line' id='line_1_38' title="bbox 107 2365 1572 2420; baseline 0.001 -16"><span class='ocrx_word' id='word_1_292' title='bbox 107 2365 384 2417; x_wconf 88' lang='lat' dir='ltr'>consequenti</span> <span class='ocrx_word' id='word_1_293' title='bbox 404 2370 446 2405; x_wconf 92' lang='lat' dir='ltr'>et</span> <span class='ocrx_word' id='word_1_294' title='bbox 463 2366 758 2406; x_wconf 87' lang='lat' dir='ltr'>evacuationes</span> <span class='ocrx_word' id='word_1_295' title='bbox 779 2370 1138 2419; x_wconf 87' lang='lat' dir='ltr'>praememoratae</span> <span class='ocrx_word' id='word_1_296' title='bbox 1160 2370 1203 2406; x_wconf 91' lang='lat' dir='ltr'>et</span> <span class='ocrx_word' id='word_1_297' title='bbox 1223 2365 1378 2406; x_wconf 69' lang='lat' dir='ltr'>xitrioli</span> <span class='ocrx_word' id='word_1_298' title='bbox 1399 2366 1572 2420; x_wconf 84' lang='lat' dir='ltr'>spiritus</span> 
     </span>
     <span class='ocr_line' id='line_1_39' title="bbox 107 2432 461 2486; baseline 0.003 -14"><span class='ocrx_word' id='word_1_299' title='bbox 107 2432 247 2473; x_wconf 90' lang='lat' dir='ltr'>omitti</span> <span class='ocrx_word' id='word_1_300' title='bbox 268 2438 461 2486; x_wconf 92' lang='lat' dir='ltr'>possunt.</span> 
     </span>
    </p>

    <p class='ocr_par' dir='ltr' id='par_1_25' title="bbox 103 2500 1776 2897">
     <span class='ocr_line' id='line_1_40' title="bbox 171 2500 1573 2556; baseline 0.002 -16"><span class='ocrx_word' id='word_1_301' title='bbox 171 2500 279 2554; x_wconf 88' lang='lat'>[31.]</span> <span class='ocrx_word' id='word_1_302' title='bbox 319 2501 507 2554; x_wconf 90' lang='lat' dir='ltr'>Longior</span> <span class='ocrx_word' id='word_1_303' title='bbox 533 2501 578 2541; x_wconf 90' lang='lat' dir='ltr'>in</span> <span class='ocrx_word' id='word_1_304' title='bbox 609 2501 675 2542; x_wconf 90' lang='lat' dir='ltr'>his</span> <span class='ocrx_word' id='word_1_305' title='bbox 706 2501 781 2553; x_wconf 88' lang='lat' dir='ltr'>fui,</span> <span class='ocrx_word' id='word_1_306' title='bbox 809 2502 908 2556; x_wconf 87' lang='lat' dir='ltr'>quia</span> <span class='ocrx_word' id='word_1_307' title='bbox 938 2507 1002 2543; x_wconf 90' lang='lat' dir='ltr'>sat</span> <span class='ocrx_word' id='word_1_308' title='bbox 1034 2502 1118 2544; x_wconf 90' lang='lat' dir='ltr'>scio</span> <span class='ocrx_word' id='word_1_309' title='bbox 1150 2501 1380 2543; x_wconf 86' lang='lat' dir='ltr'>curationis</span> <span class='ocrx_word' id='word_1_310' title='bbox 1411 2502 1573 2543; x_wconf 82' lang='lat' dir='ltr'>exitum</span> 
     </span>
     <span class='ocr_line' id='line_1_41' title="bbox 106 2568 1571 2624; baseline 0.001 -15"><span class='ocrx_word' id='word_1_311' title='bbox 106 2568 192 2610; x_wconf 81' lang='lat' dir='ltr'>sive</span> <span class='ocrx_word' id='word_1_312' title='bbox 213 2568 386 2618; x_wconf 89' lang='lat' dir='ltr'>laetum,</span> <span class='ocrx_word' id='word_1_313' title='bbox 409 2569 494 2608; x_wconf 87' lang='lat' dir='ltr'>sive</span> <span class='ocrx_word' id='word_1_314' title='bbox 521 2569 754 2620; x_wconf 85' lang='lat' dir='ltr'>funestum,</span> <span class='ocrx_word' id='word_1_315' title='bbox 777 2570 829 2611; x_wconf 90' lang='lat' dir='ltr'>ab</span> <span class='ocrx_word' id='word_1_316' title='bbox 859 2584 908 2611; x_wconf 87' lang='lat' dir='ltr'>ea</span> <span class='ocrx_word' id='word_1_317' title='bbox 934 2570 1204 2624; x_wconf 90' lang='lat' dir='ltr'>potissimum</span> <span class='ocrx_word' id='word_1_318' title='bbox 1230 2570 1281 2623; x_wconf 91' lang='lat' dir='ltr'>(si</span> <span class='ocrx_word' id='word_1_319' title='bbox 1301 2583 1390 2611; x_wconf 90' lang='lat' dir='ltr'>non</span> <span class='ocrx_word' id='word_1_320' title='bbox 1409 2570 1454 2610; x_wconf 89' lang='lat' dir='ltr'>in</span> <span class='ocrx_word' id='word_1_321' title='bbox 1476 2570 1571 2611; x_wconf 89' lang='lat' dir='ltr'>soli-</span> 
     </span>
     <span class='ocr_line' id='line_1_42' title="bbox 106 2636 1570 2692; baseline 0 -14"><span class='ocrx_word' id='word_1_322' title='bbox 106 2637 238 2690; x_wconf 86' lang='lat' dir='ltr'>dum,)</span> <span class='ocrx_word' id='word_1_323' title='bbox 263 2636 427 2677; x_wconf 87' lang='lat' dir='ltr'>ratione</span> <span class='ocrx_word' id='word_1_324' title='bbox 458 2637 654 2690; x_wconf 89' lang='lat' dir='ltr'>pendere,</span> <span class='ocrx_word' id='word_1_325' title='bbox 679 2652 762 2692; x_wconf 90' lang='lat' dir='ltr'>qua</span> <span class='ocrx_word' id='word_1_326' title='bbox 790 2652 916 2692; x_wconf 88' lang='lat' dir='ltr'>aeger</span> <span class='ocrx_word' id='word_1_327' title='bbox 942 2638 1090 2692; x_wconf 91' lang='lat' dir='ltr'>primis</span> <span class='ocrx_word' id='word_1_328' title='bbox 1117 2638 1255 2679; x_wconf 90' lang='lat' dir='ltr'>morbi</span> <span class='ocrx_word' id='word_1_329' title='bbox 1283 2637 1431 2679; x_wconf 87' lang='lat' dir='ltr'>diebus</span> <span class='ocrx_word' id='word_1_330' title='bbox 1460 2643 1570 2679; x_wconf 90' lang='lat' dir='ltr'>trac-</span> 
     </span>
     <span class='ocr_line' id='line_1_43' title="bbox 103 2705 1770 2760; baseline 0.001 -15"><span class='ocrx_word' id='word_1_331' title='bbox 103 2709 234 2745; x_wconf 85' lang='lat' dir='ltr'>tatur.</span> <span class='ocrx_word' id='word_1_332' title='bbox 297 2705 324 2745; x_wconf 88' lang='lat' dir='ltr'><strong>J</strong></span> <span class='ocrx_word' id='word_1_333' title='bbox 327 2719 395 2744; x_wconf 90' lang='lat' dir='ltr'>am</span> <span class='ocrx_word' id='word_1_334' title='bbox 428 2719 525 2745; x_wconf 80' lang='lat' dir='ltr'>vero</span> <span class='ocrx_word' id='word_1_335' title='bbox 560 2705 677 2746; x_wconf 90' lang='lat' dir='ltr'>omni</span> <span class='ocrx_word' id='word_1_336' title='bbox 711 2706 982 2760; x_wconf 80' lang='lat' dir='ltr'>pustularum</span> <span class='ocrx_word' id='word_1_337' title='bbox 1015 2705 1104 2746; x_wconf 90' lang='lat' dir='ltr'>acie</span> <span class='ocrx_word' id='word_1_338' title='bbox 1143 2706 1262 2759; x_wconf 90' lang='lat' dir='ltr'>quasi</span> <span class='ocrx_word' id='word_1_339' title='bbox 1293 2705 1341 2746; x_wconf 91' lang='lat' dir='ltr'>in</span> <span class='ocrx_word' id='word_1_340' title='bbox 1372 2719 1569 2760; x_wconf 90' lang='lat' dir='ltr'>campum</span> <span class='ocrx_word' id='word_1_341' title='bbox 1588 2709 1652 2759; x_wconf 43' lang='lat' dir='ltr'>Die·</span> <span class='ocrx_word' id='word_1_342' title='bbox 1666 2709 1770 2740; x_wconf 85' lang='lat' dir='ltr'>abin-</span> 
     </span>
     <span class='ocr_line' id='line_1_44' title="bbox 107 2763 1776 2836; baseline 0 -21"><span class='ocrx_word' id='word_1_343' title='bbox 107 2774 270 2823; x_wconf 89' lang='lat' dir='ltr'>educta,</span> <span class='ocrx_word' id='word_1_344' title='bbox 297 2773 423 2827; x_wconf 92' lang='lat' dir='ltr'>(quod</span> <span class='ocrx_word' id='word_1_345' title='bbox 451 2773 517 2814; x_wconf 87' lang='lat' dir='ltr'>die</span> <span class='ocrx_word' id='word_1_346' title='bbox 545 2772 596 2814; x_wconf 88' lang='lat' dir='ltr'>ab</span> <span class='ocrx_word' id='word_1_347' title='bbox 618 2774 834 2815; x_wconf 78' lang='lat' dir='ltr'>invasione</span> <span class='ocrx_word' id='word_1_348' title='bbox 863 2779 994 2825; x_wconf 79' lang='lat' dir='ltr'>sexto,</span> <span class='ocrx_word' id='word_1_349' title='bbox 1017 2779 1168 2828; x_wconf 90' lang='lat' dir='ltr'>quarto</span> <span class='ocrx_word' id='word_1_350' title='bbox 1196 2780 1338 2815; x_wconf 84' lang='lat' dir='ltr'>autem</span> <span class='ocrx_word' id='word_1_351' title='bbox 1365 2774 1568 2816; x_wconf 79' lang='lat' dir='ltr'>inclusive</span> <span class='ocrx_word' id='word_1_352' title='bbox 1586 2763 1776 2836; x_wconf 52' lang='grc' dir='ltr'>ζέζζὲἓξὲα</span> 
     </span>
     <span class='ocr_line' id='line_1_45' title="bbox 107 2838 1770 2897; baseline 0.001 -15"><span class='ocrx_word' id='word_1_353' title='bbox 107 2841 159 2882; x_wconf 87' lang='lat' dir='ltr'>ab</span> <span class='ocrx_word' id='word_1_354' title='bbox 180 2841 402 2895; x_wconf 89' lang='lat' dir='ltr'>eruptione</span> <span class='ocrx_word' id='word_1_355' title='bbox 423 2842 572 2895; x_wconf 87' lang='lat' dir='ltr'>prima,</span> <span class='ocrx_word' id='word_1_356' title='bbox 587 2842 676 2883; x_wconf 87' lang='lat' dir='ltr'>fieri</span> <span class='ocrx_word' id='word_1_357' title='bbox 694 2842 783 2896; x_wconf 88' lang='lat' dir='ltr'>jam</span> <span class='ocrx_word' id='word_1_358' title='bbox 813 2842 856 2897; x_wconf 61' lang='grc' dir='ltr'>[ᾧ</span> <span class='ocrx_word' id='word_1_359' title='bbox 872 2842 932 2896; x_wconf 89' lang='lat'>8.]</span> <span class='ocrx_word' id='word_1_360' title='bbox 955 2842 1291 2894; x_wconf 79' lang='lat' dir='ltr'>diximus‚)haud</span> <span class='ocrx_word' id='word_1_361' title='bbox 1303 2842 1482 2896; x_wconf 89' lang='lat' dir='ltr'>amplius</span> <span class='ocrx_word' id='word_1_362' title='bbox 1502 2843 1568 2883; x_wconf 92' lang='lat' dir='ltr'>in-</span> <span class='ocrx_word' id='word_1_363' title='bbox 1585 2838 1669 2869; x_wconf 85' lang='lat' dir='ltr'>lecto</span> <span class='ocrx_word' id='word_1_364' title='bbox 1685 2839 1770 2869; x_wconf 78' lang='lat' dir='ltr'>addi-</span> 
     </span>
    </p>
   </div>
   <div class='ocr_carea' id='block_1_22' title="bbox 192 2886 1684 2966">
    <p class='ocr_par' dir='ltr' id='par_1_26' title="bbox 192 2886 1684 2966">
     <span class='ocr_line' id='line_1_46' title="bbox 192 2886 1684 2966; baseline -0.026 -20"><span class='ocrx_word' id='word_1_365' title='bbox 192 2931 203 2946; x_wconf 71' lang='grc' dir='ltr'><strong><em>π</em></strong></span> <span class='ocrx_word' id='word_1_366' title='bbox 227 2927 276 2958; x_wconf 88' lang='lat' dir='ltr'>Cf.</span> <span class='ocrx_word' id='word_1_367' title='bbox 294 2928 418 2958; x_wconf 71' lang='lat' dir='ltr'>soi-nnn.</span> <span class='ocrx_word' id='word_1_368' title='bbox 441 2929 466 2962; x_wconf 83' lang='grc'>1,</span> <span class='ocrx_word' id='word_1_369' title='bbox 489 2928 557 2957; x_wconf 85' lang='grc'>119.</span> <span class='ocrx_word' id='word_1_370' title='bbox 1044 2931 1054 2945; x_wconf 80' lang='lat'>⁸</span> <span class='ocrx_word' id='word_1_371' title='bbox 1081 2926 1252 2966; x_wconf 63' lang='lat' dir='ltr'>tenellulos]</span> <span class='ocrx_word' id='word_1_372' title='bbox 1271 2937 1332 2957; x_wconf 81' lang='lat' dir='ltr'>0m,</span> <span class='ocrx_word' id='word_1_373' title='bbox 1352 2927 1399 2957; x_wconf 50' lang='lat' dir='ltr'>ed·</span> <span class='ocrx_word' id='word_1_374' title='bbox 1420 2928 1480 2958; x_wconf 36' lang='lat'>‚82⁸</span> <span class='ocrx_word' id='word_1_375' title='bbox 1587 2886 1684 2912; x_wconf 77' lang='lat' dir='ltr'>cetur,</span> 
     </span>
    </p>
   </div>
   <div class='ocr_carea' id='block_1_23' title="bbox 730 2973 751 2985">
    <p class='ocr_par' dir='ltr' id='par_1_27' title="bbox 730 2973 751 2985">
     <span class='ocr_line' id='line_1_47' title="bbox 730 2973 751 2985; baseline 0 0"><span class='ocrx_word' id='word_1_376' title='bbox 730 2973 751 2985; x_wconf 49' lang='lat' dir='ltr'>Q</span> 
     </span>
    </p>
   </div>
  </div>
 </body>
</html>
