1985 3308
277 151 353 193 OB
360 148 802 192 SERVATIONUM
834 148 1211 191 MEDICARUM
1244 155 1274 189 Ι.
1292 158 1323 188 5.
1476 152 1529 191 85

77 258 249 311 sanguis
275 261 422 298 tamen
443 255 546 310 ejus,
568 255 613 296 in
639 255 833 296 morbido
853 255 933 296 hoc
959 259 1082 296 motu
1102 255 1232 296 semel
1257 256 1530 308 constitutus,
1573 266 1710 298 quzss

76 325 398 378 depurationem
431 337 552 364 suam
591 328 641 364 ut
676 327 851 376 peragat
882 336 1054 363 neeesse
1090 327 1178 373 est,·
1217 323 1330 376 quod
1362 324 1530 376 quidem
1550 309 1734 383 ,ffssffifflm

74 391 268 433 beneficii
312 391 469 432 frustra
508 390 800 444 expectabitur
848 390 900 430 ab
940 391 1146 431 inusitato
1186 404 1378 444 novoque
1419 396 1530 441 aere,
1557 395 1732 439 &EQ--

73 460 331 514 priusquam,
348 458 602 512 procedente
619 462 746 512 atque
762 458 908 498 adulto
925 458 1015 511 jam
1037 458 1255 511 sanguinis
1271 463 1404 509 motu,
1421 459 1531 499 sani-

73 527 174 569 tatis
212 526 525 580 recuperandae
566 540 697 579 capax
735 525 876 566 fuerit.
939 525 1128 578 Insignis
1169 539 1269 579 ergo
1309 526 1383 566 illa
1422 527 1532 568 a'eris

73 594 254 637 mutatio
295 598 389 635 tum
423 594 596 634 demum
631 593 828 634 adeunda
861 597 937 643 est,
975 607 1071 634 cum
1112 594 1301 647 primum
1343 608 1468 647 aeger
1508 608 1534 635 a

72 675 322 716 paroxysmo
366 661 538 702 liberari
587 664 752 714 potest:
803 660 983 714 exempli
1027 674 1165 711 causa,
1215 660 1262 701 in
1309 660 1532 702 Quartana

75 743 181 784 quae
212 730 396 783 primum
423 729 469 770 in
497 734 704 770 autumno
734 729 901 779 invasit,
923 743 1011 769 non
1042 729 1167 769 citius
1198 733 1272 770 aer
1298 730 1533 770 mutandus

24 805 29 809 ’
74 801 139 838 est
170 811 295 850 quam
329 797 439 838 circa
471 797 691 837 Februarii
725 797 912 837 initium.
981 796 1089 850 [39]
1128 797 1310 837 Interim
1342 797 1377 837 si
1408 811 1533 851 aeger
1553 809 1674 840 Saltem

74 868 243 906 mutare
273 865 414 905 locum
441 864 507 904 vel
535 864 644 904 nolit
665 864 730 905 vel
763 863 982 905 commode
1015 869 1212 917 nequeat,
1241 865 1452 918 oportebit
1482 869 1531 906 ut
1551 858 1726 892 ⁰¹³⁰T¹⁹tu²

1549 896 1689 926 medica-

74 931 154 972 hoc
174 932 305 985 ipsius
326 932 527 985 temporis
549 931 727 972 articulo
747 931 848 972 forti
877 932 1017 985 aliquo
1039 932 1350 973 medicamento
1370 937 1530 983 utatur,
1549 943 1733 988 11101110οῆ1-

75 1000 195 1053 cujus
224 1013 296 1040 eae
328 1000 414 1040 sint
441 1000 562 1050 vires,
585 1004 634 1040 ut
664 1014 751 1040 uno
774 1000 891 1053 quasi
922 999 1012 1040 ictu
1039 1000 1383 1053 languescentem
1413 981 1735 1064 11111111ἓζῖοῇιῗέἳ,

74 1067 396 1120 depurationem
427 1072 626 1121 potenter
655 1071 898 1121 promoveat
931 1072 973 1108 et
1010 1067 1060 1120 (si
1095 1068 1186 1108 fieri
1217 1069 1401 1121 poterit,)
1438 1083 1530 1123 per·
1547 1066 1736 1139 ἱῑῗᾶἶΐῐῖξυκ)

73 1134 201 1175 ficiat.
261 1135 331 1175 Ad
351 1134 462 1175 hanc
482 1148 572 1174 rem
595 1135 858 1175 consulerem
876 1149 955 1187 ego
975 1139 1024 1175 ut
1053 1135 1269 1176 electuarii
1286 1136 1337 1177 de
1359 1150 1448 1187 ovo,
1465 1138 1531 1178 vel
1681 1133 1688 1141 ’

72 1202 284 1243 theriacae
324 1202 615 1243 Andromaehi
656 1202 1027 1256 sesquidrachmaf
1063 1203 1109 1242 in
1149 1217 1283 1256 aquae
1323 1205 1529 1257 coelestis,

71 1269 138 1311 vel
173 1283 306 1323 aquae
346 1270 457 1310 vitae
498 1270 735 1310 communis
775 1270 912 1310 unciis
955 1270 1119 1310 duabus
1167 1270 1372 1312 dissoluta
1414 1273 1530 1313 exhi-

70 1337 234 1388 beatur,
264 1337 456 1378 duabus&
484 1337 643 1378 scilicet
669 1337 782 1378 horis
809 1342 908 1378 ante
936 1351 1260 1392 paroxysmum:
1288 1339 1332 1379 id
1364 1340 1476 1392 quod
1507 1355 1532 1382 a

70 1419 139 1446 me
169 1419 267 1447 eum
296 1419 492 1446 successu
529 1419 616 1446 non
647 1405 807 1446 infelici
838 1405 884 1445 in
914 1405 1161 1446 morborum
1186 1407 1431 1460 hujusmodi
1459 1408 1530 1449 de-

70 1473 297 1515 clinatione
336 1473 496 1514 factum
539 1477 626 1523 est,
665 1473 763 1514 licet
805 1487 1033 1527 agnoscam
1063 1474 1263 1515 calidiora
1294 1475 1399 1516 haee
1436 1476 1529 1517 citi·
1549 1487 1709 1536 calidiora

69 1555 119 1582 us
146 1541 334 1582 exhibita
359 1542 424 1582 vel
451 1541 649 1582 morbum
678 1541 891 1595 duplicare
912 1542 977 1582 vel
1000 1542 1045 1582 in
1073 1542 1243 1582 Febrim
1268 1543 1529 1585 Continuam
1545 1531 1722 1610 ,⁰1¹5tbil‘ssg'effgl

68 1614 321 1663 permutare,
344 1610 457 1663 quod
478 1624 502 1649 a
531 1608 726 1650 Galenob
756 1609 848 1663 [Ad
870 1611 1012 1650 Glaue.
1037 1610 1086 1650 de
1115 1611 1248 1651 Meua.
1270 1611 1385 1652 Med.
1408 1611 1435 1652 i.
1460 1614 1527 1653 12.
1546 1617 1695 1665 morbum

67 1682 100 1718 t.
122 1677 177 1719 xi.
198 1692 239 1731 p.
261 1678 351 1732 40]
375 1677 631 1731 jamdudum
653 1677 923 1718 observatum
952 1683 1028 1718 est.
1083 1678 1206 1719 Idem
1233 1679 1279 1719 in
1299 1680 1528 1733 juvenibus
1545 1658 1723 1732 ξίἒῙῙἜῗῖἷξ.

55 1734 148 1787 *hoc
174 1746 323 1787 morbo
352 1746 536 1787 detentis
564 1746 655 1786 fieri
681 1751 835 1800 potest,
858 1747 1024 1787 cautela
1055 1747 1269 1798 adhibita3
1305 1753 1355 1788 ut
1384 1753 1527 1790 autem
1545 1743 1726 1817 fflgflssfim·

68 1813 114 1855 in
143 1814 296 1868 puerili
321 1819 458 1855 aetate
477 1814 592 1855 idem
612 1815 700 1865 fiat,
722 1829 810 1855 non
836 1819 1008 1855 tantum
1033 1829 1122 1855 non
1150 1816 1359 1867 convenit,
1382 1831 1528 1858 verum
1545 1839 1675 1868 permu-

68 1881 197 1923 etiam
217 1882 404 1936 periculo
424 1896 512 1922 non
532 1896 679 1923 vacare
701 1882 885 1923 dudumi
907 1881 1157 1924 observ-avij.

82 1979 88 1984 ”
111 1981 123 2000 ¹
141 1982 402 2022 sesquidraehma]
436 1985 579 2013 drachma
602 1994 661 2014 una
684 1986 771 2014 semis

69 2024 139 2054 edd.
154 2026 217 2060 ’66,
231 2026 293 2055 ’68.

112 2071 127 2092 g
142 2066 398 2106 duab.—-paro.r.]
409 2077 470 2097 0111.
482 2067 549 2097 edd.
563 2068 625 2103 ‘66‚
636 2068 697 2102 ⁹68,
707 2068 769 2099 ’76.

113 2107 128 2127 ¹¹
154 2121 172 2139 α
191 2108 276 2148 6(ιΙ.]
292 2112 330 2139 ab
346 2112 416 2139 aliis
433 2110 502 2139 edd.
516 2110 577 2145 ¹66,
596 2111 658 2146 ’o'S,
677 2111 737 2142 76.

113 2149 121 2169 ἰ
147 2152 277 2191 dudum]
292 2154 408 2190 pridem
424 2152 492 2181 cdd.
509 2152 571 2187 '66,
591 2152 651 2181 ³68.

109 2191 119 2216 J
144 2195 206 2224 Hic
223 2194 293 2224 add.
309 2195 378 2224 edd.
393 2196 455 2229 ¹66,
469 2196 519 2224 '68
535 2205 614 2234 quae
628 2205 767 2234 sequun-

68 2240 121 2267 tur
132 2239 359 2267 :—Notandum
376 2243 419 2267 est
435 2240 463 2267 in
481 2239 582 2267 horum
606 2240 770 2267 morborum

64 2282 216 2319 principio
253 2280 438 2317 (Tertitaenae
476 2291 542 2309 rero
576 2281 769 2318 praeeipue,)

67 2332 274 2362 nonnunquam
297 2325 478 2361 contingere,
497 2327 529 2352 ut
549 2323 770 2360 elliu-vescentia

68 2366 99 2399 in
107 2364 280 2404 juvenibus,
293 2377 328 2395 ac
340 2366 469 2395 robustis
494 2376 618 2404 eousque
633 2367 768 2403 (atauge-

69 2412 149 2444 atur,
165 2412 198 2437 ut
214 2410 318 2438 merito
334 2409 428 2437 tutius
444 2410 594 2438 eris-times
616 2410 769 2447 ingruenti

69 2452 238 2488 tempestati
268 2461 431 2487 occurrere,
463 2461 549 2489 quam
582 2461 641 2479 rem
676 2455 767 2480 totam

68 2492 208 2522 Naturae
224 2495 413 2522 committere.
448 2494 514 2522 Hoc
530 2498 627 2522 autem
645 2503 767 2522 commo-

67 2535 188 2564 dissime
203 2536 258 2573 fiet
279 2537 400 2565 emetieo
423 2538 454 2565 in
479 2537 527 2565 {lie
549 2537 649 2574 aliquo
671 2538 764 2565 inter-

68 2579 216 2607 missionis
237 2580 399 2616 propinato
410 2590 420 2607 :
459 2578 535 2607 illud
563 2581 640 2607 enim
674 2580 767 2607 medi-

67 2625 264 2650 camentorum
275 2631 371 2660 genus
379 2621 529 2659 plerisque
541 2622 766 2650 autumnalibus

67 2663 176 2692 morbis
190 2665 324 2701 apprime
347 2665 490 2698 eom-enit,
507 2668 536 2692 et
558 2666 764 2702 symptomata*-

68 2704 121 2734 bus
143 2706 204 2734 illis
212 2710 382 2743 praecavet,
396 2707 502 2744 quibus
514 2707 601 2735 iidem
619 2708 648 2735 in
665 2708 766 2745 rigore

67 2751 135 2776 sunt
151 2749 277 2777 obnoxii.
336 2748 444 2777 Verum
459 2750 511 2778 hoc
519 2746 617 2786 facto,
634 2759 682 2777 res
703 2755 765 2778 totu

68 2788 208 2819 Naturae
216 2792 418 2828 permittenda
430 2795 482 2820 est.
507 2791 613 2829 Neque
624 2801 690 2820 vero
699 2802 763 2820 ere-

67 2831 204 2868 diderim,
228 2834 375 2872 ingentem
407 2834 489 2862 illum
520 2838 610 2872 atque
635 2838 763 2863 atrocem

67 2873 156 2913 hujus
169 2875 405 2913 effervescentia?
421 2877 572 2909 insultum,
590 2877 640 2914 qui
653 2878 765 2914 primos

62 2924 255 2956 paroxysmos
267 2919 475 2948 Tertianarum
483 2920 658 2957 praecipue,
672 2921 760 2948 eomi-

827 1986 888 2014 tari
904 1995 1115 2023 saepenumero
1131 1987 1213 2022 solet,
1231 1991 1291 2016 tam
1308 1987 1440 2026 alicujus
1464 1999 1527 2017 ma-

827 2028 981 2066 lignitatis
993 2028 1127 2065 effectum
1139 2039 1210 2063 esse,
1224 2040 1312 2067 quam
1329 2031 1422 2067 ipsius
1436 2032 1530 2060 morbi

825 2071 869 2098 vis
884 2077 973 2107 atque
989 2071 1121 2099 roboris.-
1146 2073 1270 2108 quilibet
1287 2074 1364 2101 enim
1376 2083 1527 2111 paroxys-

826 2122 899 2147 muS,
919 2113 1083 2141 Continuae
1099 2113 1206 2141 Febris
1223 2115 1319 2143 instar
1339 2120 1383 2143 est
1399 2119 1428 2143 et
1449 2125 1526 2144 eom-

820 2155 975 2191 pendium,·
984 2155 1113 2193 adeoque
1121 2154 1229 2193 majori
1236 2158 1396 2185 atrocitate
1403 2167 1528 2195 aegrum

824 2198 1006 2234 aggreditur
1028 2207 1114 2234 quam
1134 2198 1280 2227 Contiuua
1303 2200 1419 2235 Febris,
1437 2201 1528 2229 donec

820 2249 1065 2277 paroxysnmrum
1095 2240 1209 2277 aliquot
1235 2251 1406 2279 progressu,
1433 2244 1528 2271 morbi

825 2283 901 2310 vires
911 2283 1102 2320 uliquousque
1114 2284 1322 2312 retuntlantur.
1353 2284 1459 2312 Verum
1473 2284 1528 2320 (ut

827 2328 858 2352 ut
876 2325 908 2352 id
922 2324 994 2361 sia)
1009 2326 1182 2362 quandoque
1199 2327 1310 2354 aecidil
1328 2331 1359 2355 ut
1370 2337 1446 2364 prae
1463 2329 1524 2356 vio-

823 2367 916 2395 lentia
943 2366 1032 2405 hujus
1061 2368 1301 2404 ‹fflrvescentiae
1331 2373 1420 2406 atque
1446 2374 1525 2399 motu

822 2409 921 2446 effi-ro,
934 2409 1094 2439 Tertiauue
1103 2411 1300 2439 Autumnules
1309 2410 1525 2449 (injuvenibus

817 2453 991 2490 praecipue,
998 2451 1013 2488 )
1031 2453 1225 2490 depuratione
1239 2464 1293 2482 sua
1310 2459 1378 2482 ante
1389 2455 1523 2484 destina-

822 2498 883 2522 tum
914 2499 1027 2532 tempus
1056 2493 1269 2533 defungantur,
1301 2497 1430 2535 adeoque
1457 2502 1526 2534 post

817 2547 1011 2575 paroa‘gssmos
1026 2547 1081 2566 uon
1100 2539 1204 2567 multos
1217 2543 1414 2571 emnem-unt,-
1437 2549 1523 2577 opere

821 2589 922 2616 nempe
935 2580 1074 2609 Naturae
1087 2582 1298 2618 praecipitato.
1348 2582 1524 2612 Qnartauae

821 2626 918 2650 autem
948 2632 1002 2650 non
1033 2627 1092 2651 tam
1120 2625 1178 2651 cito
1199 2625 1274 2661 pede
1297 2634 1415 2653 cursum
1438 2635 1523 2654 suum

815 2669 978 2702 peragunt,
1004 2667 1063 2693 nisi
1077 2662 1161 2702 sorte
1191 2676 1282 2703 aeger
1303 2667 1401 2695 eodem
1426 2669 1524 2697 morbo

1546 1876 1625 1902 tant.

812 2705 881 2744 jam
909 2711 997 2736 antea
1022 2705 1180 2745 defunctus
1192 2706 1316 2745 suerit,-
1341 2720 1465 2747 namque
1492 2711 1523 2739 iu
1559 2723 1562 2726 *

820 2750 872 2777 hoe
882 2760 962 2783 casu,
977 2751 1045 2778 lieet
1059 2752 1247 2789 pararysmis
1262 2751 1376 2790 aliquot
1392 2754 1524 2782 e.rereeri

816 2793 921 2829 possit,
940 2792 1079 2821 illedieus
1095 2797 1191 2821 tamen
1207 2795 1290 2822 illius
1313 2796 1357 2823 rei
1379 2796 1521 2829 conseius,

812 2835 943 2871 fidenter
960 2836 1087 2863 morbum
1106 2837 1189 2864 illam
1213 2837 1311 2865 subito
1333 2839 1521 2866 evauiturum

815 2878 992 2913 praedic-ere
1014 2880 1147 2916 poterit,·
1172 2880 1250 2917 quod
1273 2880 1427 2910 observatu
1453 2881 1522 2918 dig-

820 2929 886 2947 num
903 2924 956 2950 est.
