1985 3308
458 123 782 166 SCHEDULA
812 122 1167 165 MONITORIA
1197 123 1234 164 Ι.
1486 125 1572 165 499

115 231 288 272 dianam
320 230 585 285 aliquatenus
611 230 828 271 imitatur:
878 229 954 270 ubi
986 241 1084 270 vero
1109 228 1318 270 tertianae
1346 229 1570 282 genuinae,
1590 238 1775 270 DnNovAz

114 299 181 340 vel
208 300 382 340 alternis
414 298 563 340 diebus
589 298 841 348 invadentis,
862 302 990 352 typus
1020 297 1242 350 reperitur,
1265 300 1408 337 cortex
1439 296 1569 337 Peru-
1592 282 1640 353 11?
1637 291 1767 353 3132„

113 367 263 407 vianus
298 366 472 420 perinde
506 366 633 406 hodie
669 370 796 418 atque
831 365 932 406 olim
963 364 1098 418 aegris
1133 364 1381 417 opitulatur.
1442 363 1570 405 Unde

113 434 274 487 liquido
305 438 484 484 constat,
513 434 624 474 hanc
655 433 834 473 Febrem
864 432 915 473 ab
945 432 1038 472 istis
1060 431 1391 472 Constitutionis
1422 431 1570 484 prioris

113 505 206 542 toto
237 501 352 541 coelo
383 500 539 541 distare
553 518 565 551 ς
612 514 710 541 cum
739 514 795 541 ne
824 499 958 540 hilum
991 499 1160 553 quidem
1195 499 1360 540 corticis
1389 513 1472 539 usu
1500 499 1570 540 hic

112 569 394 622 proficiamus,
417 582 598 622 cumque
627 569 731 609 haec
759 583 783 608 a
805 568 902 609 vino
930 572 972 608 et
996 567 1195 619 cardiacis
1223 567 1398 620 aliisque
1425 567 1570 608 calidis

113 640 384 689 exasperetur
411 636 544 689 magis
557 653 568 686 ς
621 636 774 688 quibus
807 635 1004 676 omnibus
1035 649 1133 675 cum
1164 635 1330 676 corticis
1356 649 1438 676 usu
1468 635 1569 676 olim

113 702 214 743 satis
235 702 524 752 conveniebat,
548 702 651 755 quin
673 707 714 743 et
735 716 832 743 cum
852 703 942 756 ipsa
963 702 1110 743 Febre.

179 767 288 823 [24]
323 769 454 809 Porro
475 768 713 809 notandum
738 773 814 819 est,
839 769 963 822 quod,
987 774 1204 822 grassante
1224 769 1304 811 hac
1326 770 1472 820 Fcbre,
1495 784 1570 824 per
1588 779 1721 811 Morbus

113 840 319 879 aestatem
343 849 515 877 omnem
540 835 737 888 (maxime
764 836 881 876 illam
904 837 1006 877 anni
1022 838 1112 890 jam
1134 838 1370 891 currentis,)
1396 838 1569 879 morbus
1587 822 1638 852 ¹¹³⁰
1655 824 1774 854 ventris

1587 866 1777 897 torminibus

111 918 311 960 persaepe
337 918 426 945 non
455 908 546 944 tam
572 904 970 957 pathognomonicis
1000 905 1128 945 febris
1157 906 1287 959 signis
1313 906 1464 959 (calore
1493 906 1568 946 sci·
1588 909 1756 948 praecipue

111 973 224 1023 licet,
240 971 549 1025 inquietudine,
568 972 678 1024 etc.‚)
701 986 827 1025 quam
843 972 1000 1012 ventris
1021 973 1287 1023 torminibus,
1304 987 1421 1013 nunc
1437 973 1568 1023 siccis,
1588 951 1751 1024 ἐἓῐξζῗζζῗ

112 1054 229 1081 nunc
269 1038 588 1094 dejectionibus,
627 1053 670 1079 se
706 1039 984 1080 ostendebat:
1037 1054 1134 1080 cum
1173 1041 1450 1081 nihilominus
1491 1040 1569 1081 sub
1589 1038 1652 1072 dit;

112 1109 192 1149 hac
212 1109 326 1149 larva
349 1108 441 1161 ipsa
463 1107 641 1161 hujusce
665 1108 931 1161 tempestatis
952 1108 1098 1149 Febris
1124 1109 1399 1160 delitesceret,
1421 1110 1467 1149 in
1489 1124 1572 1162 qua

113 1176 400 1218 exhalationes
422 1176 641 1228 sanguinis
662 1175 1015 1216 inflammatoriae
1037 1190 1124 1216 non
1144 1190 1220 1230 pro
1241 1191 1358 1217 more
1383 1177 1505 1217 solito
1525 1177 1572 1216 in

112 1248 336 1285 externum
372 1243 556 1296 corporis
591 1243 786 1283 habitum
826 1244 1199 1296 protrudebantur,
1233 1245 1305 1285 sed
1340 1245 1572 1285 introrsum

112 1326 188 1366 per
223 1311 397 1353 arterias
437 1311 735 1351 mesentericas
771 1311 817 1350 in
852 1311 1011 1352 viscera
1040 1312 1250 1353 inferioris
1279 1313 1451 1362 ventris,
1486 1312 1571 1352 sive

112 1380 330 1430 intestina,
354 1384 396 1420 et
423 1393 735 1432 nonnunquam
763 1378 893 1418 etiam
916 1393 991 1432 per
1019 1379 1269 1419 arteriarum
1293 1379 1572 1419 coeliacarum

112 1463 252 1489 ramos
286 1448 332 1488 in
361 1447 646 1488 ventriculum
678 1447 1025 1500 deponebantur,
1063 1461 1169 1500 quae
1201 1447 1372 1500 quidem
1403 1446 1570 1487 exhala-
1591 1458 1665 1487 item
1682 1468 1737 1487 vo-

112 1517 249 1557 tiones
278 1516 642 1557 vomituritionem
678 1514 861 1555 excitare
896 1514 1046 1562 solent,
1077 1515 1301 1568 praecipue
1337 1515 1483 1555 statim
1518 1514 1570 1555 ab
1591 1501 1743 1574 gssiguriti-

112 1584 349 1637 ingestione
389 1583 474 1624 sive
519 1587 645 1637 potus
692 1582 777 1622 sive
826 1582 1082 1622 nutrimenti
1126 1582 1310 1635 cujusvis
1351 1582 1569 1623 solidioris.

114 1652 318 1694 Quamvis
358 1656 503 1692 autem
542 1651 646 1691 haec
681 1650 828 1691 Febris
868 1650 946 1691 sub
988 1650 1199 1690 dictorum
1239 1654 1573 1704 symptomatum

113 1720 250 1774 specie
280 1734 328 1761 ac
357 1720 494 1761 forma
521 1719 753 1769 delitescat,
782 1718 958 1759 omnino
986 1721 1133 1758 tamen
1165 1718 1354 1770 genuina
1382 1717 1456 1758 illa
1484 1731 1571 1758 me-

111 1789 244 1830 thodo
278 1802 405 1842 quam
441 1802 569 1841 supra
599 1787 792 1827 dedimus
829 1785 1114 1839 expugnanda
1143 1789 1219 1835 est,
1253 1784 1428 1838 perinde
1459 1798 1507 1825 ac
1538 1785 1574 1825 si

111 1857 271 1897 usitata
308 1856 437 1909 hujus
473 1854 619 1895 Febris
658 1854 764 1894 facie
799 1857 1074 1906 compareret,
1110 1852 1238 1905 idque
1278 1856 1368 1892 tam
1408 1852 1573 1892 ratione

112 1922 466 1964 venae-sectionis
507 1936 635 1974 quam
674 1920 880 1974 repetitae
915 1920 1178 1960 catharseos:
1229 1920 1312 1960 nisi
1353 1920 1466 1973 quod
1504 1920 1573 1960 hie

114 1988 540 2031 animadvertendum
569 1988 636 2038 sit,
660 1987 785 2041 quod,
808 1987 971 2040 quoties
999 1987 1146 2027 Febris
1177 2001 1226 2027 eo
1253 2001 1388 2040 usque
1415 1987 1572 2027 ventri-

113 2058 257 2100 culum
284 2057 469 2107 infestet,
497 2060 546 2097 ut
580 2069 704 2109 aeger
736 2055 952 2108 potionem
982 2054 1165 2094 retinere
1192 2058 1389 2106 nequeat,
1416 2053 1572 2106 pilulae

113 2127 282 2168 cochiae
303 2126 483 2179 majores
509 2126 631 2178 (quae
656 2123 710 2164 ad
738 2123 955 2176 scrupulos
983 2122 1088 2162 duos
1116 2122 1328 2162 exhibitae
1347 2136 1572 2175 nunquam

112 2209 200 2236 non
221 2209 295 2249 per
310 2195 470 2235 n'scera
490 2193 570 2233 sibi
592 2192 753 2232 exitum
774 2192 956 2244 parant,)
981 2190 1073 2231 loco
1093 2189 1277 2243 potionis
1297 2190 1451 2230 leniter
1470 2203 1570 2242 pur-

113 2263 253 2316 gantis
271 2261 472 2302 substitui
487 2260 663 2314 possint.
725 2260 994 2299 Devorcntm·
1008 2272 1104 2298 vero
1125 2257 1280 2310 pilulae
1300 2257 1405 2297 hora
1421 2261 1572 2310 quarta

112 2331 337 2380 matutina,
354 2330 414 2370 ita
433 2334 482 2369 ut
499 2342 624 2381 aeger
645 2326 968 2380 superdormiat.
1010 2325 1120 2365 Tum
1141 2325 1269 2365 etiam
1290 2325 1570 2378 hypnoticum

114 2399 205 2440 dosi
238 2398 365 2452 paulo
393 2397 575 2451 largiore
607 2399 670 2436 est
699 2394 1017 2435 concedendum
1031 2410 1043 2443 ς
1078 2392 1195 2433 verbi
1226 2393 1373 2445 gratia,
1396 2391 1570 2432 laudaui

114 2466 235 2507 solidi
255 2464 537 2507 Londinensis
563 2463 886 2517 sesquigranum
913 2475 1011 2502 cum
1038 2461 1165 2501 simili
1190 2460 1428 2513 quantitate
1460 2473 1569 2499 mas-

113 2534 248 2576 tiches
268 2534 315 2574 in
337 2534 442 2574 duas
462 2532 614 2586 pilulas
635 2531 806 2571 redacta
827 2529 974 2570 eadem
994 2533 1119 2569 nocte
1137 2528 1473 2581 deglutiantur⁰3
1505 2527 1571 2568 vel

114 2603 243 2643 etiam
276 2600 451 2641 laudaui
475 2599 626 2652 liquidi
659 2603 806 2651 guttae
833 2597 1066 2638 octodecim
1090 2597 1157 2636 vel
1180 2596 1333 2649 viginti
1366 2596 1412 2635 in
1443 2596 1571 2636 uncia

112 2683 202 2710 una
237 2682 370 2722 aquae
410 2666 668 2708 cinnamomi
703 2666 942 2715 hordeatae,
977 2669 1051 2704 aut
1082 2664 1163 2704 alio
1199 2664 1343 2716 quovis
1377 2663 1570 2704 vehiculo

115 2737 380 2791 generosiore
392 2752 403 2786 3
436 2749 519 2788 quo
540 2734 801 2774 ventriculus
821 2733 948 2785 hujus
968 2736 1062 2772 tum
1083 2731 1241 2771 viribus
1263 2730 1569 2781 corroboratus,

113 2809 209 2846 tum
239 2804 394 2845 minori
422 2802 662 2856 quantitate
689 2815 777 2841 non
807 2800 1010 2850 irritatus,
1034 2799 1087 2839 ad
1115 2799 1415 2839 medicamenti
1441 2799 1570 2852 rejec-

159 2893 173 2909 (“
196 2890 320 2918 redacta
337 2911 343 2918 .
362 2910 368 2917 .
386 2912 392 2918 .
410 2884 638 2927 deglutiantur]
658 2885 710 2915 Sic
727 2885 813 2924 Syd.‚
832 2885 886 2914 sed
903 2884 1026 2914 videtur
1042 2888 1146 2913 —lmn
1166 2906 1172 2912 .
1188 2906 1194 2913 .
1212 2907 1218 2913 .
1238 2888 1351 2913 —alur
1366 2882 1548 2922 legendum.
