1985 3308
135 235 322 266 TAmst-

150 287 310 308 scmpno

143 330 186 351 ET
205 322 316 352 CURA.

141 1464 323 1504 Equitatio-

140 1508 190 1537 nis
203 1507 324 1537 emolu-

140 1556 256 1581 menta.

143 1936 203 1969 2da
219 1939 315 1968 Tabis

141 1982 261 2021 species
275 1992 292 2011 a

143 2030 221 2054 tuss1
239 2030 329 2054 mmo

143 2067 271 2096 aestatis

144 2115 307 2150 prognata.

150 2617 319 2647 (lcusslo.

336 117 422 158 610
756 117 932 159 ΤΗΟΜ
939 117 1014 157 ΑΕ
1048 114 1388 156 SYDENHAM

339 224 526 265 sacchari
538 224 769 278 particulae
785 224 935 279 majori
947 223 1174 263 instillatas
1190 222 1515 275 permixtasque,
1529 220 1636 260 nihil
1654 234 1798 274 super-

338 291 548 341 bibend03
579 292 644 332 vel
664 292 840 345 pilulam
862 306 884 332 e
904 290 1197 332 terebinthina
1224 304 1275 331 ex
1300 290 1441 330 insula
1462 289 1568 330 Chio
1589 303 1688 330 cum
1710 303 1798 330 sac-

340 359 468 400 charo
489 358 625 400 cando
646 359 895 400 confectam.
942 358 1277 412 opobalsamum
1297 371 1385 398 non
1407 357 1713 398 assumendum
1735 362 1800 398 est

339 426 424 466 nisi
450 427 706 480 praegressis
739 425 1084 467 evacuationibus
1113 425 1279 466 debitis.
1342 425 1485 479 Hujus
1505 425 1597 465 loco
1618 425 1800 465 electua-

339 495 452 535 rium
484 509 506 535 e
536 495 728 535 balsamo
757 493 977 544 Locatelli‚
1001 493 1291 547 glycyrrhizae
1320 493 1504 546 pulvere,
1528 492 1689 532 semine
1710 491 1800 532 ani-

340 563 388 613 si,
411 568 453 603 et
474 561 768 602 terebinthina
789 561 1095 601 concinnatum
1121 561 1278 614 poterit
1301 559 1517 600 substitui.
1582 559 1685 600 Post
1706 572 1801 600 eva-

340 630 572 679 ouationes,
591 629 737 670 sedulo
754 628 997 670 conandum
1012 633 1076 669 est
1092 634 1141 669 ut
1164 628 1291 669 tussis
1308 628 1491 678 sedetur,
1505 640 1560 668 ne
1577 627 1801 681 pulmones

336 698 431 751 jugi
460 697 694 750 agitatione
718 697 972 737 infirmiores
994 696 1188 737 evadant.
1251 697 1352 737 Huc
1381 696 1481 736 facit
1502 709 1603 749 prae
1623 695 1801 736 caeteris

343 779 525 819 syrupus
542 765 634 819 jam
654 765 869 815 laudatus,
893 764 965 818 qui
984 765 1065 805 hae
1085 764 1269 805 formula
1288 764 1421 818 possit
1441 763 1636 817 usurpari
1651 779 1720 804 :—

341 855 474 899 [Form.
495 854 593 895 265]
646 852 686 896 R
714 854 861 888 Decocti
882 853 1069 887 Pectoralis
1085 853 1211 887 libram
1229 864 1349 894 unam,

718 911 845 956 Syl-upi
863 910 905 944 de
923 910 1103 951 Met-onio,

717 968 843 1013 Sympi
861 968 1078 1013 Capillorum
1096 967 1254 1008 Veneris,
1271 979 1341 1002 ana
1357 968 1480 1002 uncias
1497 967 1583 1002 duas
1597 981 1606 1008 3

529 1026 657 1070 Capiat
674 1026 868 1059 cochlearia
887 1026 1042 1070 quinque
1059 1031 1109 1058 ter
1128 1026 1165 1058 in
1183 1025 1248 1059 die.

349 1108 428 1162 [5.]
485 1107 856 1148 Medicamentum
899 1107 979 1148 hoc
1022 1107 1084 1147 ita
1130 1106 1376 1160 frequenter
1419 1106 1623 1147 haustum
1669 1111 1804 1148 catar-

340 1179 466 1218 rhum
507 1178 553 1218 in
593 1178 817 1231 pulmones
854 1177 1126 1230 depluentem
1163 1177 1370 1230 paulatim
1406 1176 1538 1227 sistet,
1570 1189 1724 1230 eosque
1758 1177 1806 1217 in

341 1246 566 1299 pristinam
602 1243 762 1297 εὐεξίαν
795 1245 983 1295 reducet,
1015 1244 1097 1284 nisi
1128 1244 1383 1298 jampridem
1415 1258 1439 1284 a
1470 1244 1656 1285 naturali
1691 1249 1807 1285 statu

341 1314 523 1354 nimium
544 1313 809 1354 recesserint.
852 1312 1123 1353 Promovebit
1137 1312 1310 1367 insuper
1330 1312 1584 1366 purulentae
1603 1311 1806 1353 materiae

342 1382 388 1422 in
408 1382 559 1422 iisdem
581 1387 780 1435 aggestae
803 1382 1136 1422 concoctionem.

410 1450 489 1504 [6.]
503 1457 524 1477 x
553 1450 613 1490 At
634 1464 732 1490 vero
752 1449 1008 1503 palmarium
1028 1449 1205 1502 hujusce
1226 1449 1364 1490 morbi
1382 1448 1641 1502 praesidium
1656 1452 1734 1499 est,
1755 1452 1806 1489 ut

345 1532 469 1572 aeger
491 1517 679 1571 quotidie
700 1531 808 1570 equo
829 1517 1032 1566 vehatur5
1065 1522 1108 1557 et
1125 1517 1196 1569 qui
1217 1531 1260 1557 se
1281 1517 1381 1557 huic
1403 1516 1586 1570 corporis
1607 1515 1806 1557 exercitio

345 1585 584 1626 sanandum
603 1584 747 1634 tradit,
769 1584 898 1624 nullis
925 1584 1015 1637 jam
1047 1583 1210 1624 diaetae
1240 1583 1405 1637 legibus
1427 1583 1666 1634 adstrictus,
1687 1583 1807 1624 nullo

345 1653 428 1694 cibi
458 1658 634 1707 potusve
666 1666 821 1706 genere
850 1652 1080 1705 privandus
1108 1658 1171 1692 est
1187 1669 1196 1702 ;
1242 1666 1340 1692 cum
1370 1652 1416 1691 in
1446 1652 1526 1692 hoc
1553 1665 1640 1692 uno
1668 1651 1807 1692 omnis

344 1721 406 1762 rei
434 1721 560 1761 cardo
585 1725 787 1761 vertatur.
851 1720 1119 1762 Quibusdam
1147 1734 1293 1760 eorum
1321 1719 1393 1772 qui
1421 1733 1472 1759 ex
1499 1719 1578 1759 hac
1605 1718 1808 1760 methodo

346 1789 609 1838 convaluere,
636 1794 780 1828 tumor
806 1788 853 1827 111
879 1788 986 1828 eollo
1014 1792 1184 1828 exortus
1216 1792 1293 1837 est,
1320 1801 1409 1827 non
1432 1787 1618 1827 multum
1646 1801 1672 1828 a
1697 1800 1808 1828 scro-

345 1857 488 1910 phulis
511 1856 731 1897 abludens.

412 1924 490 1978 [7.]
528 1925 607 1965 Est
632 1928 674 1965 et
700 1923 783 1964 alia
811 1923 938 1964 Tabis
966 1924 1137 1977 speeies,
1164 1938 1189 1964 a
1217 1924 1325 1964 tussi
1355 1928 1566 1977 prognata
1590 1924 1718 1977 longe
1746 1923 1808 1964 di-

346 2006 464 2032 verso
501 1992 603 2033 anni
636 1997 840 2045 tempore,
872 1991 996 2032 initio
1032 1992 1191 2032 scilicet
1227 1992 1412 2032 aestatis.
1477 1992 1595 2033 Haec
1631 1993 1809 2046 juvenes

346 2075 547 2114 persaepe
576 2060 670 2101 illos
703 2060 865 2101 invadit
899 2060 971 2113 qui
1004 2060 1197 2101 debiliori
1228 2066 1330 2101 sunt
1359 2061 1544 2114 corporis
1573 2060 1738 2112 habitu,
1766 2065 1810 2102 et

349 2143 530 2182 quorum
566 2128 739 2181 sanguis
779 2129 997 2182 particulis
1039 2128 1184 2169 calidis
1225 2128 1475 2182 acribusque
1509 2129 1690 2170 refertus
1730 2134 1808 2170 est.

351 2196 616 2249 Sanguinem
645 2195 718 2236 isti
753 2209 775 2236 e
810 2195 1084 2249 pulmonibus
1115 2210 1190 2250 per
1224 2197 1376 2237 tussim
1412 2197 1645 2248 exantlant,
1677 2197 1810 2239 nimio

348 2264 454 2304 meri
489 2270 594 2317 potu
633 2263 750 2316 prius
791 2263 1044 2304 excalefacti.
1106 2264 1238 2317 Aegri
1274 2264 1463 2305 dolorem
1503 2265 1588 2305 sive
1623 2265 1809 2318 aegritu·

349 2331 493 2372 dinem
526 2331 741 2384 quandam
772 2331 818 2372 in
849 2331 1124 2385 pulmonibus
1154 2332 1481 2385 persentiscunt.
1544 2332 1665 2374 Quae
1697 2348 1809 2387 sym·

349 2405 540 2453 ptomata
559 2399 643 2439 nisi
662 2403 830 2440 mature
851 2399 1048 2440 remediis
1070 2400 1348 2453 appropriatis
1369 2400 1655 2451 eliminentur,
1671 2400 1810 2454 primo

350 2467 579 2518 scabrities,
602 2481 701 2508 mox
722 2472 764 2508 et
784 2467 906 2508 uleus
933 2467 1107 2517 accedit,
1130 2467 1244 2509 unde
1271 2482 1350 2521 pus
1376 2468 1617 2509 confectum
1638 2468 1810 2509 demum

350 2536 559 2589 expuitur.

415 2603 493 2657 [8.]
532 2603 660 2644 Dicta
679 2603 770 2657 jam
791 2603 917 2644 Tabis
938 2602 1096 2657 species
1117 2602 1456 2644 venae-sectione
1477 2608 1520 2644 et
1541 2602 1725 2644 catharsi
1744 2602 1810 2643 bis

353 2671 596 2711 alternatim
625 2671 829 2724 repetitiS,
859 2671 1010 2712 saltem
1039 2671 1086 2710 111
1116 2670 1335 2724 principio,
1364 2671 1485 2712 facile
1515 2671 1731 2721 vincetur;
1774 2670 1810 2711 si

353 2738 493 2779 diaeta
519 2739 693 2792 insuper
719 2738 998 2792 refrigerante
1024 2743 1066 2779 et
1093 2738 1355 2780 incrassante
1380 2744 1530 2780 utatur
1554 2753 1691 2793 aeger,
1717 2744 1759 2780 et
1784 2752 1810 2779 a

352 2807 548 2848 carm'bus
568 2808 614 2848 in
636 2806 816 2849 solidum
837 2807 1061 2848 abstineat.

740 2896 755 2912 Χ
783 2892 829 2922 Cf.
849 2902 917 2932 sup.
937 2904 961 2922 c.
981 2893 1031 2922 58.
1050 2894 1064 2928 ξ
1083 2893 1100 2922 9
1117 2905 1123 2925 ;
1156 2893 1254 2923 Tracl.
1275 2893 1300 2922 I.
1317 2893 1331 2930 ξ
1351 2894 1400 2922 38.
