1985 3308
731 165 902 203 INDEX

130 268 309 300 dicamenta
327 280 384 300 sua
401 270 435 301 in
454 269 596 310 hydrope
612 269 771 309 simplicia
786 269 894 299 defen-
909 270 913 273 '

130 311 186 348 dit,
195 313 275 348 47·1·;
293 313 330 343 de
341 313 458 343 morbis
470 323 550 352 quos
559 313 592 342 in
603 318 701 342 semet
712 312 781 352 ipso
792 321 898 352 exper-

131 358 184 383 tus
207 359 264 390 est,
290 356 490 385 miseratione
513 365 588 395 erga
611 354 734 384 sodales
755 364 896 384 commo-

131 400 194 432 tus,
212 402 336 427 tantum
361 398 480 433 scribit,
503 399 576 433 521,
593 398 674 432 526;
698 397 825 426 veniam
848 406 896 426 ro-

131 444 185 477 gat
196 440 300 478 quoad
311 440 460 479 dogmata
472 440 643 470 theoretica
656 446 801 469 naturam
813 448 898 468 mor-

131 481 163 510 bi
177 491 257 521 quae
273 483 458 522 respiciunt,
474 493 585 512 verum
602 482 705 521 quoad
722 482 833 522 praxin
849 491 899 510 as-

133 524 209 553 serit
225 534 258 554 se
273 534 310 554 ea
335 531 459 554 tantum
477 525 678 565 proposuisse
693 534 774 564 quae
789 523 898 563 explo-

133 566 294 596 ratissima
328 567 472 603 habebat,
510 568 588 602 116;
624 567 790 597 historiam
823 566 899 596 I'es-

134 608 175 637 tis
202 609 298 639 tradit
325 610 400 649 quia
423 610 540 640 Medici
563 609 627 645 alii,
650 610 705 649 qui
727 614 791 639 toto
817 613 900 638 tem-

134 660 210 690 pore
224 651 391 687 affuerunt,
408 652 446 681 de
461 662 496 681 ea
521 652 601 682 nihil
624 651 744 691 publici
757 651 839 690 juris
855 651 900 680 fe-

134 699 256 729 cerunt,
274 695 332 723 102
346 707 352 729 ;
376 700 519 734 tempore
534 694 632 734 pestis
649 694 786 723 Londin.
802 694 904 723 maxi-

135 745 222 765 mam
247 741 379 776 partem,
404 737 617 776 complurium
640 736 828 766 milliarium
853 736 902 765 in—

135 778 268 808 tervallo
295 779 334 809 ab
360 780 437 809 urbe
460 785 600 809 semotus
627 779 697 814 suit,
724 780 794 814 102,
822 779 902 812 111ς

136 819 169 849 111
206 821 375 860 pleuritide
415 821 609 852 curationem
648 822 765 851 frustra
805 824 906 850 tentat

135 872 192 902 per
214 863 309 893 aliam
333 864 592 904 praestantiorem
618 864 702 893 viam
725 873 821 903 quam
850 873 905 903 per

136 907 433 942 venae-sectionem,
452 908 511 936 251
526 919 532 940 ;
558 907 725 946 podagrae,
743 916 825 936 anno
842 907 904 942 ’60,

135 947 325 978 immaniore
341 959 438 988 quam
455 953 536 985 ante,
550 958 742 989 paroxysmo
758 948 905 983 afficitur,

136 1000 233 1029 quem
259 996 289 1021 et
315 992 460 1021 calculus
487 1001 598 1021 renum
628 996 659 1021 et
688 991 805 1021 mictus
832 1001 905 1020 san-

136 1033 274 1071 guineus
291 1033 437 1070 insecuti,
455 1035 513 1063 521
529 1047 535 1069 ;
562 1035 607 1063 lie
624 1035 767 1073 Podagra
789 1037 904 1063 tracta-

138 1079 208 1104 tum
230 1076 337 1111 edens,
350 1077 419 1115 jam
441 1086 496 1116 per
511 1076 643 1115 triginta
659 1082 796 1115 quatuor
808 1086 906 1105 annos

137 1117 178 1147 ab
204 1127 240 1147 ea
266 1124 396 1148 vexatus
426 1119 538 1154 fuerat,
567 1120 648 1153 409;
687 1123 719 1148 et
745 1118 906 1148 calamum

137 1169 245 1199 regere
267 1161 371 1201 impos
395 1161 464 1197 suit,
482 1163 562 1196 ·1·08;
588 1161 777 1200 podagricus
801 1161 832 1190 in
858 1171 907 1190 se-

138 1208 204 1232 met
234 1202 302 1242 ipso
338 1204 533 1233 diarrhoeam
569 1204 737 1233 sudoribus
774 1203 906 1240 curavit,

138 1245 201 1275 446
215 1257 221 1279 ς
246 1246 435 1276 sententiam
454 1256 544 1275 suam
561 1250 694 1281 revocat,
710 1256 752 1276 sc.
771 1246 909 1286 podagra

138 1287 258 1317 affectis
279 1289 449 1327 purgantia
472 1289 604 1318 minime
621 1289 808 1324 conducere,
823 1290 886 1318 524
900 1301 906 1323 3

138 1329 360 1360 rheumatismi
402 1332 599 1361 curationem
644 1331 677 1360 in
715 1331 909 1370 quibusdam

138 1373 298 1409 emendat,
312 1374 385 1409 301,
400 1375 461 1403 302
474 1386 480 1408 ;
498 1374 720 1403 rheumatismi
737 1373 910 1403 seorbutiei

138 1415 337 1445 curationem
368 1426 443 1445 cum
471 1416 591 1456 publici
618 1416 702 1455 juris
731 1416 818 1452 facit,
842 1416 907 1456 pri-

138 1462 212 1487 vato
228 1468 285 1487 suo
301 1458 467 1488 commodo
489 1458 656 1498 publicum
674 1458 821 1498 praefert,
837 1458 908 1494 260,

140 1500 197 1530 261
216 1512 222 1534 ;
257 1500 298 1529 ad
320 1500 492 1530 variolosos
513 1511 552 1531 ne
570 1501 710 1540 amplius
731 1511 907 1533 accersere-

138 1547 201 1577 tur,
219 1552 276 1572 cur
296 1547 433 1582 exoptat,
451 1545 532 1579 343;
563 1544 734 1582 cujusnam
754 1543 909 1573 essentiae

138 1584 270 1614 morbus
298 1584 362 1615 sint
388 1585 535 1622 variolae,
566 1585 692 1624 ignorat
722 1595 796 1615 cum
827 1585 907 1621 aliis,

142 1628 212 1663 128,
227 1628 286 1658 129
301 1640 308 1663 ;
332 1628 418 1667 quod
434 1628 467 1657 in
480 1628 607 1657 variolis
619 1628 768 1658 curandis
783 1628 908 1658 metho-

140 1669 216 1700 dum
240 1680 356 1699 novam
372 1670 543 1706 induxerit,
561 1680 596 1700 eo
616 1671 720 1710 magis
736 1670 796 1700 erit
811 1681 907 1700 excu-

141 1712 271 1748 sandus,
289 1713 374 1752 quod
388 1713 466 1743 haec
481 1713 694 1743 recentiorum
709 1717 834 1743 tantum
851 1723 907 1742 cu-

138 1755 316 1785 rationibus
332 1755 526 1792 adversetur,
539 1757 612 1791 224,
624 1757 686 1785 225
702 1768 708 1791 ς
731 1755 859 1795 qualem
872 1756 909 1785 de

141 1807 199 1827 sua
224 1797 256 1826 in
283 1797 409 1827 variolis
432 1798 524 1828 discr.
544 1802 574 1828 et
599 1798 735 1834 leuibus,
761 1798 909 1828 medendi

141 1839 290 1869 methodo
313 1839 409 1869 fidem
435 1840 559 1877 habeat,
581 1841 660 1875 139;
684 1841 909 1880 integerrimus

141 1882 174 1912 iu
199 1882 386 1921 exponenda
410 1882 559 1912 methodo
576 1882 769 1912 variolarum
794 1893 908 1913 curan-

141 1925 265 1960 darum,
283 1926 355 1960 340,
373 1926 432 1955 341
447 1938 454 1960 ;
490 1925 523 1954 in
548 1935 605 1955 sua
620 1925 756 1955 variolas
778 1926 910 1955 curandi

141 1967 292 1997 methodo
309 1977 370 1997 non
392 1967 590 2007 phantasiae,
607 1968 661 1997 sed
682 1967 910 2007 phaenomenis

142 2010 289 2049 practicis
305 2009 387 2045 litat,
403 2010 482 2044 362;
508 2015 539 2040 et
554 2010 592 2040 de
607 2010 862 2040 venae-sectione
877 2010 910 2040 in

142 2051 270 2082 variolis
281 2052 414 2092 paulum
425 2057 527 2082 mutat
537 2053 826 2092 sententia1n‚quod
836 2063 910 2089 non,

142 2095 189 2124 uti
212 2095 314 2134 primo
337 2100 511 2131 censuerat,
534 2095 681 2135 pustulas
704 2095 787 2125 intra
806 2096 911 2134 justos

142 2137 262 2167 limites
287 2138 422 2173 coercet,
437 2139 518 2172 338,
552 2138 590 2167 de
613 2137 741 2167 variolis
766 2138 840 2168 anni
858 2140 910 2168 '80

143 2180 251 2210 scribit
268 2179 347 2215 ideo,
365 2185 401 2209 ut
417 2190 498 2219 quae
519 2180 594 2210 olim
616 2180 804 2210 deficiebant
820 2190 858 2210 ex
873 2181 911 2210 iis

143 2232 225 2262 quae
241 2222 435 2262 experientia
452 2223 520 2262 jam
536 2223 684 2253 annosior
700 2228 910 2262 suggesserat,

143 2265 284 2300 sarciret,
296 2266 354 2294 3:31
368 2277 375 2298 ς
399 2265 499 2295 filium
518 2265 762 2301 suum,variolis
775 2265 911 2295 anomal.

143 2307 237 2337 discr.
269 2307 464 2337 laborantem
494 2318 553 2338 sua
582 2308 732 2338 methodo
762 2308 911 2345 restituit,

146 2351 205 2380 193
218 2362 224 2385 ;
248 2349 342 2379 istius
355 2350 528 2380 sententiae
541 2360 604 2380 non
619 2355 676 2387 est,
688 2360 840 2381 venereae
852 2351 913 2381 luis

144 2392 341 2423 curationem
358 2392 531 2423 docendam
549 2403 611 2423 non
628 2403 704 2428 esse,
723 2393 796 2429 307,
813 2394 884 2423 308.

187 2435 346 2464 Aue-tores
376 2435 409 2464 in
436 2436 554 2465 morbis
584 2435 810 2472 describendis,
837 2436 912 2466 talia

144 2477 241 2516 vulgo
267 2477 418 2517 praebent
445 2478 595 2514 subsidia,
618 2488 699 2517 quae
726 2483 913 2518 sequentem

144 2520 250 2560 potius
274 2520 306 2549 in
333 2520 518 2560 praecipitia
539 2525 647 2559 agant,
672 2531 768 2560 quam
797 2521 829 2550 in
856 2531 910 2559 ge-

143 2563 244 2592 nuina
275 2562 418 2591 Naturae
445 2563 594 2592 methodo
624 2563 805 2602 indaganda
836 2563 910 2593 diri-

143 2610 231 2644 gant,
249 2605 322 2640 307,
340 2606 419 2638 308;
445 2611 588 2635 auctores
604 2605 658 2645 qui
671 2605 911 2643 ffvenae-sectio-

145 2657 217 2677 nem
235 2647 268 2676 in
284 2651 370 2687 peste
386 2648 660 2684 commendarunt,
682 2648 751 2678 106.

189 2690 280 2719 Aura
306 2689 435 2719 liberior
457 2690 489 2719 in
513 2690 592 2720 tussi
613 2690 750 2730 epidem.
766 2690 819 2722 ¹75
836 2700 911 2720 con-

144 2732 296 2766 cedenda,
312 2733 492 2762 228-233.
514 2731 558 2771 [ν.
576 2732 667 2773 Aba]

188 2775 358 2804 Autumno
373 2774 520 2804 humores
534 2780 609 2805 sunt
618 2775 803 2805 viscidiores
815 2784 913 2814 quam

144 2827 229 2852 vere,
246 2817 285 2848 72
298 2830 304 2851 ;
323 2822 494 2856 quartanae
509 2818 655 2847 autumni
669 2817 808 2856 genuina
823 2817 913 2847 sobo-

145 2860 200 2896 les,
221 2860 278 2892 76:
304 2864 480 2889 autumnus
497 2860 684 2900 dysenteriis
700 2860 793 2895 favet,
815 2861 882 2889 188.

188 2902 361 2932 Axioniata
393 2907 538 2932 vcternm
576 2903 614 2932 dc
644 2902 779 2932 materia
810 2902 912 2932 febrili

142 2945 359 2986 praeparanda
390 2945 429 2974 ad
467 2945 563 2976 crisin
601 2955 657 2986 per
690 2945 819 2975 sudores
857 2945 914 2975 rite

941 2923 944 2981 ἰ

931 163 1140 201 RERUM..
1648 159 1723 195 619

952 265 1141 303 faciendam,
1165 265 1218 295 cui
1246 264 1327 294 febri
1356 263 1505 293 videntur
1534 261 1722 301 adaptanda,

999 351 1190 381 Balsamum
1205 360 1221 380 e
1238 348 1355 379 Mecha
1371 348 1403 378 in
1417 346 1613 387 gonorrhoca
1629 345 1722 375 virul.

955 393 1086 429 bonum,
1103 394 1174 423 315.

1002 436 1231 466 Bathonienses
1245 444 1346 474 aquae
1363 432 1396 462 in
1412 431 1577 461 affectione
1593 430 1724 470 hyster„

958 479 1030 514 364,
1049 479 1120 509 510.

1003 521 1103 550 Bolus
1119 521 1153 550 in
1169 519 1341 553 diarrhoea,
1360 516 1431 553 173,
1449 516 1521 548 575.

1002 563 1158 593 Botanica
1181 571 1334 593 sensuum
1357 559 1540 590 testimonio
1564 557 1654 588 debet
1676 557 1725 587 in-

959 606 1030 642 niti,
1048 607 1100 636 36.

1004 648 1168 678 Brassicae
1185 646 1297 677 folium
1321 646 1354 676 in
1375 643 1545 686 pleuritide
1558 642 1649 672 lateri
1665 642 1727 672 im-

960 691 1156 731 ponendum,
1174 691 1246 720 249.

1005 733 1108 770 Bubo,
1124 732 1174 762 vel
1196 732 1326 772 parotis,
1343 731 1376 761 in
1397 734 1484 770 peste
1507 728 1585 759 febri
1606 727 1729 758 ardenti

961 776 1200 816 superveniens,
1218 784 1328 813 aegros
1345 784 1363 803 a
1380 773 1526 803 luctuoso
1548 770 1730 801 discrimine

960 829 1052 858 saepe
1076 818 1197 854 liberat,
1221 819 1282 853 99;
1318 816 1460 846 bubones
1482 814 1516 844 in
1538 817 1626 854 peste
1649 823 1728 852 quo-

961 862 1056 890 modo
1080 861 1167 896 fiant,
1187 862 1264 895 155;
1291 859 1324 889 in
1348 859 1530 888 abscessum
1554 855 1728 886 terminan-

962 909 1023 940 tur,
1044 905 1097 933 101
1114 916 1120 938 ς
1145 903 1289 932 bubones
1304 899 1532 941 pestilentiales
1548 908 1730 938 suppuran-

962 951 1009 976 tes
1031 946 1114 981 licet,
1131 945 1164 975 in
1189 944 1349 985 pestilenti
1376 943 1471 979 febre,
1488 942 1599 972 incerti
1624 945 1731 970 tamen

963 998 1132 1018 successus
1157 992 1243 1023 sunt,
1277 988 1347 1022 104,
1379 986 1457 1021 115;
1497 985 1658 1014 interdum
1692 993 1731 1013 ex

963 1031 1134 1070 improviso
1148 1030 1319 1070 disparent,
1338 1030 1414 1063 104;
1440 1026 1731 1067 diaphoreticorum

964 1078 1239 1113 praematurorum
1259 1072 1382 1102 actione
1399 1069 1557 1110 quomodo
1578 1068 1730 1107 intropel-

964 1116 1081 1152 lantur,
1097 1117 1154 1146 129
1167 1128 1173 1150 ;
1199 1125 1292 1154 saepe
1303 1113 1564 1153 intropelluntur,
1575 1111 1600 1141 si
1615 1111 1731 1140 horum

964 1159 1109 1188 materies
1122 1157 1306 1187 sudoriferis
1318 1157 1470 1191 aufertur,
1488 1156 1566 1189 1043
1591 1153 1733 1183 bubones

964 1201 1206 1237 retrocedentes,
1223 1199 1358 1230 maculis
1377 1197 1544 1238 purpureis
1561 1197 1732 1226 succeden-

964 1244 1059 1279 tibus,
1077 1242 1196 1278 letales,
1217 1244 1286 1278 104,
1308 1243 1386 1276 105;
1411 1241 1505 1280 cujus
1528 1249 1620 1279 saepe
1636 1248 1734 1268 causa

965 1286 1088 1315 sudoris
1122 1285 1282 1325 expressio
1318 1285 1511 1324 importuna,
1550 1283 1621 1318 105,
1654 1282 1733 1316 1093

965 1329 1106 1358 bubones
1127 1327 1262 1363 venerei,
1282 1337 1320 1356 ex
1340 1325 1536 1366 gonorrlioea
1558 1323 1650 1353 virul.
1667 1323 1733 1363 pri-

965 1381 1056 1401 mum
1073 1371 1135 1400 luis
1150 1370 1285 1409 gradum
1302 1369 1513 1403 constituunt,
1531 1367 1602 1397 311.

1012 1413 1174 1443 Caehexia
1189 1423 1229 1442 ex
1244 1411 1434 1441 humoribus
1451 1409 1642 1449 depravatis,
1660 1408 1733 1440 377.

1014 1456 1139 1485 Calculi
1169 1455 1308 1484 minores
1339 1464 1378 1484 ex
1408 1463 1522 1483 renum
1555 1451 1640 1492 pelvi
1671 1461 1736 1480 non

967 1498 1085 1528 melius
1104 1498 1313 1527 deturbantur
1337 1506 1432 1536 quam
1450 1504 1606 1534 aquarum
1624 1493 1735 1533 chaly-

967 1540 1131 1570 beatarum
1148 1549 1220 1576 usu,
1237 1540 1310 1574 526,
1324 1539 1382 1574 27;
1411 1538 1555 1568 calculus
1576 1547 1615 1566 an
1634 1537 1737 1575 major

967 1593 1064 1622 quam
1082 1587 1117 1612 ut
1138 1592 1192 1621 per
1207 1587 1344 1612 ureteres
1360 1584 1509 1616 transeat,
1522 1579 1573 1609 vel
1585 1589 1624 1608 an
1640 1578 1736 1618 lapil-

966 1625 1072 1655 lorum
1093 1625 1254 1664 congeries
1269 1624 1302 1653 in
1319 1623 1404 1663 pelvi
1422 1623 1559 1659 haereat,
1577 1621 1736 1661 quomodo

968 1667 1184 1707 dignoscatur,
1208 1668 1280 1703 526,
1305 1668 1383 1701 573ς
1409 1665 1553 1695 calculus
1575 1674 1614 1694 ex
1638 1664 1735 1693 decu-

967 1711 1038 1740 bitu
1054 1711 1087 1740 in
1104 1710 1196 1740 dorso
1211 1719 1308 1749 supra
1322 1709 1444 1739 lectum
1461 1707 1653 1737 submollem
1670 1707 1736 1746 pri-

968 1763 1056 1782 mam
1082 1753 1238 1792 originem
1261 1762 1353 1782 suam
1380 1752 1412 1780 in
1438 1750 1618 1791 podagricis
1644 1759 1738 1790 saepe

969 1795 1118 1831 desumit,
1132 1796 1188 1825 521
1204 1808 1211 1831 3
1228 1794 1442 1834 nephritidem
1459 1793 1513 1823 ubi
1528 1796 1648 1828 causat,
1660 1792 1737 1832 quid

968 1839 1139 1877 agendum,
1156 1839 1218 1868 395
1232 1850 1238 1872 ;
1262 1837 1406 1867 calculus
1421 1846 1533 1866 renum
1551 1835 1600 1865 vel
1614 1835 1739 1864 vesicae

968 1881 1140 1919 aliquando
1162 1880 1289 1910 videtur
1303 1879 1424 1915 adesse,
1441 1878 1525 1917 quod
1548 1882 1674 1907 tantum
1691 1878 1735 1907 ef-

969 1923 1071 1952 fectus
1088 1928 1136 1952 est
1154 1922 1334 1962 hystericae
1352 1921 1465 1955 affect„
1483 1922 1554 1956 200,
1573 1921 1645 1955 201,
1664 1921 1738 1956 366,

969 1966 1052 2000 367;
1075 1965 1174 2005 hujus
1197 1963 1391 2004 exemplum,
1410 1963 1463 1992 ubi
1487 1962 1611 1993 calculo
1635 1962 1740 1992 dicata

968 2008 1134 2043 nocebant,
1145 2007 1306 2037 narcotica
1317 2006 1485 2046 juvabant,
1497 2007 1555 2035 201
1570 2018 1577 2039 ;
1593 2004 1738 2035 calculus

970 2060 1033 2090 qua
1052 2051 1172 2080 ratione
1190 2060 1222 2079 se
1238 2048 1489 2079 manifestaverit
1505 2048 1537 2077 in
1561 2048 1631 2087 ipso
1647 2047 1737 2077 Auc-

969 2098 1045 2129 tore,
1063 2094 1123 2122 521
1144 2103 1210 2132 sq.;
1241 2091 1385 2122 calculus
1407 2100 1520 2120 renum
1544 2090 1577 2120 in
1599 2090 1739 2129 podagra

969 2135 1144 2165 inveterata
1168 2135 1358 2175 plerumque
1382 2133 1534 2169 nascitur,
1558 2133 1631 2169 415,
1656 2133 1738 2168 447ς

971 2178 1047 2217 quid
1076 2183 1145 2208 tum
1162 2177 1330 2217 agendum,
1352 2177 1426 2212 447,
1443 2177 1503 2211 48ς
1529 2175 1672 2205 calculus
1688 2185 1737 2205 re-

970 2229 1049 2250 num
1066 2220 1098 2250 in
1115 2219 1295 2260 podagricis
1317 2223 1396 2259 potu
1418 2219 1482 2248 acri
1503 2223 1534 2248 et
1552 2222 1738 2249 attenuante

970 2266 1039 2292 tum
1056 2263 1213 2293 excitatur
1229 2266 1297 2291 tum
1312 2265 1492 2301 generatur,
1506 2262 1578 2297 436,
1596 2261 1656 2296 37;
1680 2270 1738 2290 ex-

970 2305 1080 2335 ercitio
1118 2305 1256 2345 corporis
1294 2304 1506 2334 constantiore
1543 2303 1737 2343 prohibetur,

969 2348 1155 2387 praesertim
1172 2347 1375 2387 equitatione,
1391 2346 1443 2376 vel
1459 2346 1603 2376 vectione
1619 2345 1651 2375 in
1668 2356 1739 2376 cur-

969 2400 1016 2426 ru,
1029 2392 1102 2426 441,
1112 2392 1193 2425 444;
1217 2389 1422 2430 praevenitur
1430 2389 1558 2428 copiosa
1570 2388 1739 2419 cerevisiae

970 2433 1075 2463 tenuis
1091 2433 1150 2462 sub
1164 2438 1290 2462 noctem
1307 2432 1548 2471 compotatione,
1565 2432 1638 2466 433,
1656 2432 1718 2461 525
1731 2444 1738 2467 ;

969 2476 1045 2505 item
1071 2480 1148 2515 potu
1173 2475 1340 2505 diaetetico
1365 2474 1434 2504 loeo
1461 2478 1555 2514 potus
1578 2474 1740 2510 ordinarii,

969 2519 1042 2553 436,
1069 2518 1148 2553 437;
1185 2517 1300 2547 calculi
1325 2516 1456 2553 curatio,
1485 2516 1557 2553 447,
1575 2517 1647 2552 448,
1665 2517 1739 2552 526,

972 2560 1044 2595 572,
1063 2561 1124 2592 573
1142 2570 1188 2600 sq.

1015 2603 1242 2633 Calefacientia
1263 2601 1451 2632 antidotalia
1479 2605 1601 2641 pestem
1632 2601 1739 2641 potius

969 2650 1136 2675 accersunt
1156 2655 1252 2685 quam
1273 2644 1493 2685 praeveniunt,
1519 2645 1597 2678 102;
1622 2643 1738 2674 calefa-

970 2688 1086 2718 cientia
1112 2688 1144 2717 in
1169 2687 1335 2728 apoplexia
1359 2692 1484 2722 nocent,
1509 2687 1587 2721 57ος
1615 2686 1742 2716 corticis

971 2730 1087 2760 Peruv.
1113 2730 1285 2760 salutarem
1313 2730 1471 2759 actionem
1502 2729 1608 2759 delent
1635 2729 1668 2758 in
1693 2730 1738 2759 fe-

970 2773 1080 2803 bribus
1097 2773 1276 2809 intermitt.‚
1291 2773 1368 2808 286;
1393 2772 1425 2801 in
1442 2771 1622 2812 dysenteria
1634 2772 1742 2811 qualia

971 2816 1189 2855 phaenomena
1216 2815 1379 2850 inducant,
1399 2815 1478 2849 168;
1504 2825 1523 2844 a
1549 2814 1686 2844 Medicis
1706 2815 1739 2844 in

972 2858 1111 2888 febribus
1127 2868 1223 2897 quare
1243 2857 1327 2887 male
1345 2857 1543 2894 exhibentur,
1560 2858 1638 2891 509;
1664 2862 1741 2896 quot

971 2901 1056 2930 mala
1085 2901 1223 2931 inferant
1249 2900 1282 2930 in
1309 2900 1393 2930 febre
1416 2900 1550 2940 epidem.
1576 2900 1649 2929 anni
1677 2901 1740 2935 '7:3,

973 2945 1053 2979 2083
1082 2944 1115 2974 in
1139 2943 1224 2974 febre
1248 2952 1330 2973 nova
1353 2943 1500 2983 epidem.,
1525 2944 1605 2977 501;
1635 2943 1666 2972 in
1693 2943 1737 2972 fc-
