1985 3308
407 147 800 188 DISSERTATIO
831 147 1238 188 EPISTOLARISi
1472 149 1554 187 395

100 267 198 294 cum
221 253 398 294 aliorum
419 268 617 307 persaepe
637 254 884 295 morborum
906 253 1087 306 speciem
1107 266 1208 306 prae
1230 266 1273 292 sc
1293 252 1444 302 ferant,
1459 252 1554 292 Me-
1598 262 1651 291 Di:
1669 263 1737 292 Ar-

99 320 203 360 dicis
223 320 386 361 facilius
411 321 656 374 imponitur,
675 335 802 374 quam
823 321 876 361 ab
905 321 995 361 aliis
1018 319 1276 373 quibuslibet
1298 324 1552 373 symptoma-
1576 305 1759 377 ¹21⁶,Jffllffff‘

99 387 167 437 tis,
192 392 398 441 quotquot
419 403 595 428 manum
615 388 823 429 medicam
845 387 1076 441 deposcunt
1093 404 1100 428 :
1125 387 1176 427 de
1198 401 1280 440 quo
1300 400 1435 440 pauca
1456 386 1553 426 sub-
1574 394 1618 434 gis
1636 407 1695 436 fre„
1737 395 1757 397 ⁴

94 454 290 507 jungam.
322 455 454 496 Verbi
469 456 617 508 gratia,
634 456 680 496 111
693 456 775 496 ista
790 454 1040 509 Hystericae
1053 454 1303 495 Affectionis
1318 454 1452 507 specie
1463 454 1553 507 jam
1574 449 1748 528 ξίιξζῑὲξζζξῖῃ

101 521 144 576 [ξε
160 522 247 576 67.]
264 523 484 576 descripta,
504 537 610 576 quae
624 538 925 577 paroxysmum
938 523 1223 576 nephriticum
1237 522 1442 571 imitatur,
1461 522 1553 575 quis
1576 542 1671 578 quam
1687 533 1758 581 aiiis

99 603 186 630 non
214 590 327 630 videt
359 598 519 644 quanta
549 592 603 632 sit
632 592 790 644 paritas
821 591 957 631 morbi
984 591 1205 643 utriusque
1236 594 1278 630 et
1309 589 1553 639 similitudo,
1573 574 1730 656 ἱξὲἐξζῗξζ

99 661 193 697 tum
215 657 326 710 quod
346 673 441 711 pars
464 659 611 699 eadem
632 659 857 712 utrobique
879 658 1030 708 doleat,
1053 662 1147 698 tum
1169 657 1282 710 quod
1308 657 1353 696 in
1374 661 1555 709 utroque
1576 660 1735 698 ptomatis.

99 724 256 765 affectu
281 726 556 766 vomitur-iant
584 740 732 780 aegrae
749 743 760 776 3
793 741 890 766 cum
915 731 1061 777 tamen
1083 740 1107 766 a
1127 725 1263 765 causis
1290 725 1350 766 ita
1377 724 1428 765 ab
1450 724 1556 765 invi-
1577 711 1760 793 ἑζὲᾞζζξθ

99 806 192 833 00111
218 793 478 833 variantibus
509 794 735 847 pendeant,
769 799 810 835 et
841 799 927 834 tam
960 793 1111 847 impari
1141 793 1342 833 methodo
1373 792 1557 833 debeant
1577 807 1730 836 paroxys-

101 860 254 910 sanari,
275 865 325 901 ut
347 861 459 914 quod
484 861 529 901 in
550 861 629 902 hoc
651 862 802 911 laedat,
824 862 871 901 in
890 862 963 902 illo
983 862 1116 915 juvet,
1139 865 1180 901 et
1208 874 1230 901 e
1252 861 1457 901 contra‘1‘?
1512 860 1557 899 Si
1576 849 1750 921 {Jssffi‘ssigffm

100 927 215 967 enim
236 927 321 968 sive
342 928 539 979 calculus,
564 929 648 969 sive
671 929 869 969 arenulae
889 943 1042 969 renum
1068 928 1351 969 substantiam
1373 932 1556 968 atteren-
1577 925 1725 996 {xxipa'tmi

100 999 178 1046 tes,
197 995 384 1036 dolorem
405 996 604 1046 inferant,
620 1001 747 1050 atque
769 1011 819 1037 ex
840 997 1027 1050 partium
1044 1010 1254 1036 consensu
1269 995 1556 1045 vomitionem,
1573 977 1762 1048 isiizffiissgrii’-

99 1062 207 1102 nihil
229 1077 360 1116 aeque
381 1063 588 1104 conducet
616 1079 663 1104 ac
689 1065 908 1118 praelarga
933 1069 975 1105 et
999 1064 1198 1117 frequens
1220 1077 1370 1104 causae
1391 1068 1557 1103 antece·
1578 1058 1658 1124 ζζῇἶξ
1667 1062 1765 1124 θξίἲζζ

100 1130 239 1170 dentis
269 1144 344 1184 per
374 1131 706 1184 phlebotomiam
736 1133 929 1182 revulsio,
956 1137 1049 1173 tum
1078 1136 1126 1172 ut
1155 1132 1389 1172 dilatentur
1415 1131 1557 1171 laxen-
1577 1137 1633 1166 illa
1650 1148 1731 1176 quae

99 1202 254 1251 turque
284 1204 450 1239 meatus
480 1213 555 1252 per
586 1214 689 1252 quos
721 1200 907 1240 calculus
939 1199 1225 1240 excludendus
1254 1203 1330 1249 est,
1353 1180 1742 1258 011011111113,ρζζιῖιςῌιζὲῖ1111

101 1265 414 1306 emollientibus
440 1281 742 1320 saepenumero
769 1267 972 1320 repetitiS,
996 1267 1171 1320 aliisque
1196 1267 1286 1319 ejus
1309 1266 1474 1319 generis
1494 1280 1557 1306 re-

99 1334 250 1373 mediis
271 1334 451 1374 internis
464 1351 476 1384 ,
509 1335 662 1388 quibus
687 1335 999 1375 medicamenta
1020 1335 1226 1375 diuretica
1253 1339 1296 1374 et
1317 1334 1559 1387 lithontrip-

99 1401 185 1441 tica
205 1401 400 1442 addenda
421 1407 534 1442 sunt.
582 1403 608 1442 J
612 1417 680 1442 am
703 1403 737 1442 si
758 1402 870 1442 dicta
891 1406 1176 1456 symptomata
1197 1416 1221 1441 a
1242 1401 1402 1441 calculo
1424 1402 1560 1441 nulla-

99 1475 226 1511 tenus
248 1471 452 1521 oriantur,
475 1471 548 1511 sed
569 1486 594 1511 a
614 1471 830 1524 spiritibus
858 1470 1112 1511 animalibus
1138 1470 1272 1510 nimia
1297 1469 1416 1523 copia
1439 1483 1562 1509 renes

100 1538 417 1591 impetentibus,
445 1539 542 1592 (quo
562 1539 608 1578 in
630 1553 730 1579 casu
749 1539 994 1592 paregorica
1013 1542 1185 1579 tantum
1208 1537 1467 1587 indicantur,
1484 1550 1563 1577 nec

100 1607 166 1646 vel
186 1621 338 1647 enema
353 1621 376 1647 e
396 1607 637 1647 mitioribus
653 1612 748 1661 post
769 1607 926 1660 primas
949 1606 1244 1648 evacuationes
1266 1606 1357 1646 sine
1378 1605 1565 1659 periculo

100 1673 319 1728 injicitur,)
344 1674 390 1714 in
415 1680 575 1728 quanto
602 1675 712 1716 vitae
741 1675 984 1716 discrimine
1011 1679 1202 1715 versetur
1228 1674 1377 1714 infelix
1403 1674 1486 1714 ista
1513 1673 1565 1713 de

101 1742 222 1796 cujus
245 1742 335 1795 jam
363 1742 475 1783 corio
501 1742 677 1793 luditur,
703 1758 788 1783 nou
819 1757 923 1796 opus
952 1747 1016 1783 est
1045 1743 1196 1782 dicere.
1266 1741 1403 1795 [127]
1442 1742 1565 1782 Idem

101 1814 240 1862 potest
257 1810 454 1850 affirmari
472 1810 523 1850 de
538 1811 711 1851 Affectu
726 1811 798 1851 illo
816 1809 1055 1864 Hysterico‚
1076 1811 1148 1863 qui
1164 1810 1339 1850 colicam
1355 1809 1562 1859 biliosam,
1584 1812 1769 1861 ceolicambi-

102 1877 168 1917 vel
187 1877 354 1917 iliacam
375 1877 614 1930 passionem
636 1879 841 1918 simulatr.
909 1878 994 1918 Hic
1009 1878 1084 1917 ubi
1100 1891 1175 1930 pro
1190 1891 1388 1918 concesso
1409 1876 1564 1917 habea·
1582 1855 1710 1927 flfflffi’,
1720 1855 1770 1885 vel

102 1949 187 1994 tur,
222 1944 420 1984 affectum
452 1945 583 1985 istum
619 1945 732 1997 (licet
763 1945 917 1985 indolis
949 1945 1123 1985 omnino
1159 1945 1214 1985 sit
1246 1945 1446 1994 diversae,
1478 1945 1564 1984 imo
1583 1941 1765 2012 plasssoxtiem

103 2011 367 2063 contrariae‚)
393 2012 567 2052 colicam
597 2012 790 2053 biliosam
818 2026 920 2062 esse,
950 2017 992 2052 et
1021 2012 1072 2052 ab
1100 2012 1279 2052 humore
1305 2012 1390 2053 acri
1414 2012 1461 2051 in
1484 2012 1565 2052 vis·
1584 1994 1655 2013 mm
1672 1994 1711 2012 α’

104 2093 200 2120 cera
220 2092 294 2132 per
315 2079 565 2119 arteriarum
591 2080 965 2121 mcsentcricarum
990 2080 1133 2120 oscula
1161 2084 1327 2120 excreto
1348 2079 1478 2129 nasci,
1507 2079 1567 2131 (in

104 2160 231 2200 quem
253 2161 437 2187 errorem
459 2147 577 2187 dolor
597 2147 887 2198 intolerabilis,
906 2152 948 2188 et
968 2148 1112 2188 viridis
1138 2148 1252 2188 color
1274 2147 1345 2200 qui
1367 2147 1411 2187 in
1433 2152 1566 2187 mate-

103 2215 167 2255 ria
197 2215 385 2255 cernitur
405 2220 494 2255 tam
525 2229 599 2268 per
630 2230 674 2256 os
707 2230 834 2269 quam
862 2230 936 2269 per
965 2216 1107 2256 sedem
1137 2215 1322 2268 expulsa,
1346 2215 1568 2255 Medicum

104 2282 384 2323 incautiorem
415 2288 457 2324 ct
493 2283 822 2336 cogitationibus
858 2284 1000 2326 minus
1038 2289 1255 2324 assuetum
1291 2283 1408 2324 haud
1443 2297 1568 2335 aegre

105 2352 369 2405 perducant‚)
396 2366 501 2405 quae
531 2352 757 2393 methodus
788 2358 878 2393 tam
909 2352 1142 2402 commoda,
1167 2366 1294 2405 quam
1321 2356 1370 2392 ut
1399 2351 1444 2391 in
1469 2365 1567 2391 con-

105 2419 394 2472 temperanda,
417 2420 700 2461 remediorum
726 2421 1071 2473 refrigerantium
1093 2426 1219 2473 atque
1241 2418 1568 2459 incrassantium

106 2501 198 2540 ope,
230 2487 460 2527 humorum
488 2488 718 2529 acrimonia
749 2503 920 2542 operam
940 2489 1160 2529 locemus?
1209 2492 1348 2540 atque,
1382 2501 1464 2540 quo
1489 2487 1567 2526 hu-

106 2570 244 2597 mores
266 2570 289 2597 e
309 2556 537 2597 visceribus
565 2557 916 2606 exterminentur,
943 2562 1111 2611 praeter
1139 2561 1335 2597 enemata
1361 2555 1568 2608 quotidia-

106 2640 176 2675 na,
204 2630 252 2665 ut
280 2625 513 2666 cathartica
540 2625 784 2678 frequenter
809 2626 1110 2679 propinemus;
1143 2625 1255 2664 inter
1282 2629 1448 2664 caetera
1473 2637 1570 2663 vcro

107 2693 238 2734 etiam
278 2692 536 2733 mercurium
577 2693 744 2733 dulcem
785 2693 1061 2747 diagrydiatis
1101 2692 1360 2745 permixtum
1394 2691 1446 2730 ad
1479 2691 1564 2743 ple-

107 2760 269 2801 niorem
309 2760 511 2801 materiae
550 2761 792 2802 morbificae
836 2760 1197 2801 eradicationem?
1280 2759 1420 2800 Quam
1461 2758 1571 2798 male

110 2833 254 2870 autem
282 2843 380 2870 011111
406 2829 542 2882 aegris
568 2834 731 2881 agatur,
762 2834 1055 2883 quantumque
1084 2828 1142 2868 cis
1170 2827 1404 2881 periculum
1434 2826 1571 2867 immi-

195 2919 207 2939 ‘1
233 2914 281 2944 Cf.
302 2916 423 2945 Observ.
442 2915 522 2944 Med.
539 2913 580 2944 iv.
599 2914 626 2946 7.
650 2915 695 2944 18.
1061 2918 1069 2931 '
1094 2913 1142 2943 Cf.
1161 2914 1294 2942 Process.
1314 2913 1373 2941 Iul.
1393 2923 1417 2941 c.
1435 2914 1484 2941 28.
