1985 3308
413 173 488 214 OB
495 173 909 215 SERVATIONES
942 174 1232 217 MEDICAE.
1499 180 1551 219 19

92 282 251 333 vicem;
287 282 400 336 quod
420 283 511 324 fieri
543 282 713 336 quidem
744 288 884 337 potest
911 298 999 324 11011
1025 283 1213 325 extincta
1244 285 1403 338 specie:
1436 285 1551 325 verbi
1594 295 1723 325 Paua-n

95 351 245 403 gratia,
277 350 458 391 calefieri
492 355 632 404 potest
664 355 738 391 aut
772 351 1012 404 refrigerari
1044 352 1116 405 qui
1151 352 1338 406 podagra
1372 352 1550 403 laborat,
1573 338 1754 387 Qunam.

92 418 263 472 vigente
289 418 428 459 adhuc
453 419 653 472 podagra,
675 419 860 459 necdum
889 419 1063 460 devicta.
1125 420 1334 461 Methodo
1355 421 1446 470 hac,
1471 436 1554 474 qua

94 485 281 527 diversae
301 490 474 526 tantum
496 486 721 540 qualitates
742 486 1089 538 introducuntur,
1106 488 1244 529 morbi
1261 488 1443 542 specifici
1465 503 1552 529 non

93 553 228 606 magis
248 553 493 595 immediate
509 554 816 607 perdomantur
832 569 959 608 quam
981 555 1092 607 ignis
1110 556 1250 609 gladio
1272 557 1550 609 extinguitur.

94 621 210 663 Quid
234 621 361 672 enim,
388 621 605 674 (obsecro‚)
637 623 761 672 calor,
790 622 936 675 frigus,
963 623 1202 673 humidum,
1230 624 1450 674 siccumve,
1479 628 1552 664 aut

93 702 116 729 e
141 688 336 730 secundis
369 689 644 742 qualitatibus
676 703 782 743 quae
812 690 864 730 ab
893 690 958 730 his
986 691 1188 744 pendent,
1218 691 1300 732 alia
1330 691 1472 745 aliqua
1499 692 1552 733 ad

93 756 231 797 morbi
252 757 516 798 curationem
544 757 682 806 faciet,
706 758 826 812 cujus
853 758 1037 799 essentia
1056 759 1102 799 in
1127 759 1279 799 harum
1308 760 1427 799 nulla
1451 774 1550 800 0011-

93 824 234 864 sistit?
304 825 410 878 [23]
452 825 498 864 Si
532 825 624 878 quis
649 825 717 866 hic
748 825 948 880 objecerit
977 827 1077 867 satis
1104 841 1311 880 magnum
1345 828 1550 868 remedio-

92 906 189 932 rum
222 892 523 946 Specificorum
543 907 772 933 numerum
799 894 965 947 jamdiu
985 894 1108 934 nobis
1135 895 1413 944 innotescere,
1436 895 1552 936 hunc

93 959 245 1013 ipsum,
273 960 308 1000 si
340 974 518 1001 examen
548 961 674 1014 paulo
706 961 952 1014 diligentius
983 962 1232 1012 instituerit,
1261 963 1306 1002 in
1338 963 1550 1016 oppositas

92 1031 234 1080 partes
254 1028 375 1068 facile
396 1028 678 1068 transiturum
701 1029 891 1079 confido,
923 1044 1020 1070 cum
1042 1031 1194 1070 unicus
1216 1035 1359 1070 cortex
1381 1031 1550 1070 Pcruvi-

93 1108 200 1134 anus
222 1108 247 1134 a
267 1095 353 1134 suis
374 1096 542 1136 militet.
605 1096 712 1136 'Poto
729 1096 842 1136 enim
865 1098 980 1137 coelo
997 1097 1159 1137 distant
1181 1112 1288 1150 quae
1310 1098 1408 1138 huic
1430 1099 1550 1139 aliive

91 1160 342 1202 indicationi
357 1163 569 1203 cmativae
595 1163 621 1203 S
625 1163 795 1216 pecifice
811 1164 1069 1217 respondent
1087 1165 1409 1216 medicamenta,
1427 1166 1494 1206 cui
1517 1167 1552 1206 si

91 1228 295 1270 faciamus
317 1230 432 1280 satis,
455 1230 628 1270 morbus
651 1230 839 1283 abigitur
855 1249 866 1282 ς
899 1236 942 1272 et
965 1246 1071 1285 quae
1101 1233 1217 1273 hunc
1239 1233 1420 1273 aliumve
1441 1248 1551 1274 mor-

91 1295 197 1337 bum
229 1297 431 1351 Specifice
458 1303 586 1351 atque
616 1297 862 1339 immediate
892 1305 1135 1352 peisanant,
1164 1301 1284 1341 nullo
1314 1301 1460 1342 habito
1490 1316 1552 1342 re-

93 1369 241 1418 spectu
259 1364 311 1405 ad
331 1365 442 1406 hanc
464 1370 538 1406 aut
554 1366 671 1406 illam
692 1366 980 1408 intentionem
1003 1367 1087 1408 sive
1109 1368 1415 1409 indicationem
1434 1383 1553 1409 cura-

92 1432 246 1474 tivam:
297 1433 414 1474 verbi
456 1433 605 1486 gratia,
646 1434 881 1475 mercurius
923 1439 965 1475 et
1013 1449 1151 1475 sarsae
1191 1435 1353 1476 radices
1393 1436 1440 1476 in
1485 1437 1555 1477 lue

92 1514 270 1542 venerea
299 1501 497 1554 Speczfica
527 1502 654 1555 vulgo
685 1502 866 1543 audiunt
880 1520 890 1552 ς
926 1517 1033 1556 quae
1061 1508 1208 1544 tamen
1236 1518 1312 1557 pro
1343 1504 1555 1557 Specificis

91 1568 271 1622 propriis
293 1574 420 1623 atque
441 1570 699 1611 immediatis
720 1585 809 1612 non
831 1570 990 1611 debent
1011 1571 1171 1621 haberi,
1186 1572 1268 1612 nisi
1290 1573 1553 1626 argumentis

93 1636 194 1677 satis
215 1637 365 1678 validis
397 1642 525 1691 atque
555 1638 918 1692 irrefragabilibus
951 1639 1083 1692 possit
1112 1640 1263 1680 confici
1294 1640 1554 1681 mercurium

92 1705 211 1746 nulla
250 1706 434 1747 excitata
474 1707 733 1757 salivatione‚
780 1721 919 1748 sarsae
954 1721 1052 1748 vero
1091 1708 1254 1749 radices
1296 1709 1386 1749 sine
1426 1710 1554 1750 motis

92 1772 329 1824 sudoribus,
371 1779 462 1815 tam
508 1775 722 1830 egregiam
763 1790 935 1829 operam
975 1776 1248 1829 praestitisse.
1328 1777 1398 1817 Ad
1442 1777 1554 1818 hanc

91 1841 250 1895 pariter
267 1856 463 1883 normam
480 1843 551 1883 alii
566 1843 694 1884 etiam
711 1843 849 1884 morbi
864 1844 955 1884 aliis
972 1844 1318 1884 evacuationibus
1335 1850 1552 1895 curantur,

93 1922 190 1949 cum
211 1913 357 1950 tamen
373 1924 479 1963 quae
501 1910 761 1952 adhibentur
781 1911 969 1952 remedia
988 1925 1076 1952 non
1096 1912 1233 1965 magis
1253 1913 1420 1966 proprie
1441 1927 1553 1953 com-

92 1980 240 2029 petant
255 1977 526 2019 immediatae
548 1979 759 2019 curationi
774 1979 954 2020 istorum
970 1979 1217 2020 morborum
1233 1980 1305 2033 qui
1327 1980 1385 2021 eis
1403 1995 1555 2021 sanan-

92 2048 165 2084 tur
185 2045 542 2095 emanationibus,
561 2046 714 2098 quibus
729 2047 934 2088 faciendis
948 2047 1157 2101 ejusmodi
1170 2047 1358 2088 remedia
1372 2048 1555 2089 maxime

93 2112 260 2166 proprie
294 2112 588 2165 designantur,
612 2128 738 2166 quam
762 2115 1009 2168 scalpellum
1041 2115 1366 2168 phlebotomum
1400 2117 1555 2169 pleuri-

92 2179 184 2228 tidi‚
213 2180 326 2234 quod
352 2186 498 2221 tamen
526 2195 652 2221 nemo
673 2182 824 2235 opinor
851 2182 1091 2234 Specificum
1118 2182 1247 2236 hujus
1277 2183 1414 2223 morbi
1434 2183 1555 2224 facile

96 2248 367 2301 appellaverit
377 2260 407 2289 g.

159 2316 266 2370 [24]
307 2317 510 2370 Specifica
534 2316 711 2370 proinde
737 2317 1063 2367 medicamenta,
1087 2317 1121 2356 si
1150 2317 1202 2357 ad
1227 2317 1338 2358 hanc
1365 2322 1554 2358 mentem

94 2388 285 2424 nostram
305 2385 632 2438 restringantur,
655 2399 743 2425 non
765 2385 894 2425 cuivis
916 2385 1079 2425 homini
1102 2385 1384 2438 contingunt,
1416 2400 1554 2439 noque

93 2451 373 2492 oscitantibus
401 2456 562 2493 temere
588 2463 631 2493 se
659 2453 887 2506 ingerunt3
925 2453 1069 2492 nullus
1101 2458 1247 2492 tamen
1276 2452 1424 2493 dubito
1451 2454 1554 2506 quin

93 2518 140 2559 in
171 2519 407 2560 exundanti
439 2520 512 2560 illa
541 2521 808 2574 plenitudine
835 2535 919 2574 qua
942 2525 1088 2572 turget
1119 2520 1289 2560 Natura
1317 2521 1554 2574 diffluitque

97 2586 173 2639 (ita
195 2587 374 2641 jubente
395 2588 570 2641 Optimo
592 2589 784 2629 Maximo
805 2603 948 2629 rerum
969 2588 1161 2628 omnium
1184 2588 1478 2641 Cos-mmmm
1507 2589 1553 2629 in

96 2652 361 2706 singulorum
383 2657 781 2708 praeservationcm,
804 2661 1075 2709 prospectum
1103 2656 1262 2709 pariter
1284 2656 1337 2696 sit
1359 2656 1411 2697 (10
1432 2670 1552 2697 cura-

94 2720 210 2762 tione
231 2723 439 2763 malorum
460 2723 595 2778 magis
617 2724 851 2776 insignium
874 2738 980 2776 quac
1002 2723 1194 2764 homines
1216 2729 1369 2765 vexant
1382 2741 1394 2774 3
1425 2724 1553 2778 idque

95 2802 170 2842 pro
191 2789 350 2830 foribus
377 2796 419 2831 et
444 2791 490 2830 in
511 2790 648 2845 patrio
679 2791 907 2845 cujuslibet
939 2791 1041 2832 solo.
1103 2792 1159 2832 Et
1189 2806 1290 2833 sane
1321 2792 1553 2833 dolendum

97 2860 159 2897 est
180 2857 423 2912 plantarum
445 2863 643 2900 naturam
666 2858 858 2900 nondum
887 2860 1021 2912 magis
1043 2860 1258 2914 explorato
1287 2860 1409 2902 nobis
1431 2861 1552 2901 111110-

570 2949 584 2968 8
610 2944 659 2973 (Ὗ.
679 2946 777 2983 Epist.
796 2945 937 2983 Respons.
957 2946 999 2975 Il.
1018 2947 1031 2982 ξ
1051 2946 1101 2974 33.
