1985 3308
195 281 250 311 Dr,
267 281 379 311 Vam-

193 332 270 353 ους
289 323 382 353 Cox-

216 375 363 396 FLUENT.

403 166 490 206 360
815 166 1070 207 THOMAE
1104 165 1443 206 SYDENHAM

589 269 862 304 contundantur
884 270 988 304 simul
1013 271 1049 304 in
1073 270 1237 303 mortario
1262 279 1470 309 marmoreo,
1494 268 1622 301 sensim
1643 268 1858 303 affundendu

752 327 876 372 Aquae
895 327 1030 361 Hordei
1048 327 1288 370 sesquilibram
1303 340 1310 358 z

585 385 772 418 Colaturae
789 384 878 418 adde
896 384 1058 418 Sacchari
1076 382 1268 427 crystallini
1286 382 1518 425 quantitatem
1536 381 1785 423 sufficientem3

587 441 667 475 Fiat
687 441 844 483 emulsio,
863 441 906 474 de
929 452 999 485 qua
1023 441 1121 473 bibat
1145 438 1339 472 cochlearia
1365 438 1548 472 duodecim
1575 446 1698 483 quarta
1721 452 1858 485 quaque

584 499 679 532 hora.

397 582 529 626 [Form.
549 581 622 622 68]
676 581 716 633 R
744 584 864 627 Aquae
883 581 1025 615 Florum
1045 580 1260 624 paralyseos,

747 639 902 682 [Aquae]
923 637 1164 683 Nymphaeae,

748 698 905 741 [Aquae]
927 695 1136 729 Germinum
1154 693 1323 734 Quercus,

745 753 900 798 [Aquae]
930 752 1160 796 PlantaginiS,
1177 762 1246 785 ana
1262 750 1490 791 semunciam,

746 811 847 844 Aceti
868 809 1009 849 Stillati,

745 868 867 910 Aquae
885 866 1110 899 Cinnamomi
1130 864 1344 905 Hordeatae‚
1362 876 1429 898 ana
1448 865 1631 899 drachmas
1648 871 1728 906 tres,

747 923 986 957 Confectionis
1003 921 1046 956 de
1064 922 1268 967 Hyacintho
1285 922 1487 956 drachmam
1505 922 1699 963 dimidiam,

748 980 875 1025 Syrupi
894 979 936 1013 de
954 979 1119 1013 Meconio
1136 980 1277 1013 unciam
1294 990 1422 1019 unam3

580 1037 712 1078 Misce;
738 1037 799 1070 fiat
814 1037 960 1070 haustus
976 1036 1062 1070 hora
1078 1037 1191 1070 somni
1209 1035 1408 1070 sumendus.

458 1118 566 1172 [53]
615 1117 735 1158 “Die
776 1122 935 1167 octavo,
972 1130 1070 1157 cum
1111 1116 1249 1156 adhuc
1288 1116 1466 1157 instaret
1506 1116 1647 1167 febris,
1685 1117 1855 1170 sanguis

392 1186 536 1226 minae
564 1186 777 1225 immistus
806 1184 1013 1239 copiosius
1039 1184 1184 1234 exiret,
1207 1188 1249 1224 et
1276 1184 1493 1237 petechiae
1522 1184 1567 1223 in
1594 1198 1854 1238 praememo-

391 1253 492 1293 ratis
523 1253 714 1306 partibus
745 1266 996 1293 numerosae
1027 1256 1334 1305 comparerent,
1360 1252 1503 1292 omnia
1532 1252 1636 1292 haec
1667 1257 1853 1306 sympto-

391 1326 506 1361 mata
527 1335 551 1361 a
578 1320 795 1374 sanguinis
819 1321 968 1370 calore,
990 1319 1214 1369 tenuitate,
1237 1324 1279 1360 et
1308 1319 1549 1370 acrimonia,
1572 1319 1671 1360 oriri
1691 1321 1853 1374 conjec-

390 1394 499 1438 tans,
518 1388 770 1442 sanguinem
792 1388 978 1429 secunda
993 1387 1081 1428 vice
1104 1387 1285 1427 detraxit
1299 1405 1310 1437 3
1332 1387 1613 1427 liberaliorem
1634 1387 1853 1428 ceretisiae

389 1455 528 1495 tenuis
563 1470 702 1505 usum,
735 1455 803 1496 cui
837 1455 990 1495 vitrioli
1026 1454 1197 1508 spiritus
1233 1454 1288 1494 ad
1328 1460 1497 1507 gratum
1535 1468 1700 1494 acorem
1736 1454 1852 1508 prius

390 1522 683 1573 instillabatur,
707 1523 937 1572 concessit;
970 1537 1095 1576 quam
1123 1536 1220 1563 cum
1241 1522 1449 1562 fastidiret
1478 1536 1614 1575 aeger,
1637 1528 1852 1575 possctum

390 1604 413 1629 e
442 1604 562 1631 succo
583 1590 792 1631 limonum
820 1596 861 1631 et
882 1591 991 1631 lacte
1019 1590 1058 1630 ei
1077 1589 1266 1640 indulsit,
1288 1590 1353 1629 uti
1381 1590 1508 1630 etiam
1529 1589 1738 1630 limonum
1759 1590 1851 1643 pul—

388 1672 486 1710 pam
511 1657 556 1697 in
580 1658 754 1698 taleolas
776 1658 951 1698 diuisam
977 1662 1019 1698 et
1046 1658 1244 1698 saccharo
1270 1657 1518 1697 involutam.
1581 1657 1780 1698 Addebat
1809 1662 1851 1698 et

389 1725 608 1778 sequentia
624 1742 690 1765 :—

389 1815 522 1858 [Form.
541 1817 616 1859 fia]
667 1813 707 1856 R
736 1815 930 1848 Conservae
950 1813 1108 1857 Lujulae,

736 1872 967 1913 [Conservae]
989 1869 1217 1915 Cynorrhodn
1235 1881 1304 1903 ana
1321 1870 1549 1910 semunciam,

737 1928 974 1962 Confectionis
991 1927 1033 1960 de
1053 1927 1256 1971 Hyacintho
1275 1926 1458 1960 drachmas
1476 1933 1556 1966 tres,

738 1984 933 2018 Diascordii
951 1984 1285 2028 sesquidrachmam,

735 2042 878 2075 Corallii
897 2041 1007 2075 Rubri
1024 2042 1232 2086 praeparati,

735 2098 926 2142 Sanguinis
945 2098 1127 2139 Draconis,

733 2156 813 2190 Boli
830 2157 1014 2196 Armenae,
1031 2167 1099 2189 ana
1115 2156 1314 2200 scrupulum
1333 2167 1454 2196 unum,

733 2213 860 2258 Syrupi
878 2213 920 2247 de
940 2212 1145 2258 Symphyto,

734 2270 880 2315 [Syrupi
897 2269 957 2315 de]
978 2269 1153 2310 Pilosella‚
1171 2281 1239 2303 ana
1257 2270 1491 2313 quantitatem
1510 2268 1739 2303 sufficientem

568 2334 609 2362 ut
627 2327 687 2361 fiat
703 2328 830 2372 opiata,
849 2327 892 2360 de
908 2338 976 2371 qua
996 2327 1112 2371 capiat
1130 2328 1364 2370 quantitatem
1382 2326 1562 2359 avellanae
1587 2333 1686 2359 sexta
1705 2336 1844 2370 quaque

568 2385 663 2425 hora,
681 2383 935 2429 superbibendo
956 2384 1158 2417 haustulum
1181 2384 1247 2417 seri
1264 2384 1362 2416 lactis
1382 2394 1483 2417 succo
1504 2383 1676 2416 limonum
1702 2382 1785 2416 facti
1810 2388 1845 2416 et

568 2442 730 2476 saccharo
754 2441 832 2475 albo
855 2441 1055 2480 edulcorati,
1074 2441 1126 2474 vel
1154 2440 1298 2474 Decocti
1323 2440 1521 2474 Vulnerarii
1547 2440 1679 2485 Spiritu
1704 2439 1843 2474 Vitrioli

570 2498 746 2532 acidulati.

443 2581 468 2599 “
484 2577 674 2618 Haustus
690 2577 890 2617 hesterna
905 2581 1029 2617 nocte
1050 2576 1332 2630 praescriptus
1352 2581 1569 2630 repetatur
1584 2589 1682 2616 cum
1699 2575 1841 2629 syrupi

385 2644 436 2685 de
456 2645 648 2685 meconio
669 2644 881 2685 drachmis
903 2644 1062 2684 decem.

449 2712 556 2766 [542]
596 2716 622 2734 “
637 2712 766 2753 Nono
787 2711 866 2762 die,
896 2711 1112 2765 petechiae
1142 2711 1348 2765 paulatim
1373 2710 1692 2760 evanescebant,
1714 2709 1840 2750 urina

384 2779 524 2820 minus
555 2780 759 2834 sanguine
794 2780 994 2830 scatebat,
1027 2780 1179 2834 quique
1213 2780 1351 2821 inerat
1379 2779 1550 2832 sanguis
1580 2778 1742 2818 facilius
1775 2791 1838 2818 se-

384 2847 621 2898 parabatur,
647 2855 689 2888 et
713 2848 898 2888 matulae
925 2848 1105 2888 fundum
1131 2848 1332 2888 libentius
1362 2847 1555 2901 petebat:
1587 2845 1839 2887 hortabatur

384 2914 525 2967 itaque
553 2929 726 2968 aegrum
747 2922 796 2956 ut
822 2916 867 2956 in
894 2917 1174 2957 remediorum
1193 2917 1346 2957 horum
1367 2930 1448 2957 usu
1477 2919 1771 2969 perseveraret,
1793 2919 1836 2954 et
