1985 3308
291 135 816 178 OBSERVATIONUM
846 137 1224 179 MEDICARUM
1255 151 1319 184 IV.
1348 154 1378 184 1.
1480 141 1558 180 161

106 235 265 276 ventris
286 236 486 277 Termina
507 237 735 278 admodum
756 238 863 278 levia
885 238 1145 289 accederent,
1162 253 1278 279 nunc
1300 239 1437 280 soluta
1457 241 1560 290 alvo,
1593 251 1756 282 Cowswr.

106 317 223 344 nunc
253 318 350 345 vero
381 305 575 354 astricta3
623 320 741 358 quae,
774 320 872 345 cum
902 306 1018 346 illam
1052 306 1230 346 Febrem
1267 306 1562 359 quadantenus
1583 294 1764 366 ἐζζὲξζῖζΜ

106 371 282 412 referret
313 387 419 426 quae
447 373 604 414 morbis
633 373 830 426 praefatis
858 388 946 413 non
973 373 1267 426 infrequenter
1295 373 1562 423 adhaerebat,
1605 380 1740 410 ’fist-'72-

105 439 250 479 Febris
264 441 557 492 Dysentericae
572 440 745 481 nomine
763 440 813 480 ab
832 441 922 480 aliis
940 440 1242 493 distinguenda
1264 445 1326 480 cst
1339 457 1350 490 ;
1382 440 1564 480 maxime

105 519 204 546 cum
239 508 302 559 (ut
336 522 435 548 mox
472 508 525 562 [e.
549 510 589 548 4.
616 510 636 563 ξ
663 508 720 561 1.]
764 507 1037 560 docebimus,)
1073 523 1097 548 a
1127 508 1407 561 Dysenteriae
1439 508 1564 561 genio

106 578 232 627 atque
262 575 404 615 indole
425 575 471 615 in
496 590 544 616 eo
571 580 741 615 tantum
762 576 989 625 recederet,
1009 576 1120 629 quod
1143 576 1449 629 dejectionibus
1470 576 1562 616 istis
1582 610 1691 641 Febriq

105 642 286 683 caruerit
309 657 415 696 quae
442 643 488 682 in
516 643 771 697 Dysenteria
790 642 1080 683 indesinenter
1104 643 1401 693 molestabant,
1424 648 1559 684 caete-
1581 635 1736 701 bysente-

103 709 245 763 risque
272 710 323 750 iis
351 710 585 750 effectubus
607 724 714 763 quae
745 710 845 750 huic
878 710 1141 750 evacuationi
1171 710 1406 750 necessario
1435 709 1559 750 debe·
1578 706 1652 732 ¹³⁰²*
1674 697 1758 736 ¹³5*

1578 739 1695 768 enteria
1712 749 1744 767 se

104 776 275 818 bantur.
354 778 598 830 Appetente
639 778 730 831 jam
776 777 960 817 brumali
1004 777 1159 830 frigore
1203 777 1458 831 Dysenteria
1507 777 1558 817 ad
1578 781 1616 810 ad
1633 785 1713 810 tem-

103 847 272 897 tempus
305 859 347 885 se
376 845 591 894 subduxit,
621 845 766 885 Febris
798 850 941 885 autem
972 845 1253 898 Dysenterica
1283 845 1416 897 magis
1445 859 1558 898 gras·
1578 824 1725 902 Ηὲἶθῗιῐὲ,

105 911 301 962 sabatur,
332 913 528 953 Variolae
550 913 692 963 etiam,
714 917 756 953 at
776 913 964 952 mitiores
986 918 1029 953 et
1049 913 1192 953 fractis
1214 913 1443 953 admodum
1464 913 1559 952 viri-
1579 908 1682 967 ungis

103 978 196 1029 bus,
221 980 473 1033 quibusdam
500 980 546 1020 in
566 980 668 1020 locis
689 980 964 1033 impetebant.
1577 961 1703 1023 igidi-a-

170 1047 248 1101 [3.]
286 1048 415 1088 Anno
435 1061 532 1087 vero
554 1047 838 1100 subsequente
858 1048 926 1087 vix
948 1047 1049 1087 dum
1070 1048 1273 1100 ingresso,
1295 1048 1385 1101 ipso
1406 1061 1558 1100 nempe
1613 1054 1728 1093 1670.

106 1115 133 1155 J
136 1116 322 1166 aunario,
346 1129 581 1155 successere
606 1115 810 1164 Morbilli,
834 1116 906 1168 qui
933 1115 1069 1155 indies
1095 1116 1302 1155 auctiores
1330 1115 1442 1165 facti,
1464 1116 1559 1155 nul-

104 1183 190 1223 lam
217 1183 303 1223 fere
334 1182 549 1232 familiam,
575 1182 715 1222 nullos
744 1183 892 1222 saltem
920 1183 1106 1223 infantes
1127 1183 1310 1223 intactos
1339 1183 1536 1223 sinebant
1549 1200 1561 1232 3

105 1255 232 1303 atque
263 1250 316 1290 ad
344 1264 522 1291 vernum
549 1264 683 1303 usque
715 1249 1030 1303 aequinoctium
1058 1251 1214 1290 sensim
1242 1250 1561 1299 invalescentes,

105 1317 156 1358 ab
183 1318 256 1358 illo
283 1322 473 1371 tempore
500 1317 650 1358 iisdem
678 1317 809 1357 ferme
838 1317 991 1370 quibus
1019 1318 1336 1357 insurrexerant
1362 1317 1562 1370 gradibus

103 1385 309 1438 paulatim
343 1385 584 1425 referebant
619 1384 784 1438 pedem,
814 1390 856 1424 et
890 1386 916 1424 J
920 1385 1006 1425 ulio
1042 1398 1188 1425 mense
1225 1398 1445 1434 evanuere,
1475 1399 1564 1424 non

104 1453 284 1507 amplius
309 1453 386 1493 visi
416 1467 490 1507 per
518 1467 587 1494 eos
620 1467 754 1493 annos
775 1466 922 1493 omnes
952 1452 1105 1505 quibus
1132 1452 1432 1492 dominabatur
1452 1452 1564 1492 Con-

104 1520 270 1561 stitutio
299 1520 427 1570 haec;
470 1521 553 1560 nisi
589 1520 701 1574 quod
730 1520 921 1573 proximo
957 1534 1082 1570 anne,
1113 1534 1163 1560 ea
1191 1520 1282 1573 ipsa
1311 1524 1565 1573 tempestate

105 1602 188 1642 qua
206 1589 253 1629 in
272 1589 551 1642 praecedente
573 1593 814 1641 eruperant,
836 1587 920 1628 rari
940 1588 1019 1628 hac
1040 1588 1135 1628 illac
1157 1587 1476 1641 dissiparentur.

169 1656 248 1709 [4.]
285 1656 478 1696 Morbilli
507 1656 578 1696 isti
607 1655 880 1696 Variolarum
915 1655 1074 1708 generi,
1103 1655 1209 1695 mihi
1239 1655 1445 1695 hactenus
1475 1669 1564 1695 non
1582 1665 1727 1713 Morbiili

105 1723 286 1776 cognito,
308 1724 418 1764 viam
446 1723 692 1764 sternebant
705 1740 715 1772 3
749 1737 865 1776 quas,
887 1727 936 1763 ut
965 1737 990 1763 a
1014 1723 1189 1763 caeteris
1211 1722 1485 1775 distinguam,
1508 1723 1561 1763 ob
1579 1708 1718 1737 vanohs

1581 1749 1751 1780 Anomalis

104 1791 397 1844 phaenomena
425 1791 674 1844 irregularia
702 1791 991 1843 inusitataque
1023 1805 1047 1830 a
1076 1804 1145 1830 me
1175 1790 1406 1840 observata,
1439 1790 1562 1843 (quae
1581 1792 1768 1822 Constituti-

105 1864 250 1911 postea
277 1859 330 1912 [c.
354 1859 414 1912 6.]
439 1858 485 1898 in
506 1858 738 1898 earundem
758 1858 935 1899 historia
954 1858 1207 1911 tradentur)
1228 1872 1253 1898 a
1271 1857 1562 1910 praecedentis
1579 1835 1752 1906 (ζὲζίτῗζῖ

106 1925 420 1966 constitutionis
440 1925 606 1965 variolis
626 1925 753 1977 longe
775 1925 990 1974 distantia,
1012 1926 1201 1964 Variola-⁹
1217 1925 1442 1964 Anomalas
1461 1925 1562 1964 Con-
1580 1920 1758 1991 ζξζξῃῗῖθῑ·

106 1994 330 2033 stitutionis
351 1994 643 2044 Dysenterz'cae
670 1993 919 2045 compellare
940 1992 1073 2032 lubet.
1134 1991 1331 2032 Variolae
1351 1991 1442 2041 hae,
1464 1992 1563 2031 licet
1582 2016 1656 2046 Quo
1672 1984 1721 2044 or·—

107 2062 319 2103 Morbillis
340 2063 466 2115 longe
493 2061 863 2114 infrequentiores,
886 2075 974 2101 non
998 2074 1154 2114 paucos
1178 2066 1323 2101 tamen
1346 2061 1562 2114 aggredie-
1581 2055 1749 2128 dinebyarii

105 2129 275 2177 bantur,
310 2129 443 2170 donec
482 2129 710 2169 inchoante
748 2142 894 2168 mense
926 2128 1042 2168 Julio
1073 2127 1228 2168 Febres
1260 2127 1562 2181 Dysentericae
1580 2108 1733 2171 ἓὲῖζῃᾷἒῗ

105 2197 408 2250 praevalerent,
434 2196 663 2249 epidemiee
684 2196 962 2236 incursantes.
1014 2195 1349 2248 Approximante
1370 2209 1466 2235 vero
1488 2209 1560 2235 au-
1579 2184 1727 2256 22:123?

105 2270 270 2314 tumne,
306 2265 517 2317 (Augusto
548 2263 734 2315 scilicet,)
771 2263 1050 2317 Dysenteriae
1085 2261 1345 2315 postliminio
1379 2266 1559 2302 reverte·
1577 2269 1651 2303 ’7ος

105 2331 276 2382 bantur,
301 2336 426 2384 atque
455 2331 597 2371 omnia
616 2330 926 2384 pervastabant,
952 2331 1079 2370 etiam
1107 2329 1406 2370 inclementius
1435 2343 1563 2381 quam

105 2413 349 2453 praegresso
379 2413 491 2439 anno
519 2398 804 2439 desaevientes
819 2415 830 2448 3
871 2397 1063 2451 hyberno
1093 2402 1239 2437 tamen
1264 2396 1413 2449 frigori
1442 2401 1564 2448 terga

105 2466 329 2516 dederunt,
346 2471 395 2507 ut
416 2466 546 2519 prius.
591 2466 754 2506 Verum
776 2465 989 2505 enimvero
1011 2465 1075 2504 his
1095 2464 1266 2517 fugatiS,
1284 2463 1565 2517 Dysenteriea

107 2534 252 2575 Febris
274 2540 316 2575 et
339 2534 535 2575 Variolae
555 2533 753 2587 hyemem
775 2547 945 2573 omnem
965 2533 1252 2573 funestabant.

171 2602 250 2656 [5.]
287 2603 347 2642 At
378 2602 488 2642 eirca
516 2601 688 2641 initium
720 2601 940 2641 Februarii
971 2600 1073 2640 anni
1103 2599 1379 2652 insequentiS‚
1409 2597 1562 2638 substi-
1614 2605 1729 2643 1671.

105 2670 212 2710 tutis
232 2670 441 2710 Tertianis
472 2668 878 2718 Intermsttentibns,
901 2673 1079 2721 uterque
1109 2667 1281 2707 morbus
1305 2666 1439 2706 rarior
1468 2680 1562 2719 pro-
1582 2661 1765 2727 q11oefi31ffi

107 2737 238 2778 dibat.
277 2737 427 2777 Dictae
444 2737 801 2785 Intermittentes,
818 2736 916 2775 licet
938 2749 1024 2775 non
1043 2734 1272 2775 admodum
1293 2733 1562 2786 epidemicae,
1582 2725 1664 2745 ³¹¹¹¹⁰
1696 2717 1729 2747 ‘¹
1746 2729 1753 2751 ³

106 2805 412 2859 frequentiores
425 2810 571 2845 tamen
585 2809 706 2844 erant
720 2818 846 2856 quam
864 2803 1008 2856 quovis
1026 2803 1106 2842 alio
1119 2808 1310 2855 tempore
1323 2801 1563 2842 observasse

106 2886 176 2913 me
197 2872 385 2923 memini,
409 2887 433 2913 a
454 2887 536 2925 quo
558 2871 713 2912 seilicet
736 2871 938 2924 expiravit
965 2870 1212 2911 constitutio
1233 2870 1315 2911 ista
1336 2884 1462 2923 quam
1485 2868 1564 2910 sibi

826 2952 853 2979 Y
