1985 3308
620 117 967 160 TRACTATUS
1001 118 1037 158 I.
1472 119 1556 159 423

101 243 181 270 non
202 229 342 279 cruda,
364 231 458 269 sunt
478 223 749 276 medicandus,
775 225 904 279 [Aple.
926 223 954 264 i.
972 225 1044 264 22.
1061 228 1164 264 tom.
1183 223 1241 263 iii.
1259 237 1298 276 p.
1324 223 1440 277 711.]
1470 228 1558 264 tam
1589 236 1642 266 Di:
1661 236 1750 267 Pon-

99 298 145 338 in
177 296 400 338 sudoribus
435 294 723 350 provocandis,
747 307 874 347 quam
903 293 950 332 in
981 291 1255 332 subducenda
1285 291 1389 341 alvo,
1416 292 1557 332 locum
1620 289 1721 309 ΛΟΜ·

98 364 242 406 habet.
324 364 451 406 Quod
484 363 655 417 quidem
689 361 849 415 liquido
889 364 1055 400 constat
1091 373 1142 400 ex
1174 359 1324 399 sudore
1362 359 1434 399 illo
1475 374 1558 413 quo

97 447 374 486 paroxysmus
413 431 596 472 febrium
635 428 1015 470 intermittentium
1055 427 1196 468 claudi
1236 427 1355 477 solet,
1397 427 1482 480 qui,
1524 428 1558 467 si

97 501 288 541 modicus
309 500 436 541 fuerit
462 503 505 541 et
534 498 736 539 materiae
766 496 926 538 febrilis
955 510 980 536 a
1006 495 1287 550 praecedente
1307 508 1556 549 paroxysmo

97 573 323 609 concoctae
344 567 575 621 quantitati
596 571 692 620 apte
713 565 984 619 respondens,
1003 578 1178 618 aegrum
1197 563 1423 617 insigniter
1433 563 1555 617 juvat

95 636 290 689 levatque
306 653 317 686 ς
350 636 385 675 si
405 650 502 676 vero
523 635 636 675 ultra
651 635 844 675 Naturae
864 633 1039 674 modum
1060 632 1227 672 sudatio
1242 634 1552 685 promoveatur,

95 716 147 744 ex
168 716 217 744 eo
239 702 352 756 quod
372 716 496 756 aeger
515 702 669 742 lectulo
685 702 846 755 jugiter
867 701 1074 754 affigatur,
1091 700 1182 754 jam
1201 700 1330 741 febris
1351 700 1555 741 continua

94 770 376 821 subnascitur,
399 776 441 811 et
471 784 616 810 recens
646 770 763 810 focus
795 769 1077 819 succenditur,
1100 783 1197 810 cum
1226 769 1306 809 iste
1335 768 1407 822 qui
1436 768 1552 822 prius

94 838 352 893 efflagrabat,
382 838 522 878 fuerat
557 837 884 890 extinguendus.
946 837 1043 877 Pari
1078 837 1244 878 ratione
1277 836 1324 876 in
1359 836 1553 890 Podagra

94 907 224 948 etiam
252 906 360 947 lenis
390 906 461 947 ille
491 905 651 956 mador,
685 905 756 959 qui
786 910 836 945 ut
867 905 1098 958 plurimum
1134 919 1260 946 mane
1296 919 1372 945 sua
1402 910 1552 959 sponte

96 974 234 1015 oritur
253 979 349 1028 post
376 974 590 1015 minorum
618 987 967 1027 paroxysmorum
993 973 1030 1025 (e
1053 972 1205 1026 quibus
1234 973 1437 1027 majorem
1457 987 1550 1026 par-

92 1056 315 1096 oxysmum
337 1047 531 1083 constare
556 1042 598 1097 [ξ
615 1041 673 1095 5.]
704 1040 855 1094 docui‚)
879 1041 1080 1094 singulos,
1102 1045 1192 1081 tam
1213 1040 1400 1081 dolorem
1423 1055 1551 1094 quam

92 1110 434 1164 inquietudinem
466 1110 720 1164 quibuscum
761 1123 886 1163 aeger
916 1114 1008 1150 tota
1047 1114 1172 1150 nocte
1213 1109 1549 1160 conflictabatur,

92 1179 261 1232 mitigat
274 1195 286 1229 ;
337 1193 359 1219 e
387 1184 536 1220 contra
561 1192 672 1228 vero,
700 1177 906 1231 siquando
932 1177 1034 1218 levis
1063 1177 1182 1218 hicce
1208 1177 1368 1227 mador,
1392 1181 1434 1217 et
1456 1191 1550 1218 sua-

90 1250 164 1300 pte
193 1251 349 1287 natura
382 1247 524 1300 fugax,
557 1246 716 1286 diutius
751 1251 794 1286 et
829 1245 1124 1286 vehementius
1156 1244 1387 1299 proritetur
1423 1259 1550 1298 quam

91 1315 174 1356 fert
201 1315 415 1369 proportio
442 1315 645 1355 materiae
675 1314 889 1368 peccantis
916 1315 1006 1368 jam
1037 1314 1089 1354 ab
1117 1314 1269 1354 ultimo
1299 1327 1549 1367 paroxysmo

91 1388 330 1433 concoctae,
366 1382 540 1423 morbus
581 1383 680 1423 inde
716 1382 1002 1423 exacerbatur.
1064 1383 1170 1422 Tam
1204 1382 1348 1435 itaque
1383 1382 1429 1422 in
1470 1381 1549 1423 hoc
1569 1393 1608 1423 In
1625 1395 1728 1424 omni-

90 1465 218 1505 quam
248 1451 295 1492 in
325 1451 416 1491 aliis
446 1450 604 1491 morbis
637 1450 961 1503 quibuscunque
997 1462 1100 1502 quos
1130 1448 1238 1488 mihi
1271 1448 1412 1488 videre
1447 1462 1547 1488 con-
1566 1436 1752 1520 ξζξῶὲξῖζμ

88 1519 200 1573 tigit,
227 1519 415 1573 (dempta
435 1519 524 1560 sola
543 1519 690 1573 peste,)
717 1518 890 1558 sudores
917 1517 1119 1571 prolicere
1145 1531 1234 1557 non
1261 1520 1351 1557 tam
1372 1516 1545 1567 Medici,
1565 1522 1751 1562 tasolapes-

88 1602 217 1642 quam
236 1588 442 1639 Naturae,
464 1588 681 1642 provincia
704 1592 792 1638 est3
824 1601 922 1628 cum
943 1586 1062 1627 nullo
1082 1585 1209 1626 modo
1230 1585 1395 1639 assequi
1415 1586 1546 1640 possi·
1564 1564 1757 1648 ῗΐέᾗῗὲἓζρς

87 1670 196 1707 muS,
223 1660 384 1710 quanta
409 1655 612 1697 materiae
637 1670 732 1710 pars
761 1654 1018 1709 ejuscemodi
1043 1654 1299 1708 separationi
1325 1653 1547 1695 obeundae
1566 1661 1628 1680 ”0¹¹
1645 1657 1712 1681 ‘³¹¹¹

1567 1693 1687 1724 Medici
1705 1699 1751 1724 est

82 1723 260 1779 jamjam
288 1729 352 1765 est
376 1729 536 1778 parata,
559 1738 638 1764 nec
665 1738 740 1777 per
765 1737 1029 1777 consequens
1054 1737 1182 1776 quem
1208 1723 1255 1763 in
1281 1723 1547 1777 provocando
1566 1747 1663 1776 quam
1682 1737 1749 1766 Na-

87 1792 239 1833 sudore
259 1792 435 1833 modum
454 1797 601 1833 tenere
623 1792 864 1833 debeamus.
1563 1786 1741 1852 {ffgssssalm‘

152 1860 260 1913 [28]
297 1860 363 1900 Ex
379 1860 470 1913 jam
491 1860 614 1900 dictis
636 1874 733 1900 cum
757 1859 858 1900 satis
879 1859 1039 1912 liqueat
1061 1873 1149 1900 non
1171 1859 1307 1900 solum
1328 1859 1546 1913 Podagrae

90 1927 354 1967 curationem
379 1942 403 1967 a
425 1927 747 1968 medicamentis
775 1927 1078 1968 evacuantibus
1105 1927 1318 1967 incassum
1345 1928 1446 1981 peti,
1473 1928 1547 1968 sed

88 1998 131 2034 et
152 1993 299 2035 eadem
320 1992 583 2050 ΠοδαὙρῶσι
602 2009 758 2035 noxam
783 1995 956 2044 adferre,
978 1999 1111 2035 restat
1131 2000 1181 2036 ut
1203 1996 1472 2049 exquiramus
1495 1996 1548 2036 ad

87 2076 214 2116 quem
245 2062 376 2102 alium
407 2076 580 2116 scopum
610 2063 823 2104 curativae
849 2062 1128 2103 indicationes
1158 2068 1259 2103 sunt
1288 2063 1546 2117 dirigendae.

85 2130 179 2183 Ego
209 2130 381 2184 quidem
412 2144 463 2171 ex
494 2135 691 2172 accurata
721 2129 981 2185 φαινομένων
1010 2131 1324 2185 praedictorum
1355 2133 1547 2173 omnium

85 2198 367 2252 pensitatione
394 2203 436 2239 et
458 2199 652 2253 diligenti
678 2199 871 2240 examine
899 2200 1063 2253 colligo,
1087 2199 1252 2241 duabus
1277 2200 1545 2254 potissimum
1567 2215 1690 2245 Causae

86 2267 222 2308 causis
242 2267 289 2308 in
308 2267 485 2322 hujusce
513 2268 651 2309 morbi
680 2268 898 2309 curatione
927 2267 1092 2308 obviam
1116 2268 1169 2308 iri
1190 2268 1342 2310 debere
1361 2286 1368 2310 :
1402 2270 1546 2311 Prima
1563 2263 1687 2288 amec*

86 2340 148 2376 est
176 2349 303 2376 causa
331 2336 599 2387 antecedens,
630 2336 714 2378 sive
741 2337 971 2377 humorum
1001 2336 1240 2390 indigestio,
1271 2351 1295 2378 a
1321 2338 1471 2379 coloris
1502 2343 1544 2379 et
1562 2301 1710 2373 (elini-iiim-

87 2403 314 2456 spirituum
343 2404 604 2445 naturalium
640 2404 810 2446 defectu
845 2409 938 2446 orta
953 2421 965 2456 3
1017 2405 1150 2446 altera
1185 2410 1248 2446 est
1289 2419 1416 2447 causa
1445 2421 1544 2447 con-
1562 2388 1740 2458 ῗῗᾶῗξζᾈῗιῗ,

86 2471 243 2521 tinens,
277 2471 361 2512 sive
401 2473 634 2513 eorundem
668 2473 898 2514 humorum
939 2473 1052 2514 calor
1087 2478 1129 2514 et
1165 2475 1438 2525 exaestuatio,
1469 2475 1545 2516 ubi
1563 2471 1638 2501 ‘¹⁰¹⁰
1655 2478 1709 2501 ‘³⁵1-

81 2538 173 2592 jam
208 2543 302 2580 tum
332 2540 615 2593 putredinem,
646 2545 741 2582 tum
778 2541 907 2582 etiam
943 2541 1197 2591 acredinem,
1228 2542 1345 2582 nacti
1374 2547 1489 2593 sunt,
1521 2557 1547 2583 a

85 2619 206 2646 mora
225 2606 271 2646 in
292 2620 464 2661 corpore
486 2623 613 2662 quam
640 2614 885 2663 oportuerat
911 2608 1191 2658 diuturniore,
1214 2622 1321 2662 quae
1348 2623 1467 2649 mora
1492 2609 1544 2650 ab

85 2674 406 2717 inconcoctione
428 2690 555 2731 supra
581 2681 816 2718 memorata
840 2677 1011 2731 pendet.
1075 2677 1169 2717 Hae
1196 2691 1346 2718 causae
1372 2678 1434 2718 ita
1461 2682 1544 2719 toto

87 2746 194 2786 coelo
228 2745 357 2799 (quod
392 2746 542 2798 aiunt,)
583 2760 607 2787 a
637 2760 681 2787 se
716 2746 898 2787 invicem
934 2745 1188 2799 discrepant,
1219 2750 1269 2786 ut
1305 2760 1410 2800 quae
1444 2746 1544 2788 huic
1563 2759 1627 2790 Hie
1643 2761 1737 2792 affec-

86 2819 265 2867 prosunt
286 2814 485 2864 remedia,
507 2814 630 2856 alteri
651 2813 793 2855 obsint
807 2830 818 2863 ;
860 2813 975 2853 unde
1002 2813 1071 2852 hic
1100 2812 1276 2853 affectus
1303 2813 1365 2854 ita
1392 2819 1543 2856 curatu
1560 2804 1663 2877 22³?ss
1664 2815 1748 2878 (101ζέ

374 2898 384 2918 f
410 2901 460 2931 Cf.
479 2903 598 2932 Observ.
618 2902 699 2932 Med.
718 2900 760 2930 iii.
780 2901 807 2932 3.
827 2901 864 2935 9;
891 2902 995 2930 Sched.
1014 2901 1122 2930 Monil.
1142 2901 1167 2929 J.
1186 2901 1199 2937 ἓ
1219 2900 1271 2930 39.
