1985 3308
238 253 292 283 Di:

205 296 327 326 Inuca

173 339 358 369 Pissmxn.

178 1030 350 1060 CURArio.

374 135 460 174 580
782 131 1040 174 THOMAE
1074 130 1416 173 SYDENHAM

377 239 672 295 symptomatis
704 238 982 288 cessantibus,
1010 237 1290 279 nihilominus
1315 236 1369 277 ad
1396 236 1662 277 curationem
1685 236 1836 277 confir-

376 309 577 350 mandam
608 323 684 363 per
714 308 875 361 aliquot
903 306 1042 347 adhuc
1068 310 1216 346 noctes
1244 304 1383 358 capiat
1411 303 1523 344 idem
1546 303 1838 358 peregoricum

375 378 422 419 in
446 377 598 419 minori
620 376 711 417 dosi
732 375 927 417 cubitum
948 374 1098 415 iturus.

929 561 1055 601 CAP.
1089 561 1297 601 XXVII.s

765 652 829 691 De
849 652 984 691 Fluoeu
1004 651 1210 691 Men-sium
1231 652 1456 691 immodico.

438 749 794 790 MENSTRUORUM
817 748 977 788 Fluxus
997 747 1252 789 naturaliter
1281 748 1539 789 constitutus
1560 748 1839 802 capacitatem

378 822 514 858 testae
535 818 601 858 ovi
622 817 808 858 anserini
834 817 995 871 implet.
1057 815 1184 857 Patet
1213 821 1358 857 autem
1385 815 1638 857 immodicus
1659 830 1711 857 ex
1732 816 1839 856 diffi-

380 886 450 927 cili
482 886 721 937 tolerantia,
758 886 911 926 virium
945 885 1081 939 lapsu,
1116 885 1423 939 inappetentia,
1457 885 1666 936 cachexia,
1701 885 1840 926 colore

381 954 645 1005 cadaveroso,
669 959 711 995 et
733 954 890 1008 pedum
910 952 1256 993 intumescentia.

438 1024 645 1064 Mittatur
666 1023 838 1077 sanguis
860 1037 881 1064 e
901 1022 1075 1063 brachio
1097 1021 1150 1062 ad
1171 1021 1318 1062 uncias
1348 1026 1467 1062 octo:
1500 1021 1695 1075 sequenti
1715 1035 1842 1062 mane

381 1097 576 1133 sumatur
608 1092 732 1133 Potio
767 1091 998 1145 Purgativa
1029 1090 1293 1140 Communis,
1329 1095 1631 1144 repetaturque
1663 1089 1838 1130 alternis

382 1159 531 1200 diebus
564 1159 618 1199 ad
651 1159 756 1199 duas
793 1159 893 1199 alias
928 1158 1062 1208 vices3
1113 1162 1156 1198 et
1188 1157 1385 1199 noctibus
1414 1164 1511 1212 post
1542 1158 1843 1213 purgationem

381 1227 675 1281 paregoricum
697 1241 720 1268 e
742 1241 896 1281 syrupo
918 1227 970 1267 de
990 1227 1184 1268 meconio
1205 1227 1470 1268 exhibeatur.

440 1297 603 1338 Diebus
625 1311 650 1337 a
668 1296 922 1350 purgatione
940 1296 1082 1336 vacuis
1104 1300 1245 1336 sumat
1267 1296 1488 1350 sequentia
1502 1313 1570 1336 :—

383 1404 517 1445 [Form.
540 1403 657 1445 198]t
691 1401 732 1451 R
760 1404 955 1438 Conservae
973 1403 1145 1438 Rosarum
1164 1403 1343 1437 Siccarum
1359 1404 1482 1438 uncias
1499 1403 1596 1444 duas,
1929 1418 1938 1435 x

756 1461 1022 1496 Trochiscorum
1039 1461 1082 1495 de
1099 1461 1207 1495 Terra
1223 1461 1372 1495 Lemnia
1386 1460 1703 1505 sesquidrachmaiu
1714 1487 1723 1501 ,
1935 1503 1937 1506 Ι

758 1521 906 1555 Corticis
923 1520 1172 1561 Granatorum,
1926 1521 1938 1537 Ἰ

757 1578 900 1612 Corallii
918 1577 1029 1611 Rubri
1047 1578 1254 1622 praeparati,
1935 1574 1937 1577 ’

758 1635 838 1668 Boli
859 1635 1038 1676 Armenae,
1055 1645 1123 1668 ana
1141 1634 1319 1680 scrupulos
1336 1634 1434 1675 duos,

758 1691 902 1737 Lapidis
921 1691 956 1725 H
961 1693 1147 1733 aemafflis,

758 1750 949 1793 Sanguinis
967 1749 1149 1790 Draconis,
1166 1761 1234 1783 ana
1251 1750 1453 1794 scrupulum
1471 1761 1597 1790 unum,
1910 1742 1934 1788 ,J

759 1819 838 1841 cum
856 1807 1048 1840 sufficiente
1065 1808 1260 1851 quantitate
1278 1807 1404 1852 Syrupi
1422 1808 1661 1852 Cydoniorum
1678 1822 1685 1848 ;
1911 1798 1917 1802 ⁸

571 1866 651 1899 Fiat
667 1866 906 1905 electuarium,
923 1864 964 1898 de
982 1875 1050 1908 quo
1068 1870 1184 1898 sumat
1201 1864 1246 1898 ad
1270 1864 1552 1909 magnitudinem
1569 1866 1669 1900 nucis
1685 1865 1842 1900 moscha-

571 1931 627 1958 tae
651 1923 792 1968 majoris
815 1933 919 1956 mane
936 1927 971 1955 et
986 1922 1070 1955 hora
1094 1922 1217 1967 quinta
1242 1922 1494 1967 pomeridiana,
1511 1922 1769 1968 superbibendo
1796 1935 1849 1958 se-

573 1980 712 2026 quentis
723 1979 852 2024 julapii
869 1979 1061 2013 cochlean‘a
1079 1991 1138 2013 sex
1155 1993 1212 2011 :—

389 2079 521 2120 [Fomn.
544 2079 665 2120 199.]¹¹
698 2074 740 2125 R
767 2078 890 2122 Aquae
910 2076 1119 2110 Germinum
1137 2076 1306 2117 Quercus,

764 2132 920 2179 [Aquae]
943 2135 1174 2180 plantaginis,
1190 2147 1259 2169 ana
1277 2137 1397 2170 uncias
1417 2142 1496 2177 tres,

763 2194 884 2238 Aquae
902 2193 1128 2226 Cinnamomi
1147 2193 1364 2232 Hordeatae,

765 2250 894 2296 Syrupi
911 2249 953 2284 de
972 2250 1072 2284 Rosis
1090 2250 1210 2291 Siccis,
1227 2262 1295 2284 ana
1313 2252 1454 2285 unciani
1473 2263 1592 2293 unam,

767 2308 916 2354 Spiritus
941 2309 1080 2343 Vitrioli
1110 2310 1342 2354 quantitatem
1376 2310 1604 2345 sufficientem
1639 2311 1683 2345 ad
1712 2317 1851 2357 gratam

814 2367 1015 2401 aciditateni
1033 2381 1039 2407 ;

582 2426 742 2470 [Misce]

389 2522 524 2563 [Form.
541 2525 666 2566 200.]x
700 2520 740 2564 R
769 2521 943 2555 Foliorum
963 2521 1195 2567 Plantaginis,

765 2577 979 2619 [Foliorum]
1003 2578 1157 2619 Urticae,
1175 2576 1243 2612 ana
1260 2581 1491 2624 quantitatem
1508 2581 1757 2622 sufficientem3

579 2636 854 2672 Contundantur
871 2637 986 2678 simul,
1004 2643 1039 2671 et
1055 2649 1176 2671 succus
1194 2638 1421 2682 exprimatur,
1439 2645 1474 2672 et
1490 2648 1611 2684 postea
1630 2640 1856 2678 clarificetur;

576 2694 618 2728 de
635 2705 705 2739 quo
722 2695 839 2739 capiat
855 2694 1050 2728 cochlearia
1066 2701 1216 2739 quatuor
1233 2695 1285 2729 vel
1309 2697 1464 2741 quinque
1484 2697 1702 2742 saepiuscule
1719 2696 1763 2731 ad
1780 2696 1858 2730 libi-

578 2761 667 2788 tum.
1306 2758 1309 2759 ⁷

434 2874 444 2889 ⁵
470 2869 518 2898 Cf.
538 2870 665 2898 Dia-sert.
685 2869 783 2906 Epist.
803 2869 816 2905 ξ
838 2869 896 2897 135
916 2879 960 2907 sq.
1195 2875 1211 2890 ¹¹
1237 2868 1286 2897 Cf.
1304 2868 1428 2898 forium.
1447 2870 1500 2905 88,
1520 2870 1589 2898 116.

433 2913 443 2933 ¹
469 2912 519 2941 Cf.
536 2912 625 2940 form.
644 2912 694 2941 87.
1195 2914 1212 2931 Χ
1238 2911 1286 2941 Cf.
1304 2911 1394 2941 form.
1414 2913 1464 2941 89.
