1985 3308
187 301 314 331 Fennis

164 344 332 373 SCARLAT.

155 403 262 439 tinent,
282 413 339 433 nec

152 445 234 475 foras
251 456 323 485 pro-

152 488 234 521 deat.
252 498 311 518 nee

151 529 234 560 lecto
250 541 321 570 per-

150 578 246 613 petuo
258 573 326 603 affi-

150 620 252 654 gatur.

360 189 445 228 244
769 184 1024 226 THOMAE
1058 184 1397 226 SYDENHAM

359 291 593 346 spirituosis
626 291 961 345 quibuscunque,
991 296 1084 330 tum
1119 295 1166 330 ut
1199 303 1337 342 neque
1368 302 1547 341 usquam
1577 288 1687 330 foras
1718 303 1813 344 pro·

359 361 469 411 deat,
500 373 638 413 neque
678 372 722 399 se
762 358 968 412 perpetim
1003 358 1113 398 lecto
1153 357 1309 410 affigat.
1372 356 1481 396 Cute
1517 356 1607 409 jam
1642 357 1814 410 penitus

358 428 691 482 desquammata‚
717 431 759 467 et
781 425 1044 466 cessantibus
1066 423 1373 478 symptomatis‚
1400 437 1423 463 e
1443 436 1489 463 re
1509 423 1598 464 fore
1619 424 1815 466 existimo

355 500 405 536 ut
425 500 632 548 purgetur
653 507 778 547 aeger
795 494 884 534 leni
905 493 1046 546 aliquo
1069 491 1394 541 medicamento,
1418 491 1548 532 aetati
1568 497 1695 545 atque
1716 492 1813 533 viri-

355 562 435 603 bus
471 561 754 603 accommodo.
818 559 1009 613 Simplici
1043 559 1123 599 hac
1153 563 1196 599 et
1231 558 1417 599 naturali
1452 559 1577 613 plane
1612 559 1815 601 methodo

353 630 433 671 hoc
463 629 601 671 morbi
630 643 788 670 nomen
823 628 905 681 (vix
936 627 1050 667 enim
1086 626 1214 666 altius
1245 626 1458 679 assurgit,)
1493 627 1584 668 sine
1619 628 1815 669 molestia

354 703 428 738 aut
455 697 642 751 periculo
671 696 816 749 quovis
837 694 1036 735 facillime
1068 693 1255 746 abigitur
1267 710 1279 743 3
1311 707 1408 734 cum
1437 707 1460 734 e
1481 699 1630 735 contra
1655 695 1691 736 si
1716 695 1814 750 plus

353 765 514 817 negotii
550 764 685 817 aegris
720 764 989 811 facessamus,
1019 761 1085 801 vel
1121 761 1287 801 lectulis
1323 761 1593 802 continenter
1626 763 1813 804 incarce-

300 842 303 844 '
352 832 498 882 raudo,
534 831 599 871 vel
639 830 840 871 cardiacis
881 829 1056 882 aliisque
1091 828 1288 869 remediis
1329 829 1646 882 supervacaneis
1686 830 1814 870 nimis

149 1186 335 1224 Quidageu-

147 1229 223 1258 (lum
234 1228 334 1258 sicon-

148 1271 310 1300 vulsiones

149 1313 197 1342 vel
215 1324 305 1343 coma

149 1366 297 1395 superve-

152 1399 266 1429 nerint.

152 2066 260 2098 Quare

147 2112 291 2149 tempore

353 901 475 941 docte
503 905 545 940 et
578 901 641 952 (ut
668 899 794 951 vulgo
822 897 1018 949 ridetur)
1050 896 1285 937 secundum
1317 902 1452 937 artem
1484 911 1611 951 supra
1637 898 1814 939 modum

352 968 543 1021 ingestis,
568 967 741 1008 morbus
773 967 918 1007 statim
945 965 1199 1015 intenditur,
1226 970 1268 1006 et
1299 979 1426 1019 aeger
1455 980 1543 1006 non
1570 980 1667 1007 raro
1695 967 1816 1008 nulla

353 1036 435 1076 alia
475 1035 526 1076 de
566 1049 704 1085 causa,
748 1049 874 1089 quam
921 1033 1055 1074 nimia
1100 1033 1262 1074 Medici
1303 1033 1538 1087 diligentia,
1579 1033 1632 1075 ad
1673 1034 1816 1089 plures

351 1104 521 1156 migrat.

417 1171 521 1225 [3.]e
553 1171 850 1211 Veruntamen
877 1169 958 1210 hoc
985 1168 1412 1210 animadvertendum
1432 1169 1549 1210 volo:
1582 1170 1617 1210 si
1643 1170 1815 1211 convul-

354 1239 491 1280 siones
522 1239 781 1294 epilepticae,
810 1238 877 1279 vel
907 1238 1036 1279 etiam
1067 1251 1198 1288 coma,
1227 1237 1327 1278 huic
1357 1237 1505 1278 morbo
1536 1237 1614 1279 sub
1642 1238 1815 1279 initium

354 1307 587 1361 eruptionis
614 1307 949 1360 supervenerint,
982 1305 1111 1359 (quod
1139 1305 1392 1359 quandoque
1422 1306 1573 1346 accidit
1599 1306 1646 1347 in
1673 1307 1816 1360 pueris

355 1390 401 1415 ac
432 1373 674 1429 junioribus
705 1374 784 1414 hoc
819 1373 968 1415 morbo
1003 1373 1326 1426 laborantibus,)
1358 1374 1532 1415 omnino
1568 1379 1734 1428 oportet
1764 1380 1816 1416 ut

355 1442 654 1496 epispasticum
686 1442 875 1495 amplum
907 1455 953 1482 ac
983 1442 1092 1482 forte
1127 1442 1350 1495 posteriori
1386 1441 1536 1482 cervici
1566 1442 1814 1495 applicetur,

355 1517 482 1563 atque
512 1523 635 1563 porro
675 1515 724 1550 ut
764 1509 1056 1563 paregoricum
1098 1524 1120 1549 e
1162 1524 1316 1563 syl-upo
1353 1510 1405 1550 de
1440 1510 1635 1550 meconio
1670 1510 1815 1550 statim

356 1578 617 1628 exhibeatur,
640 1578 918 1630 repetendum
942 1578 1119 1630 singulis
1149 1578 1346 1618 noctibus
1375 1593 1509 1632 usque
1532 1578 1635 1619 dum
1663 1593 1814 1619 conva-

354 1647 505 1696 luerit,
537 1646 786 1701 imperando
812 1646 984 1686 interim
1007 1652 1053 1685 ut
1077 1660 1202 1698 aeger
1227 1646 1346 1686 bibat
1368 1662 1443 1700 pro
1471 1652 1576 1700 potu
1601 1647 1817 1688 ordinario

354 1715 418 1755 lac
440 1729 537 1755 cum
558 1714 684 1769 triplo
707 1729 839 1768 aquae
861 1719 1042 1764 coctum,
1066 1720 1106 1754 ct
1130 1729 1154 1754 a
1175 1715 1312 1755 carnis
1335 1729 1409 1755 esu
1431 1715 1657 1756 abstineat.

952 1853 1076 1893 CAP.
1112 1853 1219 1894 III.s

978 1961 1190 2002 Plearz'tis.

414 2053 504 2093 H1c
527 2051 736 2101 morbusg,
756 2064 838 2105 quo
859 2065 937 2091 nec
959 2051 1065 2091 alius
1082 2051 1358 2105 frequentior,
1379 2052 1496 2093 nullo
1517 2067 1604 2093 non
1626 2058 1818 2106 tempore

352 2120 539 2171 infestat,
564 2119 833 2174 potissimum
861 2133 958 2160 vero
990 2134 1102 2160 anno
1130 2119 1242 2160 inter
1273 2134 1345 2160 ver
1373 2125 1416 2160 et
1446 2126 1651 2161 aestatem
1683 2121 1816 2162 ambi-

396 2243 407 2255 (
432 2240 446 2274 §
465 2239 482 2267 3
500 2248 562 2267 om.
578 2238 624 2267 ed.
642 2237 704 2269 76.

396 2279 404 2298 f
429 2281 550 2310 Extant
575 2280 732 2319 quaedam
753 2280 828 2309 huic
846 2289 913 2320 cap.
932 2279 1051 2309 similia

354 2324 384 2352 in
409 2323 478 2352 edd.
497 2325 559 2361 ¹156,
578 2325 629 2353 'tis
655 2323 699 2362 (p.
726 2323 792 2362 59.)
816 2327 887 2363 post
908 2323 927 2353 i.
951 2325 979 2353 4.
997 2324 1049 2353 45.

354 2367 403 2395 Cf.
422 2368 553 2396 Proress.
574 2367 631 2397 Int.
650 2377 675 2396 c.
694 2367 722 2396 8.

395 2414 409 2432 ἕ
433 2410 495 2438 Ilio
511 2411 629 2438 morbus
641 2408 709 2448 Sc]
725 2408 786 2438 Pro
798 2410 831 2447 ἐξ
853 2408 879 2445 l,
898 2410 915 2438 2
940 2413 1049 2438 extant

353 2462 384 2480 ln
416 2452 484 2481 edd.
516 2453 579 2487 ‘603
613 2454 664 2481 '68
697 2461 779 2491 qnae
810 2456 1050 2491 sequnntur:—

355 2495 491 2524 Proicimo
508 2496 568 2523 loro
583 2496 618 2525 de
632 2496 800 2524 Pleuriticle
816 2494 938 2533 (jusque
956 2496 1048 2523 medi-

351 2539 467 2566 catione
489 2549 589 2576 panea
615 2537 805 2577 subjungam.
864 2538 904 2566 Et
931 2539 1049 2576 quidem

352 2591 405 2608 non
424 2591 466 2609 me
483 2581 556 2609 latet
570 2585 717 2618 receptam
734 2592 752 2609 a
766 2580 950 2609 Medicorum
965 2581 1051 2618 ralgo

351 2624 527 2651 sententiam
543 2621 742 2661 esse,febren1
768 2624 850 2652 illam
871 2624 1050 2656 continuam,

352 2676 427 2702 qnae
450 2666 612 2694 Plena-iridi
639 2676 669 2695 se
692 2667 824 2695 comitem
855 2665 1008 2704 adjungit,
1034 2676 1052 2694 a

352 2709 524 2745 phlegmone
539 2709 723 2737 membranae
734 2713 830 2737 costas
840 2709 1051 2747 snt-cingentis,

355 2751 494 2787 eur-dique
524 2752 647 2785 vicinae,
678 2756 775 2780 ortum
811 2762 895 2779 saum
934 2753 1051 2785 ducere,

357 2793 486 2829 fulvoque
501 2793 679 2822 I’lenritidis
690 2798 834 2831 respectu,
845 2795 1052 2832 symptomatis

359 2836 500 2863 rationem
512 2837 652 2864 obtinere.
670 2837 774 2874 Neque
785 2838 899 2865 omnino
912 2837 1050 2874 displicet

358 2877 429 2903 haer·
458 2879 625 2906 sententia:
660 2880 792 2907 interim.
809 2889 844 2907 ea*
871 2880 934 2907 alia
963 2883 1051 2915 parte

359 2920 493 2946 aristima
514 2920 710 2949 Pham-itidem
733 2923 826 2958 ipsam
846 2923 1051 2959 ajutnpluntatis

359 2962 447 2989 rseem
464 2963 574 2990 subire.
591 2968 723 3000 respectu
737 2961 837 3000 feltris
856 2965 938 2991 illins
954 2974 1050 2992 essen-

1112 2239 1195 2268 tialis
1225 2249 1284 2276 qna
1319 2239 1416 2276 primo
1451 2242 1606 2276 correptus
1637 2243 1681 2267 esc
1712 2249 1815 2277 aeger,

1110 2286 1269 2320 antequam
1287 2281 1434 2310 Plearitis
1457 2291 1560 2318 nempe
1580 2285 1792 2319 supervenerat
1805 2293 1815 2313 ,-

1111 2325 1167 2353 hac
1197 2328 1295 2352 autent
1321 2325 1491 2358 accedente,
1519 2324 1605 2361 prior
1636 2324 1690 2352 illa
1712 2322 1816 2361 febris

1107 2367 1228 2405 genium
1247 2377 1329 2395 sunm
1353 2367 1498 2404 deponere
1522 2367 1592 2394 mihi
1618 2367 1747 2402 videtur,
1770 2367 1817 2395 vel

1108 2411 1207 2446 potius
1224 2410 1253 2437 e'n
1282 2409 1478 2437 Pleuritidem
1495 2410 1637 2443 converti,
1654 2419 1730 2447 quae
1744 2408 1815 2447 jam

1110 2462 1145 2479 ea·
1173 2452 1351 2489 phlegmone
1379 2453 1539 2489 praedicta
1571 2461 1672 2480 noram
1693 2449 1814 2490 fi’brem

1109 2495 1168 2522 sihi
1183 2495 1314 2527 asciscit,
1331 2505 1423 2532 eaque
1439 2495 1582 2532 stipatur.
1629 2495 1729 2533 Atque
1741 2504 1813 2532 pos-

1111 2538 1203 2565 terior
1233 2538 1305 2565 haec
1327 2534 1428 2573 feltris
1460 2538 1504 2565 ita
1533 2538 1714 2565 subnascens
1741 2539 1815 2574 pari

1108 2576 1199 2616 pass-u
1217 2589 1282 2607 cnm
1294 2579 1465 2608 Plenritide
1480 2580 1626 2614 ambulat,
1640 2590 1763 2618 cumque
1780 2590 1816 2609 ea

1111 2626 1182 2656 stat,
1195 2623 1344 2660 caditque.
1383 2622 1470 2651 Certe
1486 2623 1676 2658 crediderim,
1692 2622 1813 2659 ᾱξῆὶείἱε

1111 2665 1267 2693 admodum
1275 2662 1430 2702 fittarmn,
1447 2669 1478 2693 11!
1495 2666 1570 2702 quis,
1588 2665 1722 2693 eramiae
1738 2665 1811 2693 dili-

1109 2712 1216 2745 genter
1233 2709 1380 2742 instituto,
1391 2707 1553 2744 (nt-emplum
1567 2703 1704 2744 prqferat
1716 2706 1811 2736 Pleu-

1112 2751 1194 2779 ritici
1217 2749 1357 2788 alicujus,
1382 2751 1433 2788 qni
1456 2750 1555 2778 dolore
1581 2749 1687 2778 lateris
1711 2747 1813 2788 (signo

1111 2792 1201 2831 hnjns
1228 2792 1353 2830 affectus
1377 2793 1450 2821 adeo
1478 2790 1654 2829 luculento‚)
1679 2796 1812 2821 tentatus

1101 2833 1214 2873 fawrit,
1231 2839 1388 2873 antequam
1397 2832 1498 2872 febris
1511 2835 1653 2863 insultum
1670 2835 1810 2872 aliquem,

1110 2879 1213 2906 saltem
1238 2879 1384 2912 lez-iorem,
1399 2875 1511 2915 fitis-set
1534 2881 1682 2914 expertus.
1730 2877 1812 2906 Nam

1112 2921 1193 2949 dolor
1209 2921 1259 2949 ille
1277 2931 1351 2949 nune
1367 2921 1483 2958 quidem
1501 2921 1602 2951 citius,
1613 2929 1689 2947 nunc
1705 2921 1810 2955 serius,

1114 2964 1238 2999 ine-adit,
1257 2973 1353 2992 rerum
1381 2961 1538 3001 (quantam
1561 2963 1715 2991 observare
1737 2963 1808 2991 hac-
