1985 3308
188 281 326 314 Pennas

196 324 326 356 INTER-

171 375 349 400 cunnesr.

164 426 285 458 Qualia

163 475 238 499 sunt
248 481 336 510 sym-

163 516 305 551 ptomata

164 564 245 593 quae
257 556 346 586 inva-

163 597 285 629 sionem
301 599 345 629 fe-

162 639 227 670 bris
239 642 348 671 statio-

163 683 271 714 nariae
282 695 334 714 co-

163 725 328 763 mitantur,

163 767 238 798 talia
246 770 348 799 omni-

163 820 204 840 no
221 818 313 842 erunt

157 860 355 893 symptoma-

162 901 193 925 ta
205 906 285 935 quae
302 897 350 926 in-

165 938 287 969 sultum

162 981 354 1021 sivepleuri-

162 1023 247 1059 tidis,
266 1025 332 1053 sive

163 1067 308 1105 anginae,

164 1116 353 1148 sequuntur,

165 1152 287 1190 quoties

163 1194 321 1232 ejusmodi

164 1236 259 1266 febris
276 1247 328 1267 ac-

164 1279 301 1309 cidentia

164 1326 239 1351 sunt
255 1328 324 1352 tan-

163 1368 251 1400 tum;
269 1375 333 1405 quo

164 1407 203 1437 ab
221 1418 327 1438 essen-

163 1450 294 1480 tialibus

163 1493 283 1522 morbis
299 1493 346 1522 di-

165 1535 335 1575 stinguun-

166 1583 226 1608 tur.

168 1775 255 1805 Anni
270 1780 351 1805 tem-

166 1827 228 1856 pus
245 1827 307 1857 quo

169 1860 332 1890 Intercur-

168 1908 273 1932 rentes
284 1902 350 1943 ple-

167 1945 258 1985 rique
274 1945 322 1975 in-

165 1988 280 2018 festare

170 2030 281 2066 solent,
302 2041 350 2060 es-

169 2073 318 2103 sentiales

168 2116 190 2146 ii
203 2116 330 2151 fuerint,

170 2169 207 2188 an
218 2165 354 2199 sympto-

170 2202 289 2236 matici,

172 2243 347 2274 subinnuit.

367 167 452 207 242
783 164 1038 207 THOMAE
1073 163 1413 206 SYDENHAM

368 273 616 323 necessario,
633 272 893 326 producitur.
929 272 1026 314 Quo
1042 271 1216 313 nomine
1236 270 1351 311 haud
1368 282 1518 323 parum
1540 281 1565 308 a
1586 281 1629 308 se
1645 266 1826 308 invicem

370 341 736 382 disterminantur.

433 410 512 464 [6.]
551 411 650 450 Jam
681 414 838 460 autem,
861 414 909 450 ut
936 409 1112 450 affectus
1141 407 1373 448 essentiales
1402 404 1509 445 mihi
1530 404 1664 445 dictos
1694 403 1747 445 ab
1774 403 1826 444 iis

368 478 441 532 qui
471 478 786 532 symptomatici
817 483 989 518 tantum
1021 482 1133 525 sunt,
1166 475 1248 515 rite
1282 473 1609 526 distinguamus,
1640 472 1827 513 multum

367 547 555 588 conferet
575 545 798 587 nobiscum
819 544 1104 598 perpendisse,
1123 542 1248 596 quod,
1272 542 1412 595 qualia
1433 542 1519 581 sint
1540 544 1826 596 symptomata

369 627 475 667 quae
496 613 757 654 invasionem
778 612 907 652 febris
927 611 1055 664 hujus
1078 609 1302 649 alteriusve
1324 608 1596 650 stationariae
1617 608 1824 648 comitan-

367 687 451 731 tur,
474 681 576 722 talia
597 680 771 721 omnino
793 684 919 720 erunt
942 682 1229 732 symptomata
1245 690 1352 730 quae
1372 677 1583 717 insultum
1604 676 1688 717 sive
1709 676 1827 729 pleu-

366 751 518 800 ritidis,
542 750 626 790 sive
649 749 843 802 anginae,
867 752 1119 800 sequuntur,
1144 746 1308 799 quoties
1336 746 1543 801 ejusmodi
1570 746 1698 787 febris
1721 746 1826 786 acci-

369 818 515 859 dentia
537 822 636 858 sunt
657 822 842 858 tantum.
891 815 1019 857 Quod
1041 814 1214 868 quidem
1235 829 1406 856 cernere
1427 819 1517 856 erat
1537 815 1584 855 in
1603 815 1828 868 pleuritide

370 885 695 940 symptomatica
725 884 954 938 praedicta,
988 897 1095 937 quae
1131 882 1240 923 febri
1270 897 1345 937 per
1374 883 1572 937 hyemem
1603 883 1826 936 grassanti,

369 967 481 994 anno
516 954 642 1003 1675,
669 952 1005 1006 superveniebat.
1070 950 1292 1005 Quotquot
1323 951 1438 992 enim
1468 951 1547 992 1130
1577 950 1828 991 laborabant

367 1021 607 1076 pleuritide,
654 1021 730 1061 ubi
774 1021 961 1075 primum
1009 1019 1359 1073 corripiebantur,
1407 1020 1569 1074 capitis,
1617 1019 1742 1070 dorsi,
1786 1024 1828 1059 et

370 1097 555 1141 artuum,
597 1090 874 1144 patiebantur
920 1089 1136 1139 dolorem3
1188 1103 1295 1142 quae
1340 1088 1573 1130 certissima
1618 1093 1740 1129 erant
1787 1092 1830 1128 et

369 1159 551 1200 maxime
573 1158 764 1212 vulgaria
791 1158 974 1199 febrium
1003 1171 1148 1198 earum
1178 1157 1371 1197 omnium
1400 1160 1697 1210 symptomata,
1721 1170 1828 1210 quae

369 1232 411 1268 et
452 1233 683 1281 antequam
722 1226 1051 1279 ingrederentur
1090 1224 1350 1279 pleuritides,
1388 1225 1660 1276 invadebant,
1702 1229 1830 1278 atque

367 1295 448 1335 illis
490 1293 780 1349 expirantibus
816 1294 955 1335 adhuc
991 1293 1203 1334 durabant
1217 1310 1229 1343 5
1282 1307 1381 1333 cum
1423 1293 1586 1346 quoties
1627 1292 1828 1334 uterlibet

367 1363 521 1403 horum
554 1362 943 1403 Intercurrentium
974 1361 1149 1402 morbus
1181 1361 1417 1401 essentialis
1446 1366 1522 1411 est,
1545 1360 1742 1402 omnibus
1763 1361 1827 1401 in-

369 1432 614 1472 differenter
635 1431 758 1471 annis
779 1430 871 1484 pari
898 1429 1025 1470 modo
1053 1429 1314 1483 aggreditur,
1336 1429 1445 1469 nihil
1471 1443 1642 1483 prorsus
1662 1428 1826 1470 habens

369 1512 594 1539 commune
629 1512 727 1538 cum
762 1497 879 1537 febre
922 1496 1171 1537 stationaria
1210 1510 1285 1550 per
1324 1496 1369 1537 id
1403 1502 1572 1551 tempus
1604 1501 1827 1551 regnante.

368 1566 556 1616 Adhaec,
581 1569 867 1620 symptomata
894 1564 1038 1605 omnia
1060 1578 1166 1617 quac
1194 1569 1288 1617 post
1320 1570 1558 1618 emergunt,
1580 1565 1716 1618 magis
1737 1579 1830 1619 per-

370 1634 513 1688 spicua
531 1638 644 1683 sunt,
663 1647 761 1674 cum
776 1647 864 1673 non
881 1632 1164 1673 obscurentur
1182 1646 1229 1672 ac
1246 1633 1564 1674 confundantur
1580 1633 1632 1674 ab
1650 1633 1830 1674 aliorum

370 1701 640 1756 φαινομένων,
665 1715 771 1754 (11130
797 1705 976 1741 naturae
998 1704 1099 1740 sunt
1121 1700 1318 1750 diversae,
1342 1706 1384 1741 et
1406 1701 1459 1741 ad
1481 1701 1607 1741 aliam
1636 1706 1829 1755 spectant

368 1770 544 1820 febrem,
568 1769 839 1809 admixtione.
903 1769 1078 1809 Praeter
1105 1768 1221 1817 11300,
1245 1769 1347 1808 311111
1373 1773 1555 1822 tempus,
1579 1784 1662 1822 quo
1690 1783 1828 1810 essen—

369 1838 492 1879 tiales
514 1837 858 1878 Interciurentes
886 1836 1075 1890 plerique
1101 1836 1203 1889 (non
1230 1843 1376 1877 tamen
1405 1838 1581 1890 omnes,)
1608 1837 1745 1878 solent
1765 1838 1830 1877 in-

369 1905 535 1956 festare,
570 1905 686 1945 haud
721 1918 816 1945 raro
857 1903 1081 1945 subinnuit
1123 1903 1175 1943 ad
1210 1918 1337 1957 quam
1374 1905 1550 1945 classem
1584 1905 1831 1959 hujusmodi

370 1973 546 2014 affectus
573 1972 783 2013 referendi
812 1972 909 2012 sint.
971 1972 1031 2012 At
1059 1985 1156 2012 vcro
1185 1971 1238 2011 ad
1266 1971 1512 2012 morborum
1538 1978 1634 2013 tum
1663 1972 1830 2023 horum,

369 2046 464 2082 tum
485 2041 664 2081 aliorum
687 2041 815 2081 etiam
844 2039 1050 2090 omnium,
1074 2039 1311 2093 diagnosin,
1333 2040 1369 2080 is
1391 2040 1564 2081 demum
1590 2041 1830 2082 instructis-

372 2109 502 2149 simus
524 2108 709 2158 accedet,
729 2108 801 2162 qui
822 2107 1114 2148 observatione
1136 2107 1305 2148 assidua
1321 2121 1368 2148 ac
1385 2108 1581 2161 diligenti
1600 2108 1662 2149 ita
1681 2109 1833 2150 intime

372 2191 517 2218 eorum
543 2176 840 2231 phaenomena
869 2175 1064 2216 rimando
1094 2179 1384 2229 perscrutatus
1414 2175 1556 2226 fuerit,
1577 2181 1627 2218 ut
1657 2176 1733 2217 ubi
1762 2191 1833 2218 eos

372 2245 617 2299 inspexerit,
645 2258 780 2298 genus
809 2244 954 2284 statim
985 2243 1098 2284 norit
1127 2243 1389 2296 distinguere
1402 2260 1414 2293 3
1445 2244 1544 2284 licet
1575 2243 1831 2285 differentia-

373 2328 470 2354 rum
491 2312 929 2354 characteristicarum
951 2311 1056 2351 aliae
1077 2311 1137 2351 ita
1159 2311 1245 2351 sint
1265 2310 1442 2352 fortasse
1464 2311 1639 2352 subtiles
1661 2325 1709 2352 30
1730 2311 1831 2353 (1011-

374 2386 505 2431 eatae,
527 2385 576 2421 ut
598 2380 767 2421 easdem
789 2379 912 2420 alteri
932 2379 1069 2420 verbis
1090 2383 1275 2432 nequeat
1297 2379 1542 2432 exprimere.

436 2447 517 2503 [7.]
569 2447 926 2501 Quandoquidem
970 2451 1113 2487 autem
1153 2445 1292 2486 variae
1332 2446 1411 2486 hae
1451 2446 1635 2487 febrium
1676 2447 1834 2501 species

379 2517 604 2569 (quantum
626 2515 797 2568 quidem
818 2514 984 2568 assequi
1004 2527 1176 2567 possum
1201 2527 1250 2553 ex
1271 2513 1588 2567 phaenomenis,
1612 2528 1719 2568 quae
1739 2519 1835 2555 tum

378 2583 546 2624 morbos
574 2584 698 2637 ipsos,
725 2588 820 2624 tum
850 2581 1051 2623 medendi
1076 2581 1275 2631 rationeS,
1298 2582 1498 2632 attinent,
1521 2582 1668 2624 sedulo
1694 2583 1833 2636 pensi-

377 2651 508 2703 tatis,)
533 2651 748 2704 peculiari,
771 2664 818 2691 ac
840 2649 1014 2690 cuilibet
1034 2648 1183 2689 morbo
1203 2649 1409 2702 propriae,
1427 2650 1646 2703 sanguinis
1667 2650 1833 2690 inflam-

376 2718 554 2758 mationi
586 2723 727 2759 ortum
764 2718 921 2759 debent
958 2731 1082 2758 suum
1096 2734 1107 2766 ς
1159 2717 1204 2756 111
1235 2716 1382 2758 eodem
1415 2716 1704 2770 refrigerando
1735 2731 1833 2758 con-

377 2787 736 2839 temperandoque
769 2786 907 2827 omnis
943 2785 1049 2825 mihi
1080 2784 1167 2825 fere
1200 2784 1430 2826 curationis
1465 2785 1645 2825 vertitur
1680 2785 1833 2826 cardo:

372 2853 581 2893 methodo
603 2854 775 2894 interim
802 2868 878 2907 pro
904 2853 1041 2894 morbi
1064 2852 1189 2906 genio
1209 2853 1381 2903 variata,
1403 2858 1445 2893 et
1466 2852 1535 2893 cui
1560 2852 1836 2906 (experientia

374 2919 535 2971 jugiter
556 2921 844 2974 suffragante,)
865 2935 913 2962 ea
931 2921 1087 2974 species
1109 2920 1387 2962 libentissime
1404 2920 1610 2971 concedit,
1628 2921 1830 2962 materiae
