1985 3308
637 162 835 203 OPERA
866 162 1084 204 OMNIA.
1511 177 1590 204 xxv

132 268 273 309 alvum
301 267 428 319 ducit,
458 267 531 308 dat
559 281 763 322 syrupum
791 268 843 309 de
867 268 1059 310 meconio
1089 268 1141 322 [c.
1165 269 1233 308 60.
1260 270 1282 324 ξ
1304 268 1386 322 4.],
1409 274 1452 309 et
1473 269 1588 323 equi·
1610 278 1786 308 ΗιετοιιιΛ

131 335 337 376 tationem
371 334 664 389 quotidianam
696 336 876 390 imperat
916 336 960 391 [ξ
994 335 1054 389 6.]
1077 353 1088 386 3
1132 335 1214 376 alia
1240 335 1388 386 Tabes,
1427 350 1452 376 a
1482 337 1591 377 tussi
1623 320 1650 351 L
1656 329 1711 392 ’,ἷῖ
1705 330 1777 392 A‘fA‘

131 408 322 458 pronata,
339 404 679 445 venae-sectione
700 408 743 445 et
764 404 948 445 catharsi
969 408 1193 458 superatur
1220 405 1264 459 [ᾧ
1284 406 1309 446 '7
1326 404 1407 458 sq.]
1428 421 1440 454 5
1461 404 1590 445 tertia
1721 408 1790 412 ‘⁴

133 472 304 528 speeies,
327 487 350 514 e
370 473 547 515 materie
567 473 706 514 febrili
726 473 772 513 in
792 473 1037 527 puimonem
1057 472 1286 514 amandata
1309 471 1437 528 [§19.]
1449 503 1458 514 .

624 574 730 615 VII.
768 575 902 627 Opera
929 574 1087 615 Omnia.

190 664 330 718 Opera
352 665 518 705 Summi
537 665 632 706 Viri
652 664 993 718 frequentissime
1013 664 1195 718 repetita
1215 668 1316 704 sunt
1335 680 1403 704 :—

130 737 152 758 *
165 738 264 770 1683.
283 738 360 771 Svo.
376 736 661 778 Amstelaedami,
679 737 772 782 apud
789 736 989 771 Heni-ioum
1005 737 1253 771 Wetstenium.

214 799 276 830 Tit.
289 811 296 830 z
323 801 452 830 Thomae
467 801 636 840 Sy'denhanz
651 800 734 830 Med.
751 801 838 832 Doct.
852 812 888 831 ac
904 802 1042 831 Praetioi
1057 801 1257 830 Londinensz's
1274 800 1469 832 Celeberrimi
1490 801 1585 840 Opus-

213 855 282 883 enta
296 859 437 894 quotquot
452 855 596 884 hactenus
609 856 774 893 separatim
786 856 926 893 prodiere
942 856 1049 885 omnia.
1096 855 1133 884 N
1133 865 1188 884 uno
1200 856 1332 893 primum
1340 854 1475 894 junctim
1490 856 1586 890 edita,

216 917 235 936 a
250 908 391 946 plurimis
406 908 520 937 mendis
543 912 720 947 repurgata,
738 918 774 938 ac
790 908 894 938 Indice
916 908 1028 938 Rerum
1046 912 1076 938 et
1096 907 1259 937 Verborum
1280 909 1489 938 acuratissimo
1507 907 1584 948 (sic)

215 965 305 991 aucta
325 965 356 991 et
375 966 491 991 ornata.
537 960 666 991 Desunt
685 961 719 991 in
730 960 791 991 hac
809 960 870 991 Ed.
893 962 995 991 Tract.
1015 962 1051 991 de
1068 961 1144 990 Pod.
1164 965 1194 991 et
1209 961 1323 1001 Hydr.,
1341 962 1447 992 Scbed.
1463 962 1583 998 Monit„

217 1017 248 1043 et
263 1014 397 1044 Process.
414 1015 475 1044 Int.
495 1012 572 1053 [G.]

132 1072 232 1104 1684.
252 1073 364 1105 12mo.
384 1071 580 1105 Genevaez.
601 1071 755 1114 [Haller,
773 1071 795 1105 I.
814 1077 860 1117 ⁶.]

129 1134 262 1167 *1685.
285 1136 361 1167 Svo.
385 1133 547 1175 Londini,
565 1135 655 1180 typis
681 1134 724 1168 R.
742 1135 801 1176 N„
824 1136 989 1180 impensis
1011 1135 1159 1169 lValteri
1186 1136 1354 1181 Kettilby‚
1377 1136 1423 1170 ad
1449 1137 1587 1181 insigne

178 1190 312 1234 Capitis
328 1191 546 1236 Episcopalis
562 1192 597 1225 in
614 1191 832 1226 Coemeterio
851 1192 896 1225 D.
916 1192 1030 1226 Pauli.

198 1254 294 1285 ·Tit.:
322 1255 450 1285 Thomae
475 1256 654 1295 Sydenlzam,
680 1256 769 1286 MJ).
796 1256 895 1295 Opera
931 1256 1086 1286 Universa.
1134 1258 1172 1286 In
1196 1259 1303 1296 quibus
1329 1268 1387 1287 non
1412 1259 1589 1287 solummodo

213 1309 387 1338 Morborum
401 1308 570 1338 Acutorum
582 1309 741 1340 Historiae
755 1314 785 1340 et
804 1310 981 1340 Curationes
996 1320 1070 1340 nova
1092 1315 1122 1340 et
1144 1312 1295 1350 exquisita
1310 1312 1444 1341 methodo
1459 1312 1589 1350 diligen-

213 1363 325 1392 tissime
341 1362 513 1398 traduntur,
528 1372 629 1392 verum
644 1364 735 1392 etiam
751 1362 924 1393 blorborum
931 1361 1002 1402 fere
1015 1365 1142 1393 omnium
1155 1365 1366 1394 Chronieorum
1381 1365 1506 1394 Curatio
1524 1366 1590 1394 bre-

211 1416 342 1452 vissima,
355 1417 477 1454 pariter
496 1425 532 1445 ac
543 1416 723 1454 fidelissima
744 1418 776 1446 in
792 1417 916 1446 Publici
939 1419 1119 1447 commodum
1141 1419 1307 1449 exhibetur.
1355 1419 1462 1448 Editio
1487 1420 1584 1448 altera

206 1470 304 1507 priori
319 1470 444 1498 multum
460 1471 587 1505 auctior,
604 1474 633 1499 et
645 1470 830 1500 emendatior
840 1472 970 1500 reddita.
1009 1471 1093 1500 Huic
1108 1473 1200 1501 etiam
1213 1473 1250 1502 de
1261 1482 1333 1502 novo
1349 1474 1475 1502 accessit
1492 1473 1588 1502 Index

211 1521 430 1560 Alphabeticus
451 1532 595 1551 summam
619 1524 747 1552 omnium
771 1533 881 1559 rerum,
905 1527 935 1552 et
954 1524 1150 1553 cenationum
1175 1525 1375 1563 singularum,
1400 1526 1432 1554 in
1453 1527 1587 1565 gratiam

211 1576 419 1611 studiosorum,
437 1576 566 1617 breviter
588 1577 792 1615 complectens.
826 1575 955 1607 Desunt
978 1577 1011 1606 in
1034 1576 1094 1607 hac
1118 1577 1179 1608 Ed.
1195 1578 1302 1608 Sclzed.
1319 1579 1440 1615 Monit„
1458 1583 1489 1608 et
1512 1580 1587 1609 Prn-

213 1637 284 1668 σεδ-ε..
301 1629 362 1658 Int.
382 1626 460 1668 [G.]

133 1687 231 1720 1687.
249 1688 325 1720 Svo.
344 1687 608 1721 Amstelodami.
628 1687 783 1730 [Hellen
801 1688 823 1722 I.
843 1695 889 1736 c.]

130 1743 265 1777 *1695.
298 1746 374 1778 Svo.
409 1743 559 1789 Lipsiae,
585 1745 679 1790 apud
704 1745 739 1778 J.
769 1746 899 1780 Thom.
928 1747 1075 1781 Fritsch.
1133 1747 1344 1783 Exoudebat
1368 1748 1589 1784 Christianus

176 1799 341 1835 Goezius.

212 1863 292 1894 Tit.:
323 1865 449 1896 Thomae
476 1867 657 1906 Sydefflzam,
681 1867 855 1898 Medicinae
875 1868 964 1898 Doet.
990 1879 1026 1899 ac
1050 1870 1189 1899 Prae-tici
1215 1871 1363 1909 quondam
1390 1871 1589 1901 Londinensis

215 1919 419 1955 Celeberrimi,
436 1920 549 1949 Praoeis
572 1920 696 1951 Medica
714 1922 981 1960 Experimentatis,
1001 1925 1063 1953 sive
1089 1924 1242 1962 Opuscula
1268 1925 1426 1960 Universa,
1447 1929 1588 1964 quotquot

213 1973 356 2002 hactenus
368 1973 406 2002 ab
422 1973 536 2004 Autore
554 1975 618 2012 ipso
634 1975 772 2005 ultimum
794 1977 893 2005 revisa
908 1981 937 2006 et
958 1981 1048 2006 aucta
1064 1979 1096 2006 in
1112 1979 1205 2007 lucem
1225 1979 1414 2016 prodierunt,
1432 1989 1510 2009 nunc
1520 1981 1588 2017 pri-

211 2035 288 2054 mum
304 2027 335 2054 in
350 2036 438 2055 unum
455 2027 579 2057 collecta
594 2029 737 2064 volumen,
754 2040 773 2059 a
789 2031 903 2059 mendis
924 2031 1016 2068 probe
1033 2036 1240 2069 repurgatum,
1257 2033 1465 2071 iudicibusque
1489 2043 1587 2061 neces-

214 2079 305 2107 sariis
326 2081 564 2109 accuratissimis
587 2086 773 2111 exornatam.
821 2083 894 2112 Cum
915 2084 945 2114 S.
965 2084 1086 2114 Caesar.
1107 2084 1186 2123 Maj.
1203 2089 1232 2114 et
1249 2086 1350 2114 Seren.
1371 2086 1468 2115 Elect.
1487 2086 1585 2115 Sason

213 2132 403 2171 Privilegiis.
421 2131 500 2172 [G.]

125 2188 146 2209 '3
162 2189 263 2222 1695.
281 2190 357 2223 Svo.
376 2189 528 2235 Lipsiae,
545 2190 639 2235 apud
655 2190 690 2224 J.
709 2191 834 2226 Thom.
854 2192 999 2228 Fritsch.

211 2251 293 2282 Tit.:
322 2254 450 2284 Thomae
467 2255 539 2294 Syd.
558 2255 608 2295 &e-
626 2256 741 2285 Pras-is
761 2257 847 2287 Med.
865 2259 1019 2297 Experim.
1037 2259 1088 2299 «ξ-ε.
1135 2258 1166 2288 N
1170 2270 1187 2289 e
1210 2260 1282 2299 quis
1305 2260 1387 2290 hanc
1411 2261 1582 2291 editionem

211 2305 346 2336 eandem
369 2317 438 2337 esse
463 2307 571 2338 credat
594 2318 669 2338 cum
690 2310 902 2349 praecedenti,
922 2311 1124 2351 (praesertim
1148 2322 1221 2343 cum
1246 2313 1364 2353 pagina
1388 2314 1531 2354 paginae,
1553 2321 1583 2344 et

210 2358 294 2390 linea
314 2359 416 2390 lineae
438 2361 503 2391 fere
525 2371 651 2402 semper
665 2363 880 2403 respondeat,)
896 2365 1055 2395 monitum
1077 2365 1245 2396 Lectorem
1267 2367 1374 2403 velim,
1394 2369 1419 2398 l.
1438 2369 1469 2398 in
1486 2368 1583 2408 hujus

210 2412 304 2443 titulo
328 2413 438 2444 abesse
460 2415 555 2446 verba
572 2417 782 2447 “Ermdebat
800 2419 991 2448 Christianus
1015 2420 1144 2449 Goezius
1154 2422 1187 2454 ,·’'
1214 2422 1242 2450 2.
1258 2421 1423 2451 literarum
1447 2422 1581 2452 sormam

209 2476 272 2496 non
288 2476 359 2497 raro
374 2467 471 2507 paulo
487 2478 553 2498 esse
569 2468 728 2499 diversam
743 2482 750 2504 ς
780 2470 807 2499 3.
825 2471 949 2500 Elem-lt.
967 2472 1038 2500 Rer.
1056 2471 1088 2500 in
1105 2471 1164 2501 hac
1178 2483 1275 2512 quam
1292 2473 1324 2503 in
1341 2473 1395 2503 illa
1407 2474 1582 2514 pleniorem

209 2529 288 2557 esse,
302 2521 445 2561 itemque
458 2523 592 2553 Process.
612 2525 670 2553 Int.
686 2535 696 2557 ,·
720 2527 751 2553 et
768 2524 796 2554 4.
813 2523 888 2553 huic
906 2534 974 2554 esse
990 2534 1082 2565 pagg.
1102 2527 1174 2562 800,
1194 2526 1240 2556 illi
1256 2531 1381 2557 tantuin
1402 2528 1469 2559 782.
1487 2527 1566 2569 [G.]

123 2577 145 2598 Ψ
162 2579 258 2612 1696.
277 2582 352 2613 Svo.
371 2580 548 2623 Geneme,
565 2580 659 2626 apud
678 2580 815 2615 Fratres
834 2582 889 2616 De
907 2582 1075 2617 Tourues.

166 2671 181 2691 8
205 2667 278 2697 Huc
303 2669 441 2708 pertinet
468 2670 598 2701 libellus
623 2672 675 2703 cui
706 2673 824 2703 tit-:--
883 2679 999 2704 mutata
1031 2673 1132 2714 suere.
1180 2676 1294 2716 Neque
1337 2677 1438 2715 locus,
1479 2689 1583 2720 neque

122 2709 365 2741 *Additamento
377 2723 450 2743 nova
461 2716 503 2744 ad
519 2715 645 2745 Thomae
655 2717 824 2754 Sydenham
883 2717 1068 2757 bibliopola,
1090 2728 1193 2758 neque
1216 2721 1436 2760 typographus
1459 2732 1580 2752 memo-

125 2752 224 2790 Opera
261 2754 406 2785 Universa
435 2766 471 2785 ea·
500 2768 614 2796 nupera
641 2759 825 2788 Londinensi
883 2764 986 2794 ratum
1012 2760 1138 2790 videtur
1150 2766 1255 2791 tamen
1271 2763 1419 2793 Genevae
1430 2765 1583 2805 prodiisse

121 2795 251 2825 editione
266 2802 415 2835 excerpta.
437 2798 527 2828 1689.
548 2801 649 2829 l2mo.
660 2810 754 2840 pagg.
771 2802 822 2831 68.
883 2802 967 2842 apud
986 2803 1070 2832 Sam.
1088 2803 1138 2832 De
1156 2804 1308 2835 Toumes.
1336 2805 1426 2836 Nihil
1443 2808 1581 2837 continet

122 2835 217 2866 Alter
227 2842 275 2867 est
291 2838 355 2868 tit.:
380 2841 599 2872 Additamento
616 2854 698 2878 nova,
712 2846 773 2872 sire
789 2854 823 2874 ea
884 2849 1006 2884 praeter
1035 2845 1178 2876 locorum
1205 2849 1405 2887 quorundam
1437 2850 1579 2880 collatio-

121 2889 198 2918 quae
220 2881 253 2910 in
275 2892 389 2920 nupera
413 2883 597 2914 Londinensi
619 2887 823 2924 opusculorum
883 2897 965 2918 nem.
987 2887 1062 2928 [L.]

124 2921 253 2952 Tlromue
278 2925 446 2963 Sydenbam
478 2928 608 2957 editione
639 2930 753 2958 inserta
781 2930 825 2958 vel

833 2981 859 3021 (l
