1985 3308
625 128 970 170 TRACTATUS
1004 129 1041 169 Ι.
1479 134 1563 174 417

171 234 278 289 [16.]
319 234 512 290 Podagra
536 235 744 276 foeminas
770 249 941 289 perraro
968 235 1156 286 infestat,
1185 249 1338 290 easque
1365 251 1453 277 non
1480 239 1563 279 nisi
1595 246 1648 276 Dm
1666 247 1755 277 Pon-

100 302 191 355 jam
219 304 394 354 vetulas,
423 308 465 345 et
490 304 713 357 viragines,
742 317 817 343 seu
847 317 1019 356 corpore
1049 304 1335 344 masculorum
1366 305 1561 346 habitum
1579 299 1723 388 3312?

105 372 381 412 aemulantes.
446 372 710 422 GracilioreS,
740 385 845 425 quae
875 372 941 411 vel
970 371 1016 411 in
1048 371 1331 413 adolescentia
1361 374 1426 413 vel
1461 387 1559 414 eon·
1580 392 1744 427 menam-q,

103 438 236 479 stanti
272 444 410 480 aetate
446 444 730 494 symptomata
764 439 987 493 patiuntur
1017 439 1257 492 Podagram
1292 441 1558 492 mentientia,
1578 432 1762 516 f‘lJff‘gSlffJ‘

104 518 154 545 ea
183 505 274 559 ipsa
303 507 367 547 vel
399 508 619 548 affectibus
654 507 888 561 hystericis,
920 507 986 547 vel
1014 507 1322 548 rheumatismo
1360 523 1443 562 quo
1470 510 1560 563 jam
1579 519 1719 549 nonnisi

103 572 204 614 olim
232 574 480 616 laborarunt
503 580 544 616 ct
566 577 686 630 cujus
713 575 846 616 fomes
874 589 963 615 non
988 575 1088 616 satis
1116 575 1240 616 initio
1265 576 1405 617 fuerat
1426 578 1560 618 elimi-
1578 561 1752 642 ζζῇζέᾔζρξῐ

101 645 242 691 natus,
266 647 437 696 accepta
457 643 662 683 referunt.
1578 646 1745 729 fflsssltlatpu

1676 700 1692 719 e
1748 707 1761 714 -

158 708 312 761 Neque
351 723 517 762 pueros,
554 724 692 763 neque
734 710 962 763 juvenibus
1002 711 1187 752 minores
1228 712 1423 766 Podagra
1461 728 1559 755 vera
1576 732 1631 768 eri,
1649 742 1751 771 neque

101 780 229 830 atque
258 777 445 830 genuina
471 783 641 819 vexatos
669 779 876 819 hactenus
905 779 1141 820 observavi:
1185 781 1382 821 nonnulli
1412 785 1555 822 tamen
1571 775 1747 847 {Jffissgssg'qus

1701 841 1724 855 *5

99 846 206 887 mihi
226 847 319 888 noti
341 852 455 898 sunt,
480 848 563 901 qui,
586 848 833 901 priusquam
854 862 947 889 eam
975 854 1157 891 aetatem
1180 850 1435 903 attigissent,
1457 850 1556 890 levi·
1576 870 1649 890 vera
1663 866 1693 890 et
1707 870 1761 899 ge-

99 915 240 955 culam
281 915 465 968 aliquam
512 916 631 968 quasi
670 916 959 956 velitationem
1005 922 1339 970 praesenserant,
1376 933 1556 971 quorum
1574 903 1761 985 ἓέἷὲῖῖἰὼ

98 996 251 1037 nempe
290 988 431 1036 patres
467 984 596 1024 etiam
636 988 741 1025 tunc
781 984 861 1025 hoc
895 984 1043 1025 morbo
1083 990 1333 1026 tenerentur
1373 1001 1471 1027 cum
1506 987 1556 1027 iis
1575 989 1751 1037 antumle-

99 1052 352 1105 generandis
378 1066 548 1106 operam
576 1053 740 1094 darent.
801 1054 945 1107 Atque
973 1054 1041 1094 hic
1069 1054 1238 1108 explicit
1263 1054 1399 1095 morbi
1427 1055 1555 1109 hujus
1574 1032 1748 1104 ζέζιῗὲζζῐῗρ

96 1120 286 1161 hiStOl'la.
1574 1117 1753 1166 litationem

161 1188 269 1242 [17.]
309 1189 469 1230 Omnes
500 1189 631 1230 animi
661 1205 810 1232 nervos
841 1191 964 1232 variis
994 1192 1171 1246 hujusce
1203 1191 1340 1233 morbi
1370 1192 1556 1246 phaeno-
1574 1164 1759 1243 {iifissiffiiiiffi

95 1257 232 1297 menis
268 1258 605 1312 contemplandis
647 1260 799 1300 acriter
828 1260 1069 1310 intendens,
1103 1261 1225 1301 illum
1266 1260 1448 1317 ἀπεψίᾳ,
1481 1276 1555 1302 seu
1574 1247 1759 1319 fissoffldsffie

95 1324 373 1366 labefactatae
401 1330 490 1366 tam
521 1326 566 1366 in
596 1327 788 1380 partibus
819 1342 944 1381 quam
972 1329 1106 1369 suecis
1137 1329 1321 1382 corporis
1349 1330 1554 1370 universis
1573 1332 1711 1380 gninium

94 1392 370 1443 concoctioni,
400 1399 542 1434 ortum
570 1395 722 1435 debere
753 1396 971 1436 existimo:
1011 1397 1057 1436 in
1085 1397 1178 1437 istis
1210 1397 1325 1437 enim
1357 1398 1427 1450 qui
1454 1398 1555 1439 huic
1572 1385 1719 1448 ζᾚζΐὲἰξ

93 1460 242 1501 morbo
269 1466 370 1501 sunt
392 1461 575 1512 obnoxii,
598 1477 697 1503 cum
720 1463 811 1517 jam
832 1464 896 1504 vel
925 1468 1063 1504 aetate
1090 1464 1250 1505 fuerint
1272 1465 1467 1516 confecti,
1490 1467 1555 1507 vel
1575 1467 1709 1523 {uorans

93 1528 324 1569 effraenata
339 1543 507 1570 morum
528 1531 699 1571 licentia
716 1536 980 1572 senectutem
1000 1532 1311 1585 praematurius
1329 1533 1553 1574 aecersive-
1572 1514 1757 1586 {ffiffl‘gss'ert

90 1596 192 1648 rint,
215 1598 386 1651 spiritus
413 1599 616 1639 animales
641 1614 716 1653 per
742 1604 883 1641 totum
909 1614 1060 1654 corpus
1087 1600 1304 1651 deficiunt,
1326 1600 1554 1643 immodico

90 1664 362 1706 functionum
401 1666 446 1706 in
488 1667 728 1720 juventutis
769 1667 907 1707 calore
947 1667 1315 1720 vegetissimarum
1356 1668 1553 1709 exercitio

89 1733 357 1787 consumpti,
388 1734 505 1774 verbi
531 1735 679 1788 gratia,
701 1749 980 1789 praepropero
1008 1735 1222 1789 nimioque
1250 1736 1430 1776 Veneris
1456 1751 1550 1786 usu,
1572 1748 1638 1780 Qui
1655 1750 1739 1786 vino,

89 1802 251 1843 insanis
290 1801 694 1856 improbissimisque
735 1803 949 1844 laboribus
991 1803 1143 1857 quibus
1185 1803 1384 1845 ardenter
1424 1809 1551 1858 atque
1569 1792 1698 1866 {5¹:31¹}
1709 1794 1755 1824 Μ’

89 1870 298 1911 indefesse
330 1870 618 1922 voluptatibus
653 1871 903 1921 inserviunt,
937 1876 979 1911 et
1014 1871 1080 1912 his
1116 1871 1336 1912 similibus.
1397 1872 1550 1913 Acees-
1569 1878 1733 1928 i111p139bi3s,

91 1939 144 1979 sit
166 1939 307 1988 etiam,
331 1939 414 1979 sive
437 1939 488 1979 ab
512 1939 647 1989 annis,
671 1940 755 1980 sive
777 1940 829 1980 ab
854 1940 1021 1990 inertia,
1045 1940 1340 1980 exercitiorum
1366 1942 1550 1995 corporis
1569 1922 1755 2001 ῗζὲῗζῑοᾙ,

90 2006 244 2060 quibus
279 2007 380 2047 olim
415 2012 686 2048 assueverant
716 2007 971 2049 intermissio
1001 2008 1067 2048 vel
1103 2009 1281 2049 cessatio
1310 2010 1547 2062 repentina,
1568 2007 1708 2047 terisque

93 2076 289 2129 (quorum
320 2089 402 2115 usu
431 2080 525 2115 tum
557 2075 728 2129 sanguis
764 2076 1050 2129 invigoratior,
1078 2080 1174 2116 tum
1203 2076 1389 2129 partium
1420 2082 1547 2118 tonus
1567 2059 1733 2122 911113ξέξῖ-

88 2143 248 2183 firmior
278 2147 321 2184 et
349 2143 612 2184 constantior
642 2143 803 2184 solebat
830 2144 980 2196 reddi,)
1008 2143 1124 2184 unde
1149 2144 1240 2198 jam
1268 2158 1419 2198 corpus
1447 2146 1545 2186 flac·
1566 2134 1730 2208 Ξᾞζιῑξὲᾙζ

86 2211 227 2262 ceseit,
258 2216 302 2252 et
338 2212 631 2252 concoctiones
666 2226 753 2253 non
790 2212 969 2265 amplius
1003 2216 1119 2253 recte
1153 2218 1479 2266 promoventur3
1523 2228 1546 2254 e
1564 2220 1745 2270 destruunt,

86 2284 235 2320 contra
258 2293 369 2330 vero,
399 2293 619 2320 succorum
646 2279 829 2333 corporis
856 2285 1133 2330 recrementa,
1161 2294 1268 2334 quae
1295 2281 1448 2322 talium
1475 2296 1544 2323 ex-
1563 2268 1753 2337 ξζηᾞξξῖξᾟ

86 2347 329 2388 ercitiorum
369 2361 447 2401 ope
485 2348 602 2402 prius
643 2347 993 2398 exeernebantur,
1031 2348 1185 2389 dehine
1223 2349 1269 2389 in
1308 2350 1429 2401 vasis,
1467 2364 1546 2391 ceu
1563 2350 1734 2397 a11t‚31imi-

85 2414 223 2455 morbi
263 2416 502 2466 seminium,
538 2416 841 2457 reconduntur.
902 2417 1230 2470 Nonnunquam
1271 2423 1313 2458 et
1355 2419 1544 2459 studium
1563 2393 1740 2471 pezpe'xffiulle-

87 2497 162 2524 seu
181 2483 403 2524 meditatio
430 2484 481 2524 de
500 2498 547 2524 re
573 2484 770 2538 quapiam
799 2484 907 2525 seria
928 2499 975 2525 ac
998 2484 1202 2525 diuturna
1228 2486 1391 2526 malum
1412 2487 1542 2536 auxit,
1562 2478 1741 2551 ζέἓέἲζᾟζῒ

86 2566 169 2606 quo
191 2551 347 2592 scilicet
369 2551 541 2605 spiritus
568 2552 867 2593 defaecatiores
889 2557 931 2593 et
952 2553 1086 2605 magis
1107 2553 1298 2594 volatiles
1326 2569 1349 2594 a
1370 2568 1543 2595 concoc-

84 2620 252 2660 tionum
280 2634 423 2673 penso,
447 2619 558 2673 quod
584 2620 819 2660 debuerant
844 2620 1070 2670 absolvere,
1092 2621 1270 2662 nimium
1300 2628 1541 2664 avocantur.

92 2687 200 2742 [18.]
237 2688 374 2738 Adde,
399 2688 511 2741 quod
531 2688 630 2728 huic
654 2688 802 2729 morbo
823 2688 995 2729 obnoxii
1013 2703 1102 2729 non
1123 2689 1259 2729 solum
1284 2690 1474 2730 ciborum
1496 2691 1542 2731 in

86 2769 240 2809 genere
274 2756 362 2797 fere
398 2760 498 2796 sunt
529 2756 853 2810 appetentiores,
887 2756 960 2796 sed
995 2760 1037 2796 et
1069 2770 1215 2797 eorum
1250 2757 1433 2799 maxime
1470 2759 1542 2812 qui

85 2823 327 2865 djfficillime
357 2824 593 2865 ventriculo
626 2824 783 2865 cedunt
797 2841 808 2874 ς
853 2838 956 2877 quos
990 2838 1087 2864 eum
1123 2824 1238 2865 haud
1273 2826 1437 2879 parcius
1469 2826 1540 2867 de-

85 2897 233 2934 vorent
274 2907 400 2946 quam
440 2897 535 2934 tum
576 2893 759 2934 solerent
796 2906 894 2933 cum
935 2893 1139 2934 exercitiis
1179 2899 1416 2947 uterentur,
1452 2910 1540 2937 non

765 2962 844 3001 311
