1985 3308
459 126 783 168 SCHEDULA
814 126 1166 168 MONITORIA
1197 127 1233 167 Ι.
1487 131 1567 169 501

118 233 305 274 cruentis
340 233 420 274 rite
461 233 776 287 compescendis
810 247 886 287 par
920 247 1006 274 non
1047 233 1188 273 fuerit.
1251 233 1570 286 Dejectionibus
1590 243 1772 274 DnNovm:

116 303 338 356 paululum
358 302 612 352 incrassatis,
628 302 694 342 vel
709 302 799 356 jam
818 302 954 355 magis
975 301 1317 350 consistentibus,
1339 301 1467 354 (quod
1487 303 1570 355 pri·
1592 288 1765 360 Ῑξῦῗζέζξυ

117 383 237 409 mum
251 369 444 410 sanitatis
458 383 555 410 mox
567 369 879 422 recuperandae
894 369 1101 409 indicium
1117 370 1210 422 est,)
1228 374 1270 410 et
1286 370 1443 423 fugatis
1460 384 1571 424 sym-

115 437 330 490 ptomatis,
353 438 618 478 tutissimum
649 437 829 478 arbitror
855 442 903 478 ut
932 452 1057 491 aeger
1084 439 1388 492 aliquantisper
1415 439 1462 479 in
1491 453 1573 479 usu

114 505 319 559 praedicti
345 506 520 547 remedii
547 520 673 547 mane
701 511 743 547 et
772 520 863 547 sero
894 506 1088 560 capiendi
1116 511 1366 560 perseveret,
1393 508 1572 560 guttulis

117 574 278 627 aliquot
312 574 448 615 indies
484 574 678 628 demptiS,
709 575 842 616 donec
877 589 926 616 eo
962 575 1142 628 amplius
1177 589 1265 616 non
1294 575 1422 616 fuerit
1453 590 1570 629 opus.

115 641 556 682 Animadvertendum
578 647 721 682 autem
743 647 806 683 cst
828 643 1065 696 diligenter,
1089 643 1202 696 quod
1223 657 1396 696 aegrum
1419 643 1470 683 ab
1492 657 1574 683 usu

115 710 350 765 paregoriei
369 711 522 751 lectulo
545 711 704 751 diutius
726 712 986 764 affigendum
1011 725 1124 762 curo,
1147 726 1245 752 cum
1266 712 1372 752 situs
1398 711 1574 765 quilibet

115 779 242 832 paulo
273 778 451 819 erectior
478 778 699 819 cerebrum
724 779 846 819 facile
874 779 1100 820 conturbet
1129 779 1210 819 nisi
1236 777 1385 831 aegerd
1406 793 1574 820 somnos

115 850 212 899 post
241 846 288 885 in
316 845 426 886 lecto
458 846 559 886 satis
586 846 758 898 lon-gose
779 848 1023 899 captaverit.
1093 847 1201 901 [28]
1239 848 1436 888 Diaetam
1463 847 1576 900 quod

117 913 285 964 attinet,
314 913 349 953 si
379 927 504 966 aeger
538 913 636 969 vino
671 913 788 966 prius
825 919 1076 965 assueverat,
1105 915 1346 955 Canarense
1377 915 1574 965 concedo,

116 981 246 1035 probe
275 985 423 1021 tamen
458 995 568 1034 aqua
598 980 783 1022 dilutum
818 982 864 1021 in
896 996 979 1035 qua
1009 983 1131 1036 panis
1165 984 1403 1023 crustulum
1436 983 1575 1023 fuerat

117 1047 351 1099 decoctum,
374 1053 416 1089 et
445 1063 573 1102 quam
598 1048 798 1102 frigidam
826 1049 872 1089 in
897 1049 1014 1090 hune
1040 1064 1166 1090 usum
1200 1051 1247 1090 in
1270 1051 1423 1103 lagena
1444 1064 1575 1091 asser-

116 1115 299 1157 vandam
325 1116 468 1171 jubeo,
497 1121 547 1157 ut
573 1117 619 1157 in
650 1122 851 1171 promptu
883 1119 936 1158 sit
963 1118 1038 1158 ubi
1065 1119 1212 1159 vinum
1244 1124 1307 1159 est
1335 1124 1574 1173 contempe-

115 1183 312 1224 randum.
375 1185 611 1225 Decoctum
635 1185 809 1235 Album,
832 1199 854 1226 e
879 1200 1012 1226 cornu
1036 1187 1145 1227 cerii
1172 1192 1268 1227 usto
1288 1187 1333 1227 in
1355 1202 1464 1241 aqua
1482 1188 1575 1229 fon-

115 1255 231 1302 tana,
251 1251 322 1293 hic
343 1253 472 1293 etiam
494 1253 656 1294 affatim
678 1258 851 1306 epotum
878 1254 1062 1307 prodest.
1124 1255 1207 1295 Pro
1227 1255 1342 1295 victu
1357 1256 1576 1309 jusculum

115 1320 412 1373 hordeaceum,
434 1323 498 1363 vel
528 1336 550 1363 e
580 1323 795 1375 pullorum
823 1322 1020 1362 carnibus
1045 1323 1176 1372 elixis,
1200 1336 1327 1363 ovum
1355 1325 1445 1364 sine
1465 1329 1577 1364 testa

117 1392 301 1439 coetum,
317 1390 385 1430 vel
406 1389 520 1430 aliud
542 1390 717 1443 quodvis
739 1404 789 1430 ex
806 1391 1011 1443 eupeptiS,
1028 1391 1074 1430 in
1093 1391 1251 1444 primos
1274 1391 1361 1431 dies
1383 1392 1572 1431 sufficiet.

116 1458 328 1512 Deinceps
348 1472 445 1499 vero
470 1463 565 1498 tum
592 1458 644 1498 ad
671 1458 853 1511 liquores
878 1459 1013 1511 magis
1041 1473 1277 1512 generosos,
1300 1464 1394 1499 tum
1422 1461 1475 1500 ad
1502 1461 1575 1501 ali-

114 1533 311 1569 mentum
337 1527 511 1568 uberius
533 1526 802 1580 solidiusque,
825 1527 1030 1580 paulatim
1058 1528 1387 1578 ascendendum,
1414 1543 1470 1569 ne
1499 1529 1575 1569 sci-

114 1596 214 1637 licet
241 1595 374 1636 nimia
399 1594 586 1636 vacuitas
612 1595 696 1635 sive
727 1595 959 1636 exinanitio
986 1596 1052 1637 vel
1082 1596 1280 1637 morbum
1311 1611 1335 1636 a
1365 1611 1448 1649 quo
1476 1611 1575 1637 con-

114 1666 316 1716 valuerat,
344 1665 410 1706 1*οΙ
440 1665 522 1705 alia
552 1668 838 1718 symptomata
874 1679 981 1718 quae
1012 1665 1245 1706 exinanitio
1276 1665 1382 1705 solet
1414 1680 1574 1719 parere,

116 1735 257 1776 denuo
299 1734 489 1775 reducat.
550 1734 848 1774 Veruntamen
887 1733 968 1774 1100
1004 1739 1067 1774 est
1103 1733 1411 1783 adnotandum,
1449 1735 1574 1787 quod,

114 1802 214 1843 licet
235 1803 281 1842 in
303 1802 621 1843 Constitutione
645 1803 735 1856 jam
756 1807 964 1855 regnante
985 1802 1220 1842 laudanum
1242 1801 1478 1842 solitarium
1501 1817 1576 1843 suo

116 1869 260 1910 Marte
287 1870 548 1923 dysenterias
576 1869 845 1922 subjugabat,
876 1870 923 1909 in
954 1870 1046 1909 istis
1078 1874 1225 1909 tamen
1258 1869 1380 1909 annis
1411 1869 1457 1909 in
1485 1871 1575 1922 qui-

114 1937 195 1978 bus
217 1937 483 1992 dysenteriae
505 1937 760 1990 epidemicae
782 1942 1042 1989 grassantur,
1065 1941 1106 1977 et
1131 1937 1306 1977 caeteris
1329 1937 1575 1989 praelucent

115 2005 286 2055 morbis,
309 2020 396 2046 non
428 2004 501 2045 abs
528 2018 573 2045 re
597 2004 738 2054 fuerit,
760 2004 854 2044 illas
878 2004 1064 2057 primum
1092 2005 1385 2044 evacuationes
1407 2019 1509 2057 quas
1530 2004 1576 2044 in

116 2074 252 2128 eapite
273 2074 325 2114 de
345 2074 593 2126 Dysenterz'a
617 2073 718 2114 olim
745 2073 931 2122 [Observ.
947 2074 1061 2114 Med.
1080 2073 1132 2113 iv.
1151 2075 1190 2114 3.
1210 2075 1236 2113 8
1254 2073 1334 2126 sq.]
1363 2073 1574 2127 descripsi,

114 2141 160 2182 in
176 2155 302 2182 usum
323 2155 530 2182 revocare.

181 2209 288 2263 [29]
304 2208 318 2231 f
345 2210 401 2249 Et
423 2209 548 2250 sicuti
568 2209 614 2249 in
641 2209 829 2250 radicata
852 2209 925 2250 illa
946 2209 1189 2264 dysenteria
1212 2208 1338 2249 modo
1367 2209 1492 2260 dicta,
1515 2209 1576 2250 ita
1595 2221 1752 2251 Calefaci-

116 2276 246 2317 etiam
271 2276 318 2316 in
346 2276 425 2317 hoc
454 2277 525 2330 qui
559 2277 750 2330 sequitur
783 2291 894 2327 casu,
921 2278 1012 2317 fieri
1044 2292 1133 2317 non
1164 2281 1305 2330 potest
1336 2282 1385 2317 ut
1414 2277 1575 2318 curatio
1594 2264 1780 2294 eumdum·

114 2344 316 2386 methodo
335 2344 420 2395 illa,
445 2358 551 2398 quae
572 2344 699 2386 Febri
719 2344 834 2384 unde
858 2344 1056 2397 primitus
1077 2348 1219 2384 ortum
1241 2343 1359 2383 duxit
1381 2343 1573 2394 debetur,
1593 2307 1764 2397 ἓῖίῗῑειιάΙΙιῖῑ

113 2411 225 2453 illico
252 2413 384 2466 possit
414 2412 614 2466 expediri.
676 2412 809 2452 Verbi
835 2412 984 2466 gratia,
1006 2426 1318 2464 nonnunquam
1348 2425 1429 2451 usu
1459 2411 1574 2452 venit
1593 2391 1776 2464 ζ’(ξζρῖζηὲζ

113 2484 163 2520 ut
183 2480 277 2534 quis
297 2480 436 2533 rigore
457 2486 584 2534 atque
610 2480 784 2521 horrore
810 2480 1072 2534 corripiatur,
1096 2479 1232 2520 calore
1253 2483 1294 2519 et
1315 2478 1471 2531 frigore
1501 2492 1576 2532 per
1591 2477 1721 2549 fii-ndem

113 2547 223 2588 vices
259 2547 584 2598 alternantibus,
619 2562 726 2601 quae
760 2553 861 2588 sunt
896 2548 1012 2588 haud
1052 2547 1274 2588 mendacia
1304 2546 1450 2586 Febris
1485 2547 1576 2600 jam
1592 2529 1775 2602 {2233}OEss

112 2615 378 2655 imminentis
398 2615 565 2656 indicia.
627 2616 870 2670 Derepente
891 2616 1099 2656 viseerum
1121 2614 1377 2656 torminibus
1399 2629 1424 2654 a
1443 2619 1575 2655 mate·
1595 2610 1776 2635 causantur.

112 2683 200 2723 riae
233 2682 393 2723 febrilis
428 2683 665 2737 irruptione
702 2698 749 2724 ac
789 2683 955 2724 insultu
996 2683 1241 2736 gratissime
1282 2682 1577 2723 discruciatur.

111 2750 267 2804 Aeger,
303 2764 402 2792 cum
435 2765 587 2791 venam
621 2751 747 2792 ferire
784 2756 826 2792 et
863 2751 1004 2792 alvum
1039 2764 1270 2804 repurgare
1306 2749 1492 2801 deberet,
1528 2750 1581 2791 ad

157 2856 174 2880 ‘¹
197 2858 305 2899 aeger]
318 2860 815 2898 autsnperdormierit,(tutwltcm
921 2862 935 2878 ⁰
959 2860 1035 2887 satis
1051 2856 1169 2896 longos]
1188 2867 1250 2886 om.
1269 2857 1316 2886 cd.
1336 2859 1398 2887 ’802

113 2901 184 2932 add.
203 2902 249 2932 ed.
269 2902 330 2932 ’86.
920 2898 932 2920 s
956 2901 1003 2930 Cf.
1020 2902 1153 2930 I’rocess.
1172 2901 1231 2930 Iul.
1252 2910 1276 2928 c.
1297 2901 1346 2929 2⁴5.
