1985 3308
516 147 853 190 PROCESSUS
888 147 1152 188 INTEGRI.
1472 148 1556 188 563

99 261 142 297 et
177 269 384 297 manuum
414 254 693 296 inflammatio
721 254 811 308 jam
847 267 1013 293 summa
1045 252 1093 292 in
1125 253 1392 305 pustularum
1426 252 1556 292 inter·
1641 264 1696 296 DE

101 324 227 364 stitiis
257 324 440 364 colorem
468 322 638 364 exhibet
665 321 875 371 floridum,
899 325 942 362 et
971 334 1164 361 rosarum
1195 321 1559 361 Damascenarum
1576 307 1761 338 Vmuoms.

101 390 316 430 aemulum
329 407 341 440 5
374 404 500 443 quem
522 389 692 443 quidem
709 389 905 438 colorem,
923 402 1005 441 quo
1026 388 1214 428 mitiores
1231 392 1332 427 sunt
1348 387 1558 438 Variolae,

100 471 150 498 eo
171 457 305 510 magis
325 462 420 497 tum
445 457 654 510 pustulae,
676 462 770 497 tum
791 456 900 496 cutis
929 455 1167 509 interjecta,
1192 455 1245 495 ad
1266 454 1468 495 amussim
1489 468 1559 495 ex-

101 526 305 579 primunt.
368 525 489 566 Quae
521 526 672 566 faciem
704 530 913 579 occupant
948 525 1155 578 pustulae,
1192 524 1421 578 asperiores
1458 538 1558 577 quo-

100 592 205 633 tidie
233 606 282 633 ac
312 592 449 645 magis
474 592 603 633 flavae
634 607 709 646 pro
741 592 1036 633 maturationis
1060 593 1223 634 ratione
1236 609 1248 642 3
1281 605 1388 646 quae
1408 605 1561 632 manus

100 665 144 701 et
172 660 384 713 reliquum
406 674 571 713 corpuS‚
593 660 736 701 minus
763 674 933 713 asperae
960 661 1162 714 albaeque
1192 661 1328 714 magis
1357 659 1561 712 conspici-

100 734 235 770 untur
273 728 423 769 indies.
507 728 585 781 [4]
624 728 705 768 Die
741 728 966 768 undecimo
998 728 1120 769 faciei
1149 734 1293 768 tumor
1323 731 1365 768 et
1394 727 1560 767 inflam-

101 797 233 837 matio
260 796 479 846 recedunt,
511 796 707 849 pustulae
737 802 929 837 maturae
960 802 1003 838 et
1028 798 1189 851 justam
1219 796 1561 850 magnitudinem

106 864 314 917 (videlicet
335 863 415 917 pisi
436 863 754 916 grandiusculi,)
781 864 957 917 adeptae
979 868 1227 904 exarescant
1249 863 1560 915 deciduntque;

102 931 266 972 decimo
288 936 439 984 quarto
460 930 526 970 vel
547 931 696 984 quinto
716 936 897 984 pereunt
918 931 1124 972 funditus.
1183 932 1397 972 Manuum
1418 934 1563 970 autem

100 999 297 1052 pustulae
321 998 635 1051 pertinaciores,
664 998 784 1039 albae
813 999 951 1040 adhuc
979 1004 1021 1040 et
1046 1004 1250 1049 recentes,
1277 999 1344 1039 die
1370 1012 1457 1039 uno
1488 1002 1563 1038 aut

102 1065 234 1106 altero
279 1079 418 1105 moras
458 1065 650 1115 trahunt,
692 1069 734 1106 et
780 1066 955 1107 tandem
996 1066 1326 1119 dirumpuntur:
1373 1070 1564 1106 caeterae

102 1138 259 1183 autem,
277 1132 398 1173 faciei
414 1132 616 1172 nimirum
634 1137 676 1173 et
697 1134 894 1186 corporis,
914 1133 1305 1186 desquammantur,
1321 1137 1364 1173 et
1391 1132 1437 1172 in
1457 1132 1564 1173 facie

102 1200 377 1253 squammulis
392 1200 508 1240 hisce
521 1200 771 1241 furfuraceis
789 1200 1022 1241 succedunt
1037 1200 1194 1240 foveae.
1235 1200 1313 1254 [5.]
1329 1200 1411 1240 Per
1422 1203 1564 1240 totum

101 1268 240 1309 morbi
267 1268 493 1309 decursum
521 1268 638 1307 alvus
665 1267 731 1308 vel
762 1282 933 1321 prorsus
964 1268 1228 1321 constipatur
1256 1267 1322 1308 vel
1351 1267 1564 1308 rarissime

103 1335 259 1389 dejicit.
334 1333 550 1375 Maximad
578 1337 724 1375 eorum
755 1350 852 1388 pars
884 1336 956 1388 qui
988 1349 1039 1376 ex
1074 1335 1154 1376 hoc
1188 1335 1337 1375 morbo
1368 1339 1563 1387 pereunt,

101 1407 248 1444 octavo
269 1403 336 1443 die
356 1403 402 1442 in
423 1402 640 1453 Discretis,
662 1403 888 1443 undecimo
909 1407 1053 1444 autem
1072 1403 1119 1442 in
1140 1402 1476 1452 Confluentibus,
1498 1402 1563 1442 in-

38 1521 41 1527 .
102 1475 298 1511 tereunt:
341 1470 496 1523 quippe
529 1484 626 1510 cum
662 1470 708 1510 in
739 1471 933 1511 Discreto
965 1471 1046 1511 hoc
1076 1484 1230 1523 genere
1261 1474 1566 1523 promoventur

103 1538 276 1579 sudores
303 1542 398 1578 tum
429 1536 640 1587 cardiacis,
662 1542 757 1577 tum
786 1538 994 1590 regimine
1022 1538 1232 1587 calidiore,
1253 1537 1468 1590 praedicto
1497 1536 1564 1577 die

101 1606 241 1657 facies,
265 1620 371 1659 quae
402 1605 575 1658 turgida
601 1609 645 1645 et
675 1619 750 1658 per
779 1605 1011 1645 interstitia
1039 1604 1221 1658 pustulis
1247 1604 1472 1658 interjecta
1500 1604 1566 1644 in-

102 1672 311 1713 flammari
341 1672 560 1722 debuerat,
583 1685 606 1712 e
635 1676 786 1713 contra
817 1672 991 1713 flaccida
1020 1673 1230 1725 reperitur
1260 1676 1302 1712 et
1333 1671 1563 1720 albescens,

102 1740 284 1794 pustulis
305 1738 583 1779 nihilominus
613 1738 869 1779 rubentibus
891 1744 933 1779 et
965 1740 1148 1789 elevatis,
1171 1740 1300 1780 etiam
1327 1744 1422 1793 post
1450 1740 1567 1792 aegri

102 1811 312 1847 mortem:
346 1806 487 1854 sudor,
509 1805 582 1858 qui
612 1805 696 1846 huc
729 1820 865 1860 usque
895 1812 1153 1858 manaverat,
1182 1807 1410 1860 derepente
1441 1821 1566 1848 evan-

104 1874 232 1923 escit;
265 1887 390 1926 aeger
424 1873 599 1913 interim
629 1873 875 1926 phrenitide
907 1875 1145 1927 corripitur,
1177 1875 1404 1925 anxietate,
1432 1875 1566 1928 jacta-

104 1940 234 1989 tione,
277 1939 543 1991 aegritudine
578 1939 931 1989 vehementibus3
974 1941 1144 1981 urinam
1178 1955 1302 1994 parce
1343 1941 1483 1981 reddit
1519 1955 1568 1982 ac

105 2007 350 2060 frequenter
364 2023 374 2055 ;
416 2012 458 2046 et
498 2005 673 2046 tandem
712 2007 1062 2060 paucissimarum
1096 2008 1299 2048 horarum
1339 2009 1474 2062 spatio
1514 2009 1568 2049 ad

104 2074 247 2128 plures
269 2074 438 2125 migrat.

171 2140 251 2194 [6.]
267 2148 283 2167 e
315 2141 370 2180 In
391 2140 717 2181 Confluentibus
746 2141 893 2181 eadem
921 2147 1219 2195 symptomata,
1242 2143 1315 2183 sed
1336 2143 1543 2183 atrociora
1554 2159 1567 2192 3
1588 2156 1762 2186 Confluen-

105 2209 233 2249 febris
256 2208 429 2257 scilicet,
452 2208 654 2257 anxietas,
673 2209 910 2261 aegritudo,
927 2210 1199 2260 vomituritio‚
1223 2217 1316 2260 etc„
1338 2210 1568 2250 immanius
1586 2199 1774 2281 {fflssjtyg‘g}

107 2276 312 2325 saeviunt,
345 2275 441 2315 licet
477 2289 565 2315 non
600 2275 662 2315 ita
696 2280 891 2328 prompte
928 2289 976 2316 ac
1003 2276 1050 2316 in
1078 2276 1283 2317 Discretis
1318 2277 1364 2316 in
1395 2276 1568 2317 sudores
1587 2284 1725 2316 historia.

107 2342 349 2383 dissolvitur
370 2356 508 2395 aeger.
569 2342 807 2382 Diarrhoea
827 2356 1140 2395 nonnunquam
1161 2343 1428 2396 eruptionem
1449 2356 1568 2396 prae-

106 2412 232 2462 cedit,
256 2417 298 2452 et
329 2411 382 2452 ad
408 2411 519 2451 diem
543 2426 679 2451 unum
708 2416 782 2452 aut
812 2411 992 2452 alterum
1022 2416 1118 2464 post
1138 2412 1255 2451 illam
1280 2411 1544 2465 protrahitur
1556 2427 1569 2461 ;

108 2480 221 2533 quod
247 2480 293 2519 in
323 2479 527 2520 Discretis
547 2479 615 2519 vix
646 2479 871 2532 contingit.
933 2479 1076 2520 Tertio
1108 2479 1175 2520 die
1206 2484 1281 2519 aut
1313 2479 1451 2529 citius,
1473 2493 1570 2520 raro

107 2547 284 2596 tardius,
302 2551 558 2600 erumpunt,
589 2551 632 2587 et
654 2561 736 2600 quo
757 2546 897 2596 citius,
915 2560 964 2587 eo
986 2546 1120 2599 magis
1142 2547 1378 2586 confluunt.
1422 2545 1570 2587 Quan-

109 2615 247 2668 doque
283 2614 337 2655 ad
373 2619 572 2667 quartum
607 2614 672 2654 vel
703 2614 903 2667 quintum
937 2614 1050 2654 diem
1087 2613 1281 2654 differtur
1316 2613 1482 2667 eruptio
1515 2613 1569 2653 ob

109 2687 229 2723 atrox
246 2682 416 2735 aliquod
432 2687 694 2736 symptoma3
721 2681 836 2722 verbi
851 2681 999 2734 gratia,
1015 2681 1305 2721 acutissimum
1321 2680 1508 2721 dolorem
1523 2680 1571 2720 in

109 2749 278 2799 lumbis,
310 2749 538 2803 nephritici
569 2749 797 2799 aemulum,
825 2749 871 2789 111
901 2749 1032 2788 latere
1063 2748 1285 2801 plemitici,
1315 2748 1361 2787 in
1391 2747 1569 2787 artubus

110 2817 376 2867 rheumatici,
399 2817 444 2857 in
465 2817 699 2858 ventriculo
721 2831 819 2858 cum
848 2816 1014 2870 ingenti
1035 2816 1302 2869 aegritudine
1330 2820 1372 2856 et
1393 2815 1570 2855 vomitu.

154 2899 171 2922 d
198 2902 332 2931 Maxima
352 2901 421 2941 affe]
441 2902 489 2931 Cf.
509 2904 580 2931 ibid.
598 2902 644 2932 iii.
661 2904 687 2933 2.
707 2903 756 2932 20.
1140 2905 1153 2921 e
1180 2901 1228 2930 Cf.
1247 2902 1318 2931 ibid.
1337 2900 1379 2930 iii.
1398 2901 1425 2930 2.
1444 2901 1462 2930 6
1481 2910 1526 2939 sq.
