1985 3308
194 126 272 161 620

198 226 252 256 bre
275 226 418 266 hyemali
441 227 579 263 vitanda,
594 227 676 263 477;
699 227 734 258 in
756 228 897 258 febribus
919 228 969 258 in—
991 232 994 236 ’

200 270 330 298 termitt.
341 275 500 305 autumn„
512 271 551 300 85
564 283 570 305 ;
595 270 630 299 in
644 270 786 300 febribus
802 271 968 300 intermitt.

200 312 275 341 anni
290 311 356 347 ¹78,
371 314 434 343 280
447 325 453 347 ;
476 313 509 342 in
524 312 609 342 febre
630 323 711 343 nova
726 313 878 352 hyemali,
895 314 969 349 488,

199 355 273 389 489,
291 355 372 389 493;
397 355 429 385 in
452 355 538 385 febre
560 355 724 391 variolosa‚
747 357 822 390 157;
851 356 884 385 in
908 355 968 395 hy-

199 396 295 436 drope
321 398 447 436 quando
478 402 510 428 et
541 408 638 437 quare
662 398 862 433 conveniant,
884 398 969 433 470;

200 439 344 469 maculas
360 450 536 480 purpureas
550 441 583 469 in
600 441 738 470 febribus
753 445 883 478 augent,
897 441 972 476 232,

200 483 281 517 233;
304 482 338 512 in
358 482 511 522 malignis
531 483 649 512 morbis
673 483 867 522 quibusdam
890 493 969 522 qua-

200 534 232 554 re
248 524 386 561 laedant,
404 527 485 561 232;
509 525 542 554 in
566 525 724 555 morbillis
745 530 871 561 nocent,
891 526 970 561 185;

199 567 404 606 pleuritidem
442 568 723 607 symptomaticam
766 567 971 607 quandonam

200 609 350 646 inferant,
382 611 462 646 246;
500 611 533 639 in
561 609 730 650 pleuritide
758 620 831 639 vera
862 610 972 640 obesse

200 658 345 692 possunt,
370 654 446 688 229,
485 652 706 682 calefacientia
736 652 972 683 medicamenta

200 695 391 734 vegetabilia
410 705 490 735 quae
505 695 680 725 amaricant
694 694 745 724 vel
763 694 907 735 linguam
924 696 970 725 fe-

200 738 298 773 riunt,
320 748 392 768 vera
408 742 484 767 sunt
498 737 532 767 in
553 737 694 777 podagra
714 737 878 777 digestiva,
898 739 971 774 424,

202 782 284 816 425;
307 780 340 810 in
359 780 430 810 aliis
448 780 606 810 chronicis
628 790 755 820 quoque
778 781 972 818 conducunt,

202 824 276 858 427,
303 824 387 857 430;
417 822 637 853 calefacientia
670 823 704 852 in
739 823 973 853 rheumatismo

201 870 325 901 nocent,
352 866 432 900 2673
470 866 506 895 in
535 865 615 895 tussi
641 865 778 905 epidem.
804 865 879 895 anni
907 866 972 902 ’75‚

204 909 277 944 228,
302 909 360 938 231
378 921 385 943 ;
412 908 446 938 in
469 907 608 944 variolis‚
629 909 698 944 131,
719 909 789 943 133,
810 908 880 944 136,
901 909 972 944 137,

205 952 286 985 3:33;
312 950 346 980 in
367 950 496 980 variolis
520 951 648 990 quando
669 951 878 988 concedenda,
901 951 971 988 147,

209 994 267 1023 148
280 1006 286 1029 3
305 993 336 1022 in
349 993 479 1023 variolis
493 993 650 1023 anomalis
663 993 835 1023 confluent.
849 999 974 1030 nocent,

209 1037 399 1071 190—192;
438 1041 470 1066 et
499 1036 532 1066 in
564 1036 765 1076 regularibus
796 1033 999 1073 confluent.,'

208 1080 287 1114 1403
312 1084 342 1109 et
357 1079 390 1109 in
404 1078 558 1114 discretis,
578 1079 648 1116 126,
665 1080 744 1114 143;
769 1079 974 1118 quandonam

204 1121 313 1151 minus
332 1126 479 1158 noceant,
497 1121 567 1152 127.

249 1164 345 1194 Calor
374 1164 471 1194 febris
500 1164 569 1204 ipse
598 1164 664 1194 fere
693 1163 813 1194 sufficit
836 1164 876 1194 ad
903 1174 973 1194 rna-

204 1207 301 1236 teriae
344 1207 593 1242 concoctionem,
629 1212 667 1237 ut
705 1207 820 1236 sudore
857 1207 975 1246 expelli

205 1254 311 1289 queat,
328 1251 408 1285 213;
434 1249 520 1280 calor
541 1249 651 1289 frigori
673 1249 864 1279 diuturniori
886 1250 974 1280 dere-

205 1298 299 1331 pente
323 1293 506 1328 succedens,
522 1292 717 1332 pleuritides,
737 1292 881 1331 anginas,
906 1293 975 1329 &c.‚

205 1335 339 1371 inducit,
358 1337 437 1370 240;
463 1335 549 1366 calor
564 1334 638 1364 lecti
656 1335 690 1364 in
712 1335 854 1365 febribus
875 1335 974 1365 inter-

205 1379 286 1407 mitt.
315 1378 381 1407 vim
412 1377 541 1408 corticis
572 1378 687 1408 PeruV.
718 1383 857 1414 enervat,
889 1378 972 1414 35l;

203 1420 473 1450 rheumatismum
497 1425 672 1460 promovet,
693 1421 775 1454 258;
812 1420 844 1450 in
867 1422 972 1450 vario—

205 1463 245 1492 lis
268 1463 437 1493 confluent.
452 1464 518 1492 vim
531 1463 634 1493 morbi
656 1463 803 1502 adauget,
821 1465 880 1493 351
896 1475 903 1497 ;
940 1463 974 1493 in

204 1505 374 1546 pleuritide
398 1516 532 1542 nocuus,
557 1507 640 1540 250;
664 1505 777 1535 caloris
799 1505 917 1543 gradus
940 1506 974 1535 in

206 1548 398 1578 variolarum
415 1548 578 1578 curatione
594 1548 678 1577 unde
694 1548 861 1587 petendus,
882 1549 951 1578 134.

250 1591 361 1620 Caxxs
379 1591 467 1630 (De)
486 1591 618 1620 RABmx
636 1590 777 1626 Moxsu,
794 1591 866 1620 603.

251 1634 451 1673 Capillorum
467 1633 591 1663 abrasio
605 1633 638 1662 in
655 1633 846 1672 phrenitide,
862 1633 936 1662 494.

251 1676 374 1716 Capitis
387 1676 509 1706 dolores
524 1676 557 1705 in
568 1676 655 1705 febre
666 1675 885 1715 dysentericae
899 1675 974 1705 anni

206 1720 268 1754 ¹69,
299 1720 377 1753 1792
415 1718 528 1759 capitis
555 1723 664 1748 motus
687 1718 719 1747 in
738 1718 911 1748 vomitione
935 1728 974 1747 ex

206 1761 363 1800 hysterica
382 1761 482 1792 affect.
511 1761 614 1801 ipsam
639 1771 716 1801 prae
742 1761 872 1790 caeteris
899 1771 970 1800 pro-

206 1808 307 1841 vocat,
322 1806 404 1839 3943
428 1804 541 1844 capitis
564 1803 700 1833 obtectio
716 1803 756 1832 ad
780 1803 911 1833 sudores
927 1803 972 1832 ci-

205 1847 303 1876 endos
320 1847 461 1876 multum
475 1846 606 1882 confert,
626 1847 695 1876 113.

250 1889 449 1919 Carbunculi
462 1899 498 1919 ac
513 1889 656 1918 bubones
669 1888 702 1918 in
716 1893 804 1928 peste
820 1887 973 1918 materiae

206 1932 387 1971 expulsioni
402 1931 591 1967 inserviunt,
611 1932 680 1961 155.

249 1975 404 2004 Cardiaea
432 1980 560 2004 servant
583 1983 694 2012 aegros
715 1973 975 2003 venae-sectione

204 2018 372 2047 temeraria
381 2017 563 2053 mulctatos,
572 2018 629 2051 42;
646 2016 806 2046 Naturam
817 2016 972 2055 languen-

206 2066 269 2090 tem
291 2060 455 2099 adjuvant,
470 2059 730 2099 refrigerantibus
754 2063 809 2088 aut
831 2058 974 2098 clysteri-

206 2103 265 2132 bus
289 2103 498 2138 debilitatam,
521 2103 582 2136 78;
604 2102 637 2132 in
659 2101 825 2142 apoplexia
848 2106 974 2137 nocent,

206 2147 288 2179 570;
318 2145 350 2175 in
374 2145 553 2185 dysenteria
576 2144 694 2184 qualia,
719 2144 856 2184 quando,
882 2149 912 2174 et
941 2144 974 2174 in

207 2188 323 2227 quibus
345 2188 553 2227 propinanda,
573 2189 653 2222 1723
679 2187 713 2216 in
739 2187 825 2216 febre
855 2187 974 2218 contin.

205 2241 276 2261 anu.
296 2232 449 2261 ’ol—¹64
464 2231 658 2270 quibusnam
674 2229 849 2264 conferant,
865 2234 895 2258 et
911 2239 974 2269 quo

206 2274 309 2303 morbi
324 2279 465 2314 tempore
480 2273 668 2309 exhibenda,
684 2273 742 2307 49;
761 2272 976 2312 inopportuna

206 2321 422 2346 transmutant
441 2316 544 2346 febres
567 2315 733 2345 intermitt.
753 2315 783 2344 in
807 2314 974 2344 continua-

206 2369 278 2389 rum
296 2359 443 2399 speciem,
461 2360 533 2394 280,
548 2359 629 2392 286:
654 2357 780 2388 corticis
791 2357 905 2387 Peruv.
923 2368 973 2387 sa-

207 2401 342 2431 lutarem
359 2402 507 2432 effectum
524 2401 640 2436 delent,
655 2400 735 2434 286;
761 2400 845 2429 card.
862 2405 894 2429 et
909 2409 977 2429 cor-

208 2444 387 2474 roborantia
409 2445 442 2474 in
466 2444 606 2474 febribus
636 2443 802 2472 intermitt.
829 2448 973 2472 autumn.

208 2487 334 2525 quando
362 2492 392 2516 et
416 2497 472 2516 cur
495 2485 696 2521 conveniant,
724 2487 784 2519 84;
819 2485 977 2514 sustinent

207 2529 311 2559 adhuc.
340 2539 429 2559 senes
453 2539 509 2569 per
535 2534 661 2568 tempus
687 2527 819 2567 aliquot,
844 2529 903 2562 84;
942 2527 976 2557 in

207 2572 292 2601 febre
319 2572 488 2601 scarlatina
512 2571 674 2606 damnosa,
692 2572 773 2604 243;
796 2574 827 2600 et
842 2570 875 2600 in
891 2570 977 2600 febre

208 2614 373 2650 variolosa,
393 2615 462 2649 157,
483 2616 562 2648 158;
592 2614 626 2643 in
653 2613 760 2644 mania
779 2617 851 2652 post
874 2612 977 2642 febres

208 2657 372 2686 intermitt.
384 2657 598 2687 diuturniores
608 2656 837 2695 exiguntur‚91
851 2668 857 2690 ;
876 2665 978 2694 quan-

208 2698 247 2727 do
265 2699 463 2732 dimittenda,
481 2701 541 2733 92;
565 2703 714 2728 vetantur
733 2698 767 2728 in
786 2697 975 2737 phrenitide‚

208 2742 267 2775 573
306 2741 340 2770 in
364 2742 491 2771 variolis
513 2741 709 2772 ebullitionis
733 2745 851 2770 statum
880 2740 977 2770 nimis

209 2783 356 2818 evehunt,
374 2785 443 2818 131,
463 2785 540 2818 132;
565 2783 765 2823 eruptionem
785 2782 976 2822 impediunt,

212 2826 291 2859 136;
318 2825 543 2865 intempestiva
567 2836 725 2865 quaenam
748 2825 835 2855 mala
856 2824 975 2864 produ-

209 2874 292 2903 cant,
310 2869 389 2901 34&
424 2869 535 2898 mortis
556 2879 649 2908 saepe
671 2878 769 2898 causa
791 2873 876 2901 suut,
897 2869 957 2898 135
969 2879 975 2901 ς

209 2912 243 2944 in
259 2910 386 2942 variolis
403 2911 495 2942 discr.
511 2911 659 2941 sudorem
683 2911 830 2950 urgentia
850 2916 976 2945 nocent,
1004 2912 1007 2918 “

785 126 956 163 INDEX
986 127 1197 164 RERUM.

1025 229 1103 263 126;
1142 232 1346 268 praemature
1378 228 1530 259 exhibere
1557 237 1701 259 nocuum
1730 227 1807 263 est,>

1025 271 1106 306 137;
1128 272 1178 300 4‘0
1201 271 1252 301 die
1268 271 1473 310 quandonam
1496 270 1639 301 exhiberi
1662 275 1793 309 queant,

1025 315 1084 345 137
1099 325 1105 348 ;
1121 318 1152 344 et
1167 313 1286 353 qualia,
1306 314 1364 343 137
1381 326 1388 349 3
1405 313 1563 343 confluere
1579 313 1701 343 faciunt
1714 321 1792 351 pus-

1022 356 1107 386 tulas
1123 356 1150 386 si
1165 356 1379 395 inopportune
1400 355 1612 395 applicentur,
1629 356 1700 390 131,
1721 355 1793 390 136,

1025 399 1084 430 137
1100 411 1106 433 ;
1142 403 1344 438 praemature
1369 399 1511 428 exhibita
1537 398 1697 438 eruptioni
1727 396 1795 427 obi·

1022 451 1092 470 cem
1106 446 1240 480 ponunt,
1257 442 1327 476 136,
1346 442 1428 475 137;
1451 441 1579 480 quando
1603 439 1801 475 adhibenda,-

1026 485 1084 513 135
1098 496 1104 518 ς
1130 483 1351 513 cardiacorum
1366 483 1533 519 formulae,
1548 484 1599 519 51,
1617 484 1668 514 91.

1068 526 1189 556 Carnes
1205 530 1353 556 vetantur
1367 525 1400 556 in
1416 526 1573 566 podagrae
1589 534 1794 565 paroxysmo,

1023 569 1108 603 443;
1131 568 1248 598 harum
1268 578 1347 598 usus
1368 568 1662 608 hypochondriacos
1678 572 1710 597 et
1733 567 1792 607 hy-

1023 611 1156 641 stericas
1177 616 1343 646 restaurat,
1371 612 1454 646 375;
1491 611 1685 641 abstinentia
1707 619 1793 640 mor-

1023 653 1101 684 bum
1118 663 1212 693 saepe
1227 653 1351 690 invitat,
1367 654 1439 690 375,
1457 653 1529 686 377.

1068 695 1270 726 Carunculae
1298 696 1331 726 iu
1370 696 1501 726 uretbra
1533 695 1567 725 in
1596 694 1795 735 gonorrhoea

1022 738 1129 774 virul.,
1147 740 1228 773 311;
1253 748 1292 768 ex
1315 738 1408 779 aquis
1431 737 1578 769 mineral.
1598 747 1692 778 saepe
1718 747 1799 767 nas-1

1023 787 1149 817 cuntur,
1167 782 1238 811 316.

1068 824 1171 854 Casus
1190 824 1306 864 oppido
1327 824 1388 854 rari
1414 823 1454 854 ad
1475 822 1644 854 historiam
1665 821 1793 852 morbo-

1023 876 1097 896 rum
1113 867 1238 906 proprie
1254 876 1318 896 non
1333 866 1502 906 pertinent,
1523 867 1571 897 12.

1069 909 1265 939 Catamenia.
1284 907 1330 948 [v.
1348 907 1538 948 splenstrua]

1069 951 1275 991 Cataplasma
1296 952 1335 981 ad
1359 952 1482 981 dolores
1505 951 1544 981 ab
1565 950 1639 980 allio
1661 949 1798 990 pedibus

1024 994 1186 1034 applicato
1209 994 1372 1030 excitatos,
1399 996 1479 1029 355;
1503 994 1537 1024 in
1561 993 1714 1033 hydrope,
1739 992 1794 1022 ab·

1026 1037 1147 1066 domini
1173 1037 1364 1076 applicitum
1384 1047 1443 1067 nec
1462 1040 1554 1066 nocet
1575 1046 1634 1066 nec
1656 1035 1796 1076 prodest,

1025 1079 1109 1115 4735
1132 1080 1166 1110 in
1188 1079 1347 1119 podagrae
1368 1089 1570 1119 paroxysmo,
1595 1077 1680 1119 quod
1703 1078 1794 1107 Auc-

1025 1122 1084 1152 tori
1111 1132 1186 1162 prae
1205 1123 1338 1153 caeteris
1364 1122 1496 1162 profuit,
1521 1123 1602 1157 44&
1641 1121 1676 1151 in
1699 1120 1800 1150 rheu-

1026 1164 1185 1201 matismo,
1216 1165 1300 1202 2573
1336 1165 1371 1195 in
1404 1165 1498 1195 scroti
1533 1162 1798 1200 inflammatione,

1072 1249 1219 1280 Catarrhi
1235 1254 1266 1280 et
1281 1255 1384 1280 tusses
1400 1249 1536 1290 epidem.
1552 1249 1628 1281 anni
1641 1248 1705 1285 ’75‚
1722 1249 1801 1280 206.

1073 1292 1266 1323 Cathartica.
1285 1292 1328 1332 [v.
1347 1292 1553 1333 Purgantia]

1073 1335 1210 1365 Catulus
1225 1336 1346 1372 vivens,
1363 1335 1397 1365 in
1413 1335 1475 1365 ileo
1491 1345 1576 1373 vero,
1591 1334 1678 1365 nudo
1692 1333 1800 1364 ventri

1029 1378 1184 1417 quamdiu
1197 1378 1447 1415 accumbendus,
1463 1379 1515 1408 64.

1074 1421 1198 1450 Causae
1213 1421 1397 1450 morborum
1419 1421 1582 1461 proximae
1597 1424 1629 1450 et
1644 1419 1799 1458 conjunc-

1029 1467 1078 1492 tae
1095 1463 1180 1493 solae
1202 1473 1220 1492 a
1240 1464 1330 1493 nobis
1346 1468 1480 1503 possunt
1496 1462 1654 1502 cognosci,
1673 1462 1711 1492 16
1725 1471 1773 1500 sq.
1789 1473 1798 1497 ς

1030 1515 1144 1535 causae
1170 1506 1354 1536 morbificae
1380 1511 1633 1545 symptomatum
1655 1503 1798 1543 peculia-

1029 1548 1113 1577 rium
1130 1548 1333 1587 perceptione
1348 1548 1639 1587 deprehenduntur,
1659 1548 1707 1576 13.

1074 1590 1250 1620 Cerebrum
1263 1591 1443 1620 humanum
1458 1601 1522 1620 non
1537 1595 1602 1620 tam
1615 1589 1692 1629 quid
1708 1588 1799 1619 abso-

1029 1632 1096 1663 lute
1121 1643 1244 1668 verum,
1269 1643 1366 1672 quam
1397 1633 1475 1672 quid
1504 1632 1644 1663 maxime
1667 1636 1801 1662 naturae

1029 1675 1191 1705 humanae
1206 1675 1460 1711 accommodum,
1474 1675 1620 1715 percipit,
1636 1675 1695 1704 511
1713 1686 1719 1708 ;
1743 1684 1799 1704 ex-

1031 1718 1174 1757 emplum
1199 1722 1248 1748 est
1262 1719 1421 1757 quomodo
1438 1717 1583 1748 Naturae
1603 1716 1802 1756 operationes

1031 1760 1310 1800 deprehendimus,
1338 1770 1402 1790 non
1425 1766 1534 1790 tamen
1559 1759 1694 1790 modum
1723 1768 1801 1799 ope-

1031 1803 1132 1838 randi,
1150 1804 1222 1833 363.

1077 1845 1239 1875 Cerevisia
1269 1845 1451 1884 generosior
1479 1845 1514 1875 in
1539 1844 1692 1885 hydrope,
1716 1844 1799 1879 471;

1032 1888 1199 1923 medicata,
1223 1898 1280 1927 pro
1303 1888 1508 1927 pauperibus,
1526 1888 1584 1920 471
1601 1900 1608 1923 3
1631 1896 1732 1917 cerev.
1749 1886 1803 1917 cui

1032 1931 1132 1960 maeis
1149 1930 1272 1970 aliquid
1293 1930 1468 1966 incoctum,
1484 1931 1518 1961 in
1533 1929 1802 1970 pestilentialibus

1032 1973 1161 2008 morbis,
1190 1975 1270 2008 1143
1305 1983 1405 2003 cerev.
1431 1983 1506 2003 cum
1530 1972 1721 2003 rhabarbaro
1745 1981 1803 2011 pro

1032 2016 1216 2052 infantibus,
1228 2017 1301 2051 504,
1314 2017 1375 2046 505
1392 2029 1399 2051 ς
1422 2026 1522 2046 cerev.
1538 2016 1644 2045 tenuis
1655 2015 1689 2044 in
1701 2014 1801 2054 poda-

1033 2059 1140 2098 gricis,
1158 2060 1230 2094 ι133,
1245 2060 1326 2094 434;
1350 2059 1385 2088 in
1401 2058 1535 2094 calculo,
1549 2060 1610 2088 525
1625 2071 1632 2093 ;
1654 2057 1688 2087 in
1704 2057 1800 2087 febri-

1032 2101 1103 2137 bus,
1120 2103 1176 2136 53;
1203 2111 1278 2131 cum
1291 2101 1511 2131 aurantiorurn
1527 2111 1633 2136 succo,
1648 2100 1682 2130 in
1698 2099 1804 2130 febrili

1033 2144 1153 2179 ardore,
1171 2145 1210 2174 53
1223 2157 1230 2179 ;
1255 2153 1331 2174 curn
1346 2144 1465 2174 vitrioli
1481 2144 1555 2183 spir.
1569 2143 1603 2173 in
1616 2143 1713 2173 micto
1729 2152 1804 2172 cru-

1033 2192 1106 2216 ento
1134 2192 1165 2217 et
1189 2186 1344 2226 petechiis
1367 2197 1406 2216 ex
1429 2187 1515 2216 febre
1538 2191 1642 2221 acuta,
1659 2186 1740 2220 360;
1769 2185 1804 2215 in

1033 2229 1190 2259 morbillis
1200 2239 1304 2259 anom.
1315 2229 1391 2259 anni
1407 2229 1470 2265 74,
1482 2230 1544 2259 218
1557 2241 1564 2264 ;
1587 2229 1621 2258 in
1633 2227 1805 2268 peripneu-

1033 2272 1141 2302 monia
1160 2272 1266 2307 notha,
1286 2273 1368 2307 254;
1392 2271 1426 2301 in
1448 2272 1530 2302 tussi
1545 2271 1692 2310 epidem.,
1717 2271 1779 2301 229
1797 2281 1805 2305 ς

1032 2314 1066 2344 in
1092 2314 1231 2350 variolis,
1253 2315 1334 2349 221;
1357 2314 1391 2344 in
1413 2314 1542 2344 variolis
1569 2323 1673 2343 anom.
1699 2312 1804 2348 discr..

1037 2357 1095 2387 193
1110 2370 1116 2392 ;
1139 2357 1173 2387 in
1194 2356 1320 2387 variolis
1336 2356 1518 2392 confluent..
1534 2357 1606 2387 355.

1079 2399 1296 2439 Chalybeatae
1333 2409 1434 2439 aquae
1464 2399 1498 2429 in
1531 2397 1656 2429 calculo
1688 2407 1803 2428 renum

1034 2452 1127 2481 saepe
1142 2447 1278 2472 mortem
1294 2443 1596 2483 accerseruntydg2.

1079 2484 1222 2524 Chalybs
1244 2484 1278 2514 in
1301 2484 1448 2520 chlorosi,
1475 2484 1558 2520 379;
1592 2484 1627 2514 in
1649 2482 1803 2522 hydrope,

1034 2528 1116 2561 472;
1140 2527 1173 2557 in
1189 2527 1289 2557 colica
1304 2526 1522 2566 hypochondr.
1539 2531 1570 2557 et
1584 2526 1703 2566 hyster.
1721 2526 1803 2563 582;

1034 2569 1067 2599 in
1092 2569 1251 2609 hysterica
1277 2569 1389 2604 affect„
1419 2570 1481 2601 379
1508 2579 1576 2608 sq.;
1613 2567 1746 2608 chalybs
1770 2567 1805 2598 in

1035 2612 1212 2642 substantia
1227 2612 1346 2652 optime
1363 2622 1443 2651 opus
1457 2611 1620 2651 persolvit,
1636 2612 1699 2641 380
1713 2622 1720 2645 ;
1746 2610 1802 2640 de-

1034 2654 1109 2685 inde
1133 2655 1166 2685 in
1194 2654 1305 2694 syrupi
1329 2654 1441 2689 forma,
1461 2655 1546 2689 380;
1568 2654 1602 2684 in
1626 2652 1805 2683 substantia

1035 2707 1075 2726 an
1091 2697 1124 2727 in
1140 2697 1317 2727 visceribus
1330 2697 1463 2727 haerens
1475 2706 1588 2727 nocere
1603 2695 1712 2735 possit,
1723 2696 1785 2725 383
1797 2707 1805 2730 ς

1035 2739 1103 2770 sine
1129 2739 1344 2779 purgantibus
1373 2739 1587 2779 praestantius
1615 2747 1712 2768 suum
1738 2737 1805 2768 edit

1035 2781 1193 2817 effectum,
1210 2783 1282 2817 380,
1297 2783 1356 2812 381
1374 2794 1380 2816 ;
1404 2782 1430 2811 si
1446 2791 1562 2821 corpus
1574 2781 1670 2811 nimis
1686 2780 1803 2816 turbet,

1034 2824 1173 2856 laudano
1195 2824 1362 2860 utendum,
1381 2825 1465 2859 385;
1492 2834 1566 2854 cum
1590 2823 1672 2853 nihil
1697 2823 1803 2862 profe-

1035 2867 1113 2897 cerit
1135 2867 1168 2897 in
1189 2867 1307 2897 morbis
1331 2866 1490 2897 curandis.
1511 2876 1612 2906 aquae
1634 2864 1804 2895 minerales

1034 2909 1152 2940 ferreae
1164 2909 1339 2945 adeundae,
1350 2910 1411 2939 386
1425 2922 1431 2945 ;
1456 2919 1594 2950 cumque
1603 2908 1682 2938 istae
1694 2907 1804 2938 minus
