1985 3308
262 136 787 179 OBSERVATIONUM
819 135 1198 178 MEDICARUM
1231 141 1307 175 III.
1333 145 1368 177 3.
1466 139 1543 179 155

89 257 140 286 ea
159 257 267 298 quae
298 243 549 297 sanguinem
579 242 689 284 male
719 241 893 284 habent.
956 242 1054 285 Quo
1074 242 1120 282 in
1150 256 1251 283 casu
1278 242 1545 282 Medicorum

89 316 153 353 est
189 312 504 353 evacuationem
533 311 736 352 materiae
765 310 1073 364 pestilentialis,
1107 324 1233 364 quam
1263 323 1338 363 per
1368 310 1443 350 hos
1475 310 1545 350 ab-

1593 253 1722 284 Fuluus

1583 296 1734 327 CoNTm.

1566 338 1748 369 ΛΝΝοιιυΜ

88 392 250 420 80088118
278 379 446 420 Natura
475 378 659 429 molitur,
691 382 816 432 prout
849 378 982 429 decet,
1004 391 1150 431 regere
1163 395 1174 428 ;
1206 377 1288 417 nisi
1318 377 1427 418 forte
1455 377 1547 430 quis
1588 382 1721 413 ’67-’69-

87 447 223 500 magis
254 447 497 488 consultum
518 461 608 487 esse
629 447 840 500 putaverit
868 446 993 487 aliam
1019 445 1203 498 aliquam
1232 443 1547 485 evacuationem

88 515 358 566 substituere,
382 529 488 569 quae
518 515 653 568 magis
682 528 812 569 penes
842 515 964 555 illum
994 513 1135 564 fuerit,
1167 513 1342 567 ejusque
1374 511 1548 552 arbitrio

88 584 244 626 certius
276 583 642 637 obtemperaverit,
681 597 808 636 quam
840 583 913 623 illa
946 581 1153 622 Naturae.
1215 579 1378 621 Eodem
1419 578 1548 619 etiam

87 652 213 693 modo
252 651 440 706 procedit
482 651 652 692 Natura
690 650 736 690 in
777 649 1023 704 expellenda
1063 649 1315 690 variolarum
1355 647 1545 696 materia,

86 720 185 761 licet
207 734 257 761 ea
277 719 434 774 speeies
457 719 509 760 sit
531 718 876 759 inflammationis
896 717 1129 772 pinguioris
1151 731 1198 758 ac
1214 716 1349 769 magis
1370 729 1546 765 crassae,

88 802 196 841 quae
217 802 292 841 per
311 787 503 841 pustulas
519 786 677 840 ubique
700 800 862 840 sparsas
884 786 1062 840 ejicitur,
1080 784 1435 826 carbunculorum
1455 783 1547 824 1000

87 870 136 896 ac
155 855 389 905 bubonum,
408 859 486 896 ete.
507 872 515 895 ι
548 860 675 908 atque
695 854 741 894 111
760 853 841 894 1100
863 854 991 894 etiam
1013 866 1112 893 casu
1126 851 1405 893 indicationes
1427 865 1547 891 cura-

87 922 197 963 tivae
223 935 272 963 00
301 927 400 962 sunt
423 921 668 975 dirigendae
696 926 744 962 ut
772 921 1002 962 naturalisq
1023 934 1098 974 per
1118 919 1309 974 pustulas
1332 918 1547 960 evacuatio

86 993 167 1034 rite
189 992 521 1034 administretur.
576 993 654 1047 [6.]
685 993 711 1033 J
715 1007 783 1033 am
803 1006 913 1043 vero,
932 1006 1029 1032 cum
1050 992 1095 1032 in
1115 991 1195 1032 1100
1217 990 1362 1032 Febris
1383 990 1547 1030 inflam-

87 1061 290 1102 matoriae
322 1075 488 1114 genere,
512 1061 563 1102 de
596 1077 678 1115 quo
708 1075 824 1102 nune
852 1061 1029 1115 agimUS,
1051 1074 1139 1101 non
1165 1059 1407 1100 inveniatur
1437 1073 1546 1099 cras-

88 1128 171 1169 sior
194 1129 266 1168 11111
286 1128 474 1178 materia,
497 1143 584 1169 non
611 1128 693 1168 nisi
723 1128 890 1182 praevia
917 1128 1152 1181 digestione
1174 1127 1397 1180 egerenda,
1423 1127 1547 1179 (sicut

87 1197 133 1236 in
160 1196 276 1237 febre
298 1197 490 1250 superius
521 1196 759 1250 descripta,)
784 1197 997 1237 ineassum
1029 1196 1266 1237 ebullitioni
1287 1196 1546 1237 obsecunda-

86 1278 182 1304 mus
207 1265 260 1305 ad
287 1264 564 1305 obtinendam
590 1265 833 1319 hujusmodi
855 1264 1161 1317 digestionem,
1194 1264 1383 1317 quinimo
1405 1279 1427 1306 e
1449 1279 1546 1305 eon-

86 1337 165 1383 tra,
187 1333 302 1374 haud
323 1333 412 1374 leve
435 1338 498 1374 est
519 1334 768 1388 perieulum,
791 1348 858 1384 ne,
881 1334 981 1374 huie
1005 1334 1095 1374 viae
1115 1334 1374 1385 insistentes,
1398 1335 1546 1376 stimu-

85 1399 148 1441 los
178 1401 383 1442 addamus
409 1401 570 1453 morbo,
603 1402 724 1455 enjus
756 1415 840 1442 esse
875 1402 920 1442 in
950 1401 1284 1443 inflammatione
1319 1403 1415 1456 plus
1447 1404 1548 1444 satis

85 1468 269 1509 violenta
303 1469 522 1510 consistit:
567 1475 694 1523 atque
729 1484 866 1523 porro,
909 1484 1006 1511 eum
1043 1471 1213 1512 Natura
1251 1472 1414 1512 nullam
1449 1473 1549 1514 huic

86 1537 210 1579 Febri
235 1538 550 1579 evacuationem
571 1552 646 1591 per
674 1538 848 1578 modum
876 1538 1109 1592 eruptionis
1131 1539 1412 1590 constituerit,
1436 1541 1549 1594 quod

85 1605 130 1645 in
162 1606 279 1647 febre
313 1606 588 1660 pestilentiali
619 1611 661 1647 et
692 1607 858 1648 variolis
889 1607 980 1648 fieri
1015 1607 1240 1659 cernimus,
1278 1609 1391 1662 (utut
1421 1610 1548 1651 rebus

86 1675 178 1716 aliis
217 1676 438 1730 posteriori
472 1676 572 1716 huic
606 1676 754 1717 morbo
794 1677 1077 1731 respondeat,)
1118 1679 1354 1719 necessario
1389 1679 1435 1719 in
1470 1680 1550 1721 hoc

86 1743 215 1785 stabit
246 1744 307 1785 rei
338 1759 514 1795 summa,
541 1750 590 1785 ut
622 1745 793 1786 sedetur
822 1746 1100 1787 inflammatio
1131 1747 1475 1789 evacuationibus
1507 1754 1550 1789 et

85 1813 404 1855 medicamentis
455 1815 888 1868 contemperantibus.
972 1816 1103 1857 Hune
1153 1817 1260 1857 mihi
1309 1832 1549 1871 proponens

87 1895 272 1935 scopum,
313 1882 489 1937 hujusce
530 1883 676 1923 Febris
717 1884 981 1925 curationem
1022 1899 1245 1938 aggressus
1291 1901 1397 1938 sum,
1442 1902 1549 1941 quae

86 1950 287 1990 methodo
307 1951 386 1990 hac
407 1950 521 1991 haud
543 1951 767 1991 difficulter
788 1956 1031 2005 expugnata
1051 1952 1146 1993 fuit.

147 2015 226 2072 [7.]
262 2017 330 2057 Ad
351 2032 526 2071 aegrum
549 2019 787 2068 accersitus,
809 2033 905 2059 mox
931 2020 1183 2073 sanguinem
1205 2035 1227 2061 e
1248 2020 1421 2062 brachio
1444 2022 1545 2064 edu-

85 2085 269 2126 cendum
290 2086 443 2136 curavi,
462 2085 587 2126 modo
608 2086 741 2126 nimia
762 2086 970 2137 debilitas,
987 2088 1235 2140 praesertim
1256 2103 1354 2130 vero
1375 2104 1546 2143 provee-

85 2153 169 2193 tior
196 2159 323 2203 aetas,
351 2168 436 2194 non
466 2153 863 2203 contra-indicaret,
897 2159 939 2194 et
963 2156 1345 2197 venae-sectionem
1374 2157 1547 2211 insuper

85 2220 258 2261 alternis
295 2220 443 2262 diebus
475 2221 528 2261 ad
564 2221 668 2262 duas
700 2221 837 2262 adhuc
868 2221 976 2262 vices
1007 2223 1283 2276 repetendam
1313 2225 1434 2278 jussi,
1463 2226 1546 2266 nisi

85 2288 302 2329 redeuntis
324 2289 516 2330 sanitatis
538 2289 659 2343 signa
681 2289 803 2330 aliter
824 2290 1064 2330 suaderent.
1128 2291 1289 2332 Diebus
1311 2292 1544 2345 interjectis

85 2369 236 2396 enema
262 2371 284 2397 e
312 2357 421 2397 laete
450 2363 492 2398 et
524 2357 734 2407 saccharo,
757 2357 822 2397 vel
843 2357 991 2407 simile,
1021 2357 1297 2411 injiciendum
1325 2361 1517 2413 praecepi
1532 2377 1543 2409 ;

85 2424 332 2477 praescripsi
353 2430 395 2466 et
411 2425 622 2479 julapium
639 2439 832 2478 sequens,
850 2425 914 2465 vel
932 2425 1046 2465 aliud
1063 2426 1282 2479 ejusmodi,
1299 2427 1545 2481 frequenter

84 2505 159 2544 per
179 2506 349 2533 omnem
369 2493 506 2534 morbi
527 2493 751 2534 decursum
774 2493 1075 2534 assumendum
1092 2510 1161 2533 :—-

87 2560 217 2604 [Form.
235 2560 324 2605 “2·..).]Γ
372 2561 411 2612 R
441 2564 561 2607 Aquae
581 2563 797 2605 portulacae,

440 2621 597 2666 [Aquae]
620 2621 805 2662 Lactucae,

434 2677 600 2724 [Aquae]
621 2679 740 2712 florum
763 2679 977 2724 paralyseos,
995 2690 1062 2712 ana
1078 2680 1201 2713 uncias
1218 2686 1377 2724 quatuor,

434 2737 559 2781 Syrupi
578 2736 619 2770 dc
640 2736 843 2770 Limonibus
860 2737 1130 2780 scffl‘luiunciam,

434 2793 559 2838 Syrupi
576 2793 729 2827 Violacci
749 2794 887 2826 unciam
906 2805 1010 2827 unam
1028 2807 1034 2833 ς

270 2850 396 2895 Capiat
415 2851 534 2884 uncias
553 2857 619 2884 tros
639 2858 762 2895 quater
780 2851 830 2884 vel
848 2851 1031 2895 quinquies
1051 2851 1083 2884 in
1103 2851 1170 2890 «lio,
1188 2858 1218 2885 ot
1239 2852 1281 2885 :ul
1299 2853 1449 2887 libitum.

170 2930 183 2948 ’ἰ
207 2925 370 2965 natm-alis]
394 2926 532 2956 Nawrav
552 2925 597 2955 ed.
617 2926 677 2957 76.
1048 2929 1059 2943 Γ
1083 2926 1130 2955 Cf.
1149 2925 1272 2956 sermm.
1295 2928 1363 2961 106,
1386 2930 1451 2958 158.

1565 1064 1596 1094 in
1614 1065 1671 1096 hac

1565 1118 1627 1138 non
1645 1109 1730 1139 item.

1565 2034 1740 2065 Cunmo.
