1985 3308
223 270 277 300 DE
295 269 386 300 Pon-

256 321 361 343 AGRA-

217 1421 255 1451 In
272 1421 401 1462 digesti-

214 1475 326 1494 vorum
335 1475 405 1501 usu,

212 1508 382 1547 praecipue

214 1550 248 1580 in
263 1560 378 1590 parox-

214 1602 382 1632 ysmorum

214 1636 400 1674 intervallis,

213 1688 359 1718 perseve-

215 1721 361 1752 randum.

220 2444 260 2475 In
278 2445 346 2475 cibo

220 2495 362 2529 potuque

219 2542 300 2571 quae
317 2542 384 2562 me-

224 2575 374 2604 diocritas

219 2618 379 2648 servanda.

415 150 501 190 432
592 191 605 194 ,
839 149 1096 190 ΤΗΟΜΑΕ
1131 149 1471 190 SYDENHAM

414 256 584 296 Natura
623 255 670 296 in
709 255 887 296 materia
933 255 1130 296 morbum
1175 254 1472 296 committente
1511 253 1622 294 foras
1662 252 1870 307 pellenda.

416 322 707 365 Quamobrem
738 338 909 377 operam
944 323 1054 364 ludit
1088 322 1277 376 quisquis
1308 322 1388 378 hoc
1422 321 1545 362 illove
1576 321 1660 362 sive
1690 320 1873 361 medica·
1929 367 1933 370 ¹

414 396 573 442 mento,
596 392 681 433 sive
709 392 838 433 etiam
859 391 1078 445 regimine,
1102 389 1282 430 subinde
1307 389 1353 429 in
1376 403 1503 429 usum
1529 394 1736 439 revocato,
1758 388 1874 429 hunc

414 459 614 500 morbum
648 460 857 513 protelare
891 459 1057 511 satagit.
1121 458 1231 498 Cum
1265 470 1363 497 vero
1394 457 1464 497 hie
1495 456 1668 497 habitus
1703 461 1798 497 tum
1827 456 1875 496 in
1931 459 1952 483 ³¹

416 528 704 581 digestionum
735 528 926 568 omnium
947 525 1286 576 labefactatione,
1304 531 1398 566 tum
1420 530 1463 565 et
1492 525 1537 565 in
1560 525 1784 566 amissione
1806 525 1874 564 fir-

416 596 639 637 mitudinis
669 595 876 636 naturalis
904 594 1089 647 partium
1119 593 1398 646 singularum,
1420 593 1643 646 praecipue
1669 592 1877 633 fundetur

416 679 464 706 ac
485 668 664 713 constet,
682 663 852 715 utrique
873 662 986 702 malo
1007 660 1316 702 occurrendum
1338 666 1426 711 est3
1458 666 1500 702 et
1521 666 1611 701 tam
1633 661 1875 701 coctionum

415 731 545 772 robur
577 744 704 784 quam
732 729 952 770 firmitudo
981 729 1169 782 partium
1199 728 1464 782 pedetentim
1494 728 1641 769 reduci
1672 728 1798 769 debet
1829 741 1878 768 ac

415 798 657 847 restaurari,
678 811 755 850 pro
776 796 949 837 modulo
971 796 1129 837 scilicet
1150 796 1355 850 pristinae
1377 810 1424 836 ac
1446 801 1673 836 consuetae
1693 796 1878 849 corporis

417 866 699 907 oeconomiae.
776 864 1108 906 Quantumlibet
1146 879 1244 905 vero
1289 864 1405 905 istud
1445 864 1569 917 plene
1609 864 1879 918 perfecteque

416 934 508 974 fieri
532 948 620 974 non
644 947 766 987 posse
787 933 993 984 videatur,
1016 947 1104 974 non
1125 947 1174 974 eo
1199 933 1337 974 solum
1361 933 1535 973 nomine
1567 932 1680 986 quod
1706 932 1880 973 habitus

418 1002 660 1055 quicunque
695 1015 784 1043 non
817 1001 899 1041 nisi
937 1001 1168 1054 aegerrime
1203 1001 1250 1041 in
1283 1000 1363 1041 sibi
1399 1000 1631 1041 contrarios
1665 1006 1880 1041 transmu-

417 1075 579 1120 tantur,
612 1069 685 1110 sed
721 1069 850 1110 etiam
887 1069 1000 1123 quod
1032 1074 1148 1110 aetas
1181 1069 1337 1119 senilis,
1372 1082 1479 1122 quae
1514 1068 1613 1109 huic
1648 1067 1796 1109 morbo
1830 1073 1880 1108 ut

417 1137 650 1191 plurimum
671 1151 810 1178 comes
832 1142 895 1178 est
921 1142 963 1178 et
986 1137 1109 1188 socia,
1132 1137 1405 1178 vehementer
1425 1137 1664 1189 refragatur
1676 1153 1688 1186 3
1719 1141 1880 1186 tamen,

418 1211 629 1259 quantum
649 1205 757 1246 vires
783 1205 970 1258 annique
999 1205 1154 1256 sinent,
1177 1205 1387 1245 tentanda
1408 1209 1471 1245 est
1493 1204 1668 1254 curatio,
1691 1209 1733 1244 et
1754 1208 1882 1258 prout

417 1287 543 1326 aeger
572 1273 745 1327 propius
777 1272 832 1313 ad
860 1273 971 1313 hanc
1001 1278 1162 1313 metam
1194 1273 1378 1323 accedet,
1404 1272 1468 1313 vel
1497 1272 1667 1313 recedet
1697 1271 1883 1325 longius,

418 1341 637 1395 Podagrae
658 1341 933 1395 tyrannidem
954 1342 1090 1394 magis
1112 1342 1305 1382 minusve
1327 1342 1515 1395 effugiet.

479 1407 590 1464 [42]
627 1410 771 1462 Atque
812 1423 936 1462 porro
969 1409 1395 1450 animadvertendum
1431 1414 1507 1460 est,
1543 1408 1658 1463 quod
1696 1407 1885 1449 remedia.
1920 1436 1937 1451 22

419 1475 606 1517 πεπη-ικά
625 1477 691 1517 vel
712 1477 929 1530 digestiva,
954 1477 1038 1518 sive
1065 1483 1229 1531 partem
1258 1477 1465 1518 medicam
1493 1491 1543 1518 ea
1568 1481 1774 1530 spectant,
1798 1475 1884 1516 sive

419 1544 697 1594 diaeteticam,
724 1545 770 1584 in
797 1559 1143 1599 paroxysmorum
1165 1545 1387 1599 praecipue
1414 1545 1660 1595 intervallis,
1681 1545 1728 1584 111
1757 1557 1884 1584 usum
1921 1548 1935 1598 ζ

418 1612 653 1653 revocanda
681 1619 782 1653 sunt
797 1630 809 1663 3
841 1613 968 1666 idque
997 1628 1126 1668 quam
1153 1613 1397 1667 longissime
1418 1614 1509 1654 fieri
1530 1617 1669 1666 potest
1691 1627 1715 1653 a
1734 1626 1884 1666 parox-

418 1695 538 1735 ysmo
559 1681 817 1722 insecuturo.
879 1681 1034 1736 Neque
1056 1682 1170 1722 enim
1193 1682 1283 1722 sine
1305 1696 1460 1735 magna
1480 1682 1681 1735 temporis
1703 1695 1821 1722 mora
1842 1685 1886 1721 et

418 1748 626 1802 pertinaci
653 1749 939 1789 remediorum
960 1763 1054 1800 usu,
1077 1750 1401 1790 concoctionum
1433 1750 1620 1790 omnium
1642 1748 1884 1790 corrobora-

417 1817 492 1867 tio,
514 1817 820 1858 fermentorum
843 1818 1026 1871 corporis
1044 1818 1132 1871 jam
1153 1817 1481 1858 imminutorum
1502 1817 1767 1867 restauratio,
1789 1822 1885 1857 tan-

418 1890 546 1938 taque
576 1885 754 1925 firmitas
785 1890 992 1940 quantam
1023 1890 1229 1939 expetunt
1258 1891 1352 1926 tum
1379 1885 1566 1939 sanguiS,
1593 1890 1688 1925 tum
1711 1884 1885 1935 viscera,

419 1953 537 1994 senio
559 1953 806 1994 adversante
827 1958 1007 2007 possunt
1029 1954 1202 2007 acquiri.

484 2022 592 2076 [43]
632 2022 959 2064 Quantumlibet
980 2037 1078 2064 vero
1102 2023 1267 2077 prosint
1282 2023 1386 2064 haec
1403 2023 1569 2078 aliaque
1594 2021 1802 2077 ejusmodi
1821 2035 1887 2062 re-
1926 2062 1930 2068 ,

419 2090 571 2141 media,
590 2096 781 2131 attamen
795 2091 911 2132 hisce
929 2091 1026 2132 solis
1046 2092 1151 2132 haec
1173 2091 1473 2132 corroborandi
1493 2090 1676 2131 intentio
1693 2088 1888 2130 satisfieri

419 2159 592 2213 nequit,
627 2159 701 2200 sed
729 2164 771 2200 et
805 2173 951 2200 earum
985 2160 1113 2200 etiam
1147 2175 1288 2201 rerum
1320 2159 1517 2200 habenda
1547 2164 1611 2200 est
1637 2159 1746 2200 ratio
1776 2171 1889 2214 quae

420 2227 474 2269 ad
497 2228 649 2268 Artem
670 2227 837 2281 proprie
860 2227 1077 2268 Medicam
1108 2243 1197 2269 non
1219 2233 1436 2282 spectant:
1469 2232 1511 2268 et
1537 2227 1769 2268 certissime
1788 2230 1888 2267 voto

419 2295 696 2337 frustrabitur
715 2296 750 2336 is
767 2297 842 2350 qui
862 2296 908 2336 111
928 2296 1008 2338 hoc
1025 2297 1157 2337 aliove
1174 2296 1323 2337 morbo
1345 2296 1556 2337 Chronico
1577 2309 1744 2336 omnem
1767 2308 1887 2335 cura-

419 2363 583 2405 tionem
610 2364 934 2405 medicamentis
963 2365 1061 2405 solis
1091 2365 1251 2406 absolvi
1277 2379 1399 2418 posse
1424 2368 1633 2404 autumat.
1695 2363 1886 2403 Primum

420 2432 566 2487 itaque
602 2446 652 2473 ea
685 2433 732 2473 in
768 2432 862 2473 cibo
896 2437 1085 2486 potuque
1122 2433 1388 2473 mediocritas
1429 2438 1493 2473 est
1529 2431 1802 2481 observanda,
1838 2434 1889 2471 ut

421 2514 560 2554 neque
587 2501 682 2554 plus
713 2501 907 2541 alimenti
936 2501 1157 2554 ingeratur
1186 2515 1311 2554 quam
1333 2500 1594 2541 ventriculus
1625 2511 1889 2553 concoquere

421 2569 571 2619 valeat,
594 2583 641 2609 ac
662 2569 839 2622 proinde
860 2569 1008 2610 morbo
1029 2569 1162 2610 fomes
1184 2569 1550 2618 subministretur,
1580 2581 1722 2622 neque
1743 2581 1766 2607 e
1786 2580 1887 2608 con-

421 2643 501 2688 tra,
519 2637 652 2677 nimia
672 2636 933 2678 abstinentia
952 2643 1093 2691 partes
1115 2652 1164 2678 ea
1183 2637 1457 2691 proportione
1479 2636 1784 2677 defraudentur
1805 2649 1889 2688 qua

423 2705 654 2746 earundem
674 2705 804 2747 robur
820 2710 861 2746 et
877 2706 995 2759 vigor
1016 2706 1219 2747 debuerat
1236 2705 1448 2756 sustineri,
1465 2705 1580 2746 unde
1601 2704 1730 2745 etiam
1750 2703 1888 2756 magis

425 2773 729 2814 debilitentur:
763 2788 943 2828 quorum
973 2779 1204 2827 utrumque
1235 2788 1286 2814 ex
1316 2788 1451 2828 aequo
1481 2777 1619 2822 nocet,
1645 2776 1771 2825 prout
1798 2776 1889 2812 tam

424 2841 471 2881 in
491 2842 651 2895 meipso
673 2857 798 2895 quam
820 2843 867 2883 in
888 2843 980 2884 31115
1001 2843 1118 2883 haud
1139 2842 1270 2883 semel
1291 2847 1488 2895 expertus
1509 2854 1616 2880 sum.
1678 2839 1749 2879 Ad
1769 2839 1887 2890 haec,

427 2908 614 2949 ciborum
642 2911 890 2965 qualitatem
922 2911 1033 2964 quod
1061 2917 1236 2966 spectat,
1259 2911 1357 2952 licet
1383 2908 1571 2951 εὔπεπτα
1592 2923 1665 2963 per
1687 2922 1730 2965 se
1752 2908 1887 2949 consi-
