1985 3308
318 175 393 216 OB
400 175 739 217 SERVATION
746 175 841 217 UM
874 177 1248 219 MEDICARUM
1283 189 1311 222 Ι.
1330 193 1362 225 2.
1515 184 1568 223 35

113 279 216 320 dum
246 285 310 321 est
339 281 524 335 insuper,
557 281 709 335 quibus
740 283 863 323 annis
896 283 1034 324 variae
1064 284 1234 325 illarum
1265 286 1422 339 species
1454 301 1567 340 gras·
1594 295 1648 326 Da
1668 295 1769 326 Mon‘-

111 352 261 388 santiu·
280 362 367 388 uno
389 349 620 402 eodemque
641 354 844 403 tempore,
867 365 937 391 eas
959 365 1104 392 omnes
1130 353 1256 393 modo
1278 367 1360 406 quo
1382 354 1566 407 primum
1602 339 1757 411 gibid}

110 416 431 468 aggrediuntur,
454 421 581 470 atque
602 418 830 458 invasionis
853 420 1160 472 symptomatis,
1183 422 1437 463 consentire.

176 485 283 539 [19]
324 485 440 526 Hinc
461 487 604 539 itaque
633 501 804 528 cernere
835 492 898 528 est
929 489 1087 529 variam
1123 489 1352 530 admodum
1378 495 1421 531 et
1449 505 1570 532 accu-

109 556 247 592 ratam
268 553 462 594 Naturae
483 554 746 605 methodum,
766 569 891 608 quam
915 555 967 595 ad
989 556 1234 597 morborum
1250 558 1569 610 generationem

109 619 282 661 adhibet
298 637 309 670 3
342 635 470 674 quam
500 635 626 662 nemo
656 622 879 662 hominum
914 623 1138 677 (arbitror,)
1170 625 1377 665 hactenus
1401 640 1478 678 pro
1507 626 1569 666 rei

108 686 318 741 dignitate
340 689 441 729 satis
467 689 727 730 observando
756 694 819 730 est
848 695 1078 732 assecutus.
1139 692 1274 745 Atqui
1300 707 1350 733 ex
1377 694 1568 746 pauculis
1588 703 1739 734 Diversa-

107 754 222 795 hisce
262 756 436 797 omnino
477 757 700 797 conficitur
745 757 856 810 (cum
899 759 1115 811 specificae
1146 759 1421 813 Popularium
1457 775 1568 801 mor·
1586 756 1657 776 ”¹¹¹¹
1675 748 1769 777 ¹¹⁰¹'ri'

1587 798 1642 817 um
1658 795 1705 818 rat
1741 808 1753 813 -

107 822 259 864 borum
291 824 566 875 differentiae,
598 826 853 867 nominatim
893 827 1090 878 febrium,
1134 842 1311 869 arcanae
1353 843 1565 870 annorum
1586 800 1771 881 nesangii’sa

107 893 404 934 constitutioni
434 893 704 946 innitantur,)
740 894 954 936 incassum
985 896 1190 938 desudare
1221 897 1327 947 illos,
1360 902 1567 951 quotquot
1585 874 1773 947 ffi‘iffflsssslsso

108 959 367 1000 diversarum
399 960 581 1001 febrium
616 962 800 1003 rationes
837 977 862 1002 a
896 977 1023 1004 causa
1056 964 1275 1004 morbifica
1304 965 1350 1004 in
1374 965 1566 1005 humano
1584 968 1771 1030 ὒέξξζΐξέξ

107 1040 279 1080 corpore
320 1032 494 1081 aggesta
535 1028 752 1069 deducunt
769 1047 780 1079 ;
824 1044 924 1070 nam
956 1031 1117 1084 liquido
1157 1036 1277 1085 patet
1319 1032 1564 1085 quemlibet,
1583 1011 1759 1082 &mauide-

105 1095 347 1147 pancratice
379 1096 477 1136 licet
512 1096 737 1147 valentem,
772 1098 807 1137 si
839 1103 955 1138 certa
988 1099 1196 1151 quaedam
1230 1100 1359 1153 hujus
1394 1105 1565 1140 nostrae
1584 1085 1755 1116 ducuntur.

105 1161 290 1214 regionis
311 1163 402 1203 loca
427 1163 562 1213 adeat,
585 1163 702 1204 febre
729 1164 888 1205 ibidem
911 1171 1128 1218 grassante
1148 1167 1262 1208 intra
1292 1166 1382 1208 dies
1404 1168 1565 1222 aliquot

104 1228 422 1270 laboraturum:
468 1230 537 1270 vix
577 1235 721 1271 autem
756 1232 956 1272 credibile
988 1233 1042 1273 sit
1072 1233 1343 1274 manifestam
1379 1234 1565 1287 aliquam

103 1297 387 1337 mutationem
409 1297 461 1338 ab
491 1302 588 1339 aere
618 1298 796 1351 praefati
822 1299 900 1339 viri
927 1300 1178 1341 humoribus
1213 1306 1303 1341 tam
1336 1302 1453 1342 brevi
1485 1303 1563 1343 im-

103 1378 295 1418 pressum
330 1365 394 1405 iri.
507 1366 595 1419 20]
645 1367 799 1419 Neque
846 1367 988 1408 minus
1030 1368 1198 1409 difficile
1239 1374 1303 1409 est
1345 1371 1562 1423 generales

101 1432 269 1485 regulas
284 1432 472 1473 febribus
488 1433 553 1473 his
568 1433 828 1474 debellandis
846 1435 1175 1486 accommodare,
1191 1440 1233 1476 et
1251 1440 1386 1476 certos
1401 1436 1564 1490 aliquos

101 1499 258 1540 limites
290 1501 432 1553 figere,
467 1515 570 1554 quos
605 1502 720 1542 ultra
753 1502 942 1556 citraque
976 1503 1187 1556 progredi,
1225 1508 1299 1544 aut
1331 1504 1377 1544 in
1411 1505 1562 1545 iisdem

103 1567 343 1618 consistere,
386 1582 473 1608 non
514 1569 651 1609 liceat.
720 1570 775 1609 In
814 1570 894 1610 hae
934 1570 1077 1623 itaque
1117 1577 1207 1610 tam
1248 1571 1380 1624 spissa
1418 1585 1561 1612 rerum
1582 1583 1619 1613 In
1638 1585 1726 1614 novis

103 1634 295 1687 caligine,
330 1635 438 1676 nihil
473 1636 578 1676 mihi
617 1637 734 1689 prius
773 1642 838 1677 est
874 1652 1014 1690 quam,
1053 1638 1222 1691 quando
1257 1653 1390 1679 novae
1423 1639 1561 1681 febres
1578 1626 1764 1657 febribnsad

1579 1679 1695 1699 Inaffna
1706 1681 1755 1699 ΤΕ-

102 1703 282 1755 grassari
301 1704 520 1757 incipiant,
543 1705 734 1745 cunctari
750 1706 974 1758 paulisper,
994 1711 1037 1746 et
1059 1706 1112 1746 ad
1132 1720 1291 1760 magna
1310 1707 1560 1760 praesertim
1578 1694 1684 1741 media
1701 1717 1765 1742 tar-

100 1770 287 1811 remedia
316 1785 404 1811 non
431 1771 514 1811 nisi
541 1786 743 1825 suspenso
774 1772 880 1825 pede
912 1786 960 1813 ac
991 1773 1154 1813 tardius
1185 1773 1433 1826 procedere,
1466 1774 1558 1814 dili·
1578 1753 1765 1831 ἓὲῗιῇζῖῗζῗ“

101 1843 251 1891 genter
280 1838 454 1879 interim
486 1839 655 1879 illarum
695 1839 918 1893 ingenium
953 1844 1081 1893 atque
1121 1855 1283 1881 morem
1324 1841 1557 1892 observare,
1577 1838 1762 1911 {nglliffitligg-

101 1904 254 1957 quibus
293 1905 443 1946 itidem
482 1907 787 1960 praesidiorum
829 1908 1056 1960 generibus
1097 1908 1214 1961 aegri
1249 1909 1455 1963 juventur
1493 1910 1559 1949 vel
1578 1923 1764 1954 dentibuset

99 1972 336 2023 laedantur,
358 1978 407 2014 ut
430 1975 744 2027 quamprimum
765 1975 831 2015 his
852 1976 1099 2029 repudiatis,
1121 1976 1204 2016 illis
1225 1981 1413 2017 utamur.
1573 1965 1764 2046 ξζξὲζᾞξίᾏζ

166 2040 273 2093 [21.]
312 2041 454 2082 Verbo
490 2042 640 2092 dicam,
675 2042 1021 2095 Epidemicorum
1062 2044 1220 2096 species
1256 2058 1403 2084 omnes
1434 2045 1559 2098 juxta
1576 2060 1710 2079 essesu-

100 2107 433 2160 phaenomencon
477 2123 649 2149 suorum
695 2110 944 2149 varietatem
984 2111 1030 2149 in
1071 2110 1223 2150 classes
1263 2111 1468 2163 redigere,
1509 2125 1557 2151 ac
1576 2093 1736 2122 mendam.

99 2174 362 2216 characteres
378 2177 582 2230 cujusque
604 2176 880 2229 idiopathieos
902 2177 1137 2226 enucleare,
1155 2191 1322 2218 necnon
1344 2177 1557 2230 propriam

99 2242 297 2283 medendi
322 2244 532 2284 rationem
558 2244 787 2297 unicuique
813 2244 1030 2296 sigillatim
1061 2244 1391 2294 accommodare,
1414 2249 1464 2285 ut
1490 2259 1557 2285 res

99 2315 163 2350 est
184 2311 310 2351 multi
331 2311 406 2351 otii
424 2325 470 2351 ac
488 2325 651 2352 summe
673 2312 816 2361 ardua,
832 2312 892 2351 ita
913 2312 1055 2362 etiam,
1073 2325 1170 2352 cum
1191 2312 1310 2352 nullo
1332 2316 1447 2353 certo
1467 2313 1557 2365 (aut

99 2378 249 2418 saltem
284 2378 478 2418 nondum
514 2379 758 2432 explorato)
800 2393 1010 2419 annorum
1051 2379 1198 2419 ordine
1231 2384 1466 2432 emergant,
1503 2380 1556 2420 ad

94 2445 261 2498 justum
296 2445 348 2485 de
383 2445 533 2485 iisdem
569 2445 912 2487 observationum
946 2450 1196 2499 apparatum
1238 2446 1557 2499 congerendum

98 2512 274 2553 fortasse
294 2513 421 2553 unius
439 2513 599 2554 Medici
620 2519 734 2554 actas
756 2528 843 2554 non
865 2514 1090 2554 suffecerit.
1136 2515 1195 2554 At
1217 2528 1314 2554 vero
1334 2514 1403 2554 hic
1424 2514 1554 2564 labor,

98 2584 146 2621 ut
171 2584 220 2620 ut
247 2581 302 2620 sit
334 2581 565 2633 improbus,
588 2582 704 2634 prius
733 2586 796 2622 est
825 2581 1107 2621 exantlandus
1139 2595 1267 2634 quam
1294 2595 1370 2621 uos
1396 2581 1556 2634 aliquid

97 2652 335 2688 memoratu
366 2648 545 2701 dignum
574 2649 619 2688 in
641 2649 887 2689 extricanda
907 2653 998 2689 tam
1019 2649 1251 2688 multifaria
1271 2648 1425 2689 horum
1444 2662 1555 2689 mor-

97 2713 247 2755 borum
269 2716 374 2756 serie
395 2716 655 2769 praestitisse
666 2717 763 2770 jure
784 2717 992 2769 possimus
1015 2716 1198 2769 gloriari.

161 2782 268 2836 [22]
296 2784 356 2823 At
369 2796 465 2823 vero
487 2783 639 2836 quibus
661 2783 835 2823 demum
851 2783 986 2824 modis
1003 2783 1213 2824 rationem
1229 2783 1453 2824 reddemus
1471 2783 1552 2824 dis-

96 2849 328 2890 tinctarum
342 2850 574 2904 specierum
592 2850 948 2904 Epidcmicorum,
958 2851 1029 2904 qui
1044 2865 1130 2891 non
1144 2855 1315 2892 tantum
1329 2852 1554 2904 (quatenus

98 2917 247 2958 saltem
278 2919 399 2959 nobis
428 2919 590 2972 liquet,)
626 2919 802 2959 fortuito
831 2919 1064 2969 incursant,
1098 2919 1170 2959 sed
1203 2919 1332 2960 etiam
1364 2919 1438 2973 qui
1467 2933 1555 2960 uno
