1985 3308
444 154 735 195 EPISTOLA
768 154 828 194 II.
864 153 1297 194 RESPONSORIA.
1515 155 1598 195 307

145 262 253 302 sedit
274 262 364 315 ejus
385 261 443 301 rei
467 260 669 310 studium,
692 264 741 301 ut
762 274 849 300 non
877 264 967 300 tam
995 259 1076 299 alia
1097 259 1149 299 de
1177 272 1305 299 causa
1328 258 1379 311 (si
1400 258 1509 299 bene
1531 273 1599 300 me
1641 271 1696 301 Dr:
1714 271 1790 302 Lon

144 330 269 382 novi‚)
314 329 444 370 vitam
474 328 578 369 mihi
607 327 825 382 prorogari
859 331 1068 381 exoptem,
1103 340 1230 380 quam
1269 330 1318 366 ut
1359 325 1599 367 istiusmodi
1619 314 1803 344 Varenum.

143 397 284 450 aliquo
304 396 526 437 conamine
553 396 769 438 communi
789 395 1014 436 hominum
1038 394 1217 435 utilitati
1236 393 1476 434 inserviam.
1539 393 1600 434 At

143 480 241 507 vero
262 467 418 520 singuli
438 481 507 507 me
532 467 620 508 dies
642 466 795 507 docent
817 479 944 519 quam
970 465 1024 506 sit
1045 465 1226 506 arduum
1254 468 1452 517 coeptum
1478 462 1536 513 id,
1558 467 1601 504 et

144 548 272 588 quam
298 534 595 588 “periculosae
625 535 799 588 plenum
831 533 1012 586 aleaessj'
1040 532 1161 587 (mihi
1184 545 1284 586 prae
1313 530 1502 581 caeteris,
1529 530 1602 584 qui

143 603 225 643 isto
249 603 411 656 ingenii
437 603 630 644 acumine
658 607 784 656 atque
805 600 987 651 solertia,
1011 600 1164 654 quibus
1191 599 1261 640 hic
1285 602 1349 640 est
1374 612 1492 652 opus,
1514 611 1602 638 non

145 671 246 711 satis
261 671 408 724 valeo,)
426 685 523 712 cum
541 671 652 725 apud
669 670 890 724 scriptores
906 669 986 711 Rei
1000 668 1197 710 Medicae
1215 667 1420 721 (divinum
1438 666 1602 719 Hippo-

144 745 304 781 cratem
335 739 370 780 si
401 740 559 791 demas,
583 744 708 794 atque
739 739 841 780 alios
871 737 1145 793 paucissimos
1174 735 1384 789 numero,)
1417 733 1486 775 vix
1515 733 1605 775 ulla

145 807 404 861 deprehendi
435 812 593 861 queant
624 807 812 860 vestigia,
836 805 989 860 quibus
1018 805 1190 860 adjutus
1219 817 1295 858 per
1324 817 1468 845 rerum
1498 802 1602 853 avia,

145 875 276 929 spinis
297 880 340 915 et
362 876 553 916 sentibus
574 875 791 929 impedita,
812 875 892 916 iter
912 874 1062 916 faciam
1070 891 1081 924 3
1105 887 1203 915 eum
1225 887 1332 927 quae
1344 871 1604 926 promittunt

145 943 333 984 subsidia
352 944 550 985 authores
572 949 613 984 et
635 944 798 984 lumina
819 948 1050 993 ostentant,
1072 943 1208 996 magis
1233 942 1355 995 ignes
1376 941 1482 982 fatui
1504 941 1602 992 sint,

145 1027 272 1066 quam
292 1026 414 1054 verae
434 1013 558 1063 faces,
582 1017 624 1053 et
645 1012 691 1052 in
713 1011 897 1052 salebras
918 1011 1060 1065 potius
1081 1024 1128 1051 ac
1149 1009 1396 1064 praecipitia
1424 1022 1602 1064 sequen-

145 1088 233 1122 tem
256 1086 398 1134 agant,
422 1096 549 1135 quam
574 1085 764 1122 mentem
785 1080 966 1121 fideliter
987 1084 1028 1120 et
1050 1083 1165 1120 reeta
1195 1078 1382 1132 dirigant
1403 1078 1449 1118 in
1471 1091 1604 1131 genu-

145 1149 217 1189 ina
246 1149 440 1191 Naturae
473 1149 674 1190 methodo
709 1147 953 1201 indaganda
984 1151 1111 1200 atque
1142 1144 1423 1186 invenienda:
1454 1149 1604 1198 utpote

147 1232 328 1271 quorum
349 1218 505 1271 scripta
525 1217 611 1257 fere
634 1216 777 1257 omnia
797 1214 1103 1270 hypothesibus
1124 1213 1387 1263 innituntur,
1410 1226 1513 1266 quas
1534 1225 1604 1266 pe-

146 1287 255 1340 perit
277 1286 530 1327 laseixientis
558 1285 722 1339 ingenii
743 1290 785 1325 et
806 1283 1055 1338 phantasiae
1076 1281 1243 1322 luxuria
1256 1297 1268 1331 ;
1298 1280 1473 1334 ipsaque
1502 1279 1607 1320 adeo

146 1354 392 1395 morborum
413 1354 720 1407 phaenomena,
747 1352 808 1405 (in
840 1351 993 1405 quibus
1021 1349 1253 1391 eorundem
1280 1348 1458 1389 historia
1481 1348 1606 1388 verti-

146 1422 245 1474 tur‚)
264 1426 391 1474 prout
412 1421 464 1462 ab
487 1421 538 1461 iis
561 1420 872 1471 deseribuntur,
895 1434 945 1460 ex
967 1418 1114 1460 eadem
1136 1417 1426 1470 hypothesewv
1441 1416 1609 1456 officina

145 1488 357 1542 prodeunt
372 1505 385 1538 3
423 1488 527 1542 quin
567 1492 609 1528 et
649 1488 740 1541 ipsa
778 1487 919 1541 praxis
956 1501 1040 1540 qua
1078 1485 1248 1527 morbos
1284 1484 1607 1539 aggrediuntur,

149 1556 281 1610 (quod
309 1557 488 1597 humani
516 1556 682 1610 generis
710 1556 840 1610 pestis
869 1559 933 1596 est
955 1554 1189 1596 certissima
1219 1557 1261 1594 et
1291 1552 1526 1607 pernicies,)
1553 1553 1607 1594 ad

145 1625 389 1679 hujusmodi
410 1625 624 1679 postulata
645 1625 928 1679 componitur,
950 1637 1039 1664 non
1060 1622 1114 1664 ad
1134 1621 1196 1663 rei
1215 1622 1452 1662 veritatem.
1525 1622 1608 1662 Us-

148 1707 230 1748 que
252 1694 357 1735 adeo
380 1698 640 1748 grassantur,
663 1699 706 1734 et
728 1697 912 1746 regnant
932 1692 1019 1733 fere
1040 1691 1087 1732 in
1108 1690 1287 1744 singulis
1307 1689 1475 1744 paginis
1497 1703 1610 1731 cere-

148 1762 370 1804 brosorum
390 1763 615 1804 hominum
637 1767 880 1804 commenta
890 1778 902 1812 ;
931 1762 1077 1816 jacent
1097 1760 1270 1801 interim
1285 1759 1481 1800 Naturae
1497 1758 1611 1813 judi-

149 1831 226 1872 cia.
289 1831 458 1873 Quibus
479 1845 567 1872 non
589 1830 872 1881 obstantibus,
900 1830 950 1883 (si
980 1829 1112 1870 xdtam
1133 1828 1291 1870 DEUS
1316 1832 1444 1881 atque
1475 1827 1612 1868 otium

150 1899 432 1951 coneesserit,)
454 1899 643 1953 experiar
663 1898 853 1939 fortassis
876 1897 1103 1951 aliquando
1122 1896 1224 1950 quid
1239 1897 1407 1937 valeant
1428 1896 1610 1936 humeri.

149 1967 568 2020 Impraesentiarum,
585 1971 634 2006 ut
657 1967 849 2007 animum
871 1979 1076 2019 agnoscas
1096 1964 1143 2004 in
1163 1964 1245 2004 Tui
1266 1964 1470 2017 obsequia
1489 1978 1610 2017 para-

149 2034 375 2084 tissimum,
398 2048 451 2074 on
482 2034 577 2074 Tibi
609 2034 751 2084 offero,
774 2048 850 2074 eeu
879 2034 968 2087 ejus
1003 2032 1116 2086 quod
1136 2032 1286 2072 molior
1314 2031 1451 2085 operis
1480 2031 1610 2084 speei-

149 2116 262 2152 men,
299 2102 639 2143 dissertationem
680 2102 804 2152 hanc,
843 2102 1013 2142 brevem
1053 2100 1171 2140 illam
1213 2099 1397 2153 quidem,
1437 2100 1486 2139 de
1525 2099 1612 2139 Lue

158 2171 345 2220 Venerea,
369 2176 411 2211 et
434 2184 561 2224 quam
583 2170 715 2210 solam
738 2170 876 2210 adhue
897 2169 1040 2223 praelo
1062 2167 1275 2209 adornavi.

216 2306 295 2360 [4]
334 2306 528 2347 Primum
566 2311 710 2347 autem
744 2305 788 2346 id
825 2305 1035 2358 attingere
1067 2303 1174 2353 volo,
1204 2317 1273 2343 me
1308 2302 1424 2343 haud
1454 2315 1609 2356 paucos

152 2375 408 2425 convenisse,
433 2375 517 2428 qui,
540 2374 625 2416 sive
646 2388 745 2429 prae
775 2374 915 2415 studio
941 2373 1135 2426 (honesto
1161 2371 1332 2425 quidem
1361 2371 1439 2424 eo,)
1465 2370 1611 2411 incon-

153 2442 402 2483 tinentiores
425 2457 449 2483 a
469 2448 640 2496 peccato
662 2442 885 2484 coercendi
906 2446 1024 2482 metu
1043 2441 1314 2481 insecuturae
1335 2452 1508 2493 poenae,
1527 2438 1612 2478 sive

153 2515 201 2551 ut
223 2510 496 2552 castimoniae
526 2511 695 2552 laudem
718 2510 798 2551 sibi
819 2514 1078 2564 arrogarent,
1100 2522 1189 2549 non
1215 2506 1470 2548 dubitabant
1502 2519 1611 2546 asse·
1632 2532 1689 2562 Nil
1699 2537 1785 2563 vetat
1794 2532 1817 2570 ὴ,

152 2592 256 2629 rere,
280 2578 383 2619 Luis
405 2579 624 2620 Venereae
645 2579 909 2620 curationem
927 2577 1162 2619 docendam
1182 2590 1270 2616 non
1292 2589 1395 2616 esse.
1431 2574 1511 2615 His
1533 2588 1611 2628 ego
1630 2576 1766 2624 atjubet

152 2661 240 2687 non
265 2647 483 2698 assentior,
506 2653 654 2702 utpote
677 2648 750 2701 qui
779 2647 1019 2688 existimem
1039 2645 1206 2686 nullum
1235 2644 1322 2685 fere
1342 2644 1484 2684 locum
1512 2642 1608 2684 cha·
1629 2618 1786 2691 {151¹th—

152 2715 269 2756 ritati
290 2720 417 2770 atque
438 2731 588 2771 operae
609 2722 785 2757 mutuae
816 2716 1012 2756 relictum
1033 2714 1098 2764 iri,
1120 2713 1202 2754 nisi
1234 2726 1282 2753 ea
1305 2726 1411 2766 quae
1433 2712 1513 2753 sibi
1534 2726 1611 2753 sua
1628 2714 1740 2734 nereae
1756 2714 1813 2734 ‘'¹¹''

152 2783 341 2837 ipsorum
362 2785 486 2839 culpa
507 2784 729 2838 improvidi
751 2789 971 2825 accersunt
996 2782 1119 2832 mala,
1142 2781 1444 2822 humaniorum
1466 2780 1610 2822 officiis
1629 2752 1783 2820 ἷῖὶιξοιὲῗὲῃ

325 2910 337 2922 '²
361 2908 379 2920 “
397 2905 597 2935 Periculosae
615 2905 745 2944 plenum
765 2914 844 2944 opus
862 2903 979 2933 alcac.‘'
1012 2901 1141 2940 (Horat.
1163 2903 1221 2931 Od-
1235 2901 1265 2932 ii.
1287 2902 1312 2931 l.
1330 2901 1376 2939 6.)

326 2952 338 2965 ⁰
366 2948 462 2978 Deest
482 2950 601 2979 Elcucla.
623 2950 691 2977 ΚΝ.
712 2948 742 2977 in
760 2948 808 2977 ed.
827 2948 889 2977 150.
