1985 3308
215 134 292 169 624

213 232 351 265 anni'78
373 233 585 264 certissimam
597 242 688 273 spem
700 232 786 268 fecit,
803 233 861 264 281
876 245 883 268 ;
909 232 983 272 dys-

213 276 343 311 crasiae,
360 285 458 316 quam
481 276 667 317 paroxysmi
690 275 898 310 induxerunt,
915 275 984 305 sine

213 328 272 358 ope
296 319 544 349 catharticorum
567 318 726 353 subvenit,
750 319 831 353 288;
856 318 911 348 ubi
936 318 983 347 fe-

212 361 285 391 bres
317 361 485 392 intermitt.
519 361 553 391 in
587 361 812 391 continuarum
843 360 985 399 speciem

212 409 360 444 vergunt,
375 404 587 434 nihilominus
608 408 656 433 est
678 402 888 438 exhibendus,
909 404 983 437 285,

213 448 294 482 2863
332 447 366 476 in
381 447 522 477 febribus
545 446 712 476 intermitt.
733 450 880 474 autumn.
905 454 986 484 quo·

212 489 308 519 modo
331 489 541 524 exhibendus,
559 490 600 519 82
625 498 692 527 sq.;
730 488 764 517 in
787 487 874 517 febre
901 497 985 517 nova

212 531 349 572 epidem.
364 532 492 571 quando
507 531 717 565 adhibendus,
734 530 816 565 506;
841 530 875 559 in
888 529 984 560 febri-

212 574 273 604 bus
289 575 432 604 tertianis
448 584 534 604 vern.
552 584 588 603 ac
611 578 758 602 autumn.
775 582 875 611 aeque
897 582 934 602 ac
951 573 984 602 in

213 617 388 656 quartanis,
405 616 546 646 exhiberi
562 621 676 655 potest,
691 616 751 650 833
776 624 839 644 non
855 619 983 645 tantum

211 660 245 689 in
262 660 402 690 febribus
418 659 583 689 intermitt.
599 657 654 687 sed
669 663 740 687 tum
756 657 790 686 in
805 657 898 693 uteri,
912 662 984 687 tum

211 702 393 737 ventriculi,
409 701 575 731 affectibus
591 710 719 730 summa
733 705 882 739 praestat,
900 701 958 730 281
976 713 983 736 ς

212 745 267 774 sed
282 755 346 774 non
362 750 428 774 tam
445 748 530 774 certo
552 743 711 773 succurrit
728 753 764 772 ac
787 742 820 772 in
840 743 984 773 febribus

210 787 389 822 intermitt.‚
404 788 485 821 3883
514 786 691 816 infantibus
715 785 875 825 quomodo
891 785 983 815 exhi-

211 830 343 865 bendus,
361 831 433 865 287,
451 830 524 864 503,
542 830 615 859 553.

256 872 411 902 Cranium
435 871 590 911 grandius
613 870 668 911 qui
693 870 799 907 habet,
823 870 986 910 podagrae

212 915 379 950 obnoxius,
397 916 471 945 409.

257 957 399 997 Crapula
413 957 517 987 febres
531 955 690 996 producit,
708 956 783 986 240.

256 1000 378 1030 Crocus
414 999 620 1029 metallorum
656 998 691 1028 in
728 997 884 1038 hydrope,
923 1008 988 1037 quo

210 1043 306 1073 modo
336 1042 558 1077 assumendus,
575 1046 607 1071 et
633 1041 758 1080 quoties
778 1041 986 1080 repetendus,

211 1086 284 1121 461,
301 1086 375 1122 462,
391 1085 476 1120 467;
514 1085 593 1114 item
618 1084 652 1114 in
678 1083 808 1113 variolis
837 1084 986 1123 regular„

256 1170 434 1200 Cruditatis
457 1180 497 1200 ex
526 1169 630 1206 urina,
661 1168 689 1198 si
718 1167 769 1198 vel
798 1178 907 1198 crassa
931 1174 988 1198 aut

211 1214 327 1249 tenuis,
345 1213 485 1253 signum,
504 1213 556 1242 39.

256 1256 397 1286 Crurum
413 1261 521 1285 tumor
534 1255 568 1285 in
584 1253 727 1285 febribus
741 1253 912 1284 intermitt.
927 1264 984 1284 au-

212 1303 325 1333 tumn.,
344 1300 402 1333 90;
428 1299 461 1328 in
478 1297 618 1334 variolis,
638 1298 709 1332 148,
729 1296 800 1327 149.

257 1341 428 1371 Crustulae
443 1341 477 1370 in
492 1340 546 1370 lue
561 1349 706 1375 venerea,
724 1339 798 1369 311.

257 1383 367 1414 Cubiti
381 1385 415 1414 in
430 1383 572 1424 podagra
587 1382 718 1423 irregul.
737 1380 899 1421 quomodo
916 1382 985 1412 affi-

212 1426 347 1463 ciantur,
364 1428 438 1457 413.

257 1469 389 1499 Curatio
404 1469 578 1499 affectuum
594 1466 811 1507 plurimorum
827 1476 891 1496 non
909 1477 984 1497 cau-

213 1522 333 1548 sarum,
349 1512 405 1542 sed
427 1521 521 1541 verae
547 1515 644 1549 atque
666 1514 816 1548 expertae
833 1509 987 1544 methodi,

212 1555 394 1594 cognitione
419 1553 606 1588 absolvitur,
637 1554 716 1585 100;
756 1552 931 1581 curationis
955 1552 988 1582 in

212 1598 332 1627 morbis
367 1597 471 1627 acutis
500 1601 585 1626 recte
614 1595 780 1625 institutae
810 1595 987 1631 character,

257 1683 382 1713 Currus
391 1682 428 1717 in
442 1681 612 1712 calculosis
622 1680 758 1710 mictum
772 1679 988 1719 sanguineum

212 1735 276 1755 non
293 1725 421 1760 excitat,
439 1725 465 1754 si
480 1734 537 1764 per
552 1724 620 1754 vias
634 1722 797 1762 lapidibus
820 1732 884 1751 non
909 1728 987 1752 stra-

213 1773 261 1798 tas
290 1768 463 1803 vehuntur,
494 1768 556 1797 525
571 1779 577 1800 ;
616 1766 649 1795 in
686 1774 783 1795 curru
818 1765 923 1794 vectio
954 1765 987 1795 in

213 1811 344 1850 phthisi,
363 1811 443 1845 392;
468 1810 500 1839 in
517 1809 668 1849 podagra,
687 1809 759 1841 441,
776 1808 852 1836 444.

259 1854 443 1883 Curvatura
465 1852 557 1892 penis
580 1851 612 1881 in
636 1849 834 1891 gonorrhoea
857 1850 952 1881 virul.
970 1862 987 1881 a

214 1896 326 1926 fraeno
342 1896 524 1930 constricto,
542 1895 613 1924 310.

257 1938 409 1968 Cuticula
427 1938 638 1968 humerorum
655 1939 686 1964 et
709 1934 792 1964 dorsi
810 1934 844 1964 in
859 1936 991 1966 variolis

213 1981 304 2011 confl.
322 1990 556 2020 nonnunquam
574 1977 768 2018 deperditur,
789 1978 861 2007 124.

257 2024 352 2054 Cutis
375 2023 589 2063 inaequalitas
612 2022 646 2051 in
669 2020 761 2055 facie,
779 2020 909 2050 variolis
925 2021 988 2051 dis-

212 2067 307 2097 cretis
323 2067 475 2102 deciduis,
493 2071 522 2096 et
542 2066 662 2099 foveae,
682 2064 760 2098 122;
787 2063 872 2093 cutis
894 2064 988 2094 affec-

211 2115 305 2140 tuum
322 2109 452 2145 curatio,
470 2109 542 2145 264,
561 2108 634 2143 265,
650 2106 722 2138 557-

257 2152 400 2182 Decocta
433 2151 597 2192 lignorum
631 2150 666 2180 in
706 2148 906 2188 gonorrhoea
940 2149 988 2179 vi-

213 2195 284 2231 rul.,
313 2195 385 2231 317,
411 2196 494 2230 32l;
526 2195 694 2224 decoctum
718 2190 829 2220 album
855 2192 887 2221 in
914 2192 988 2232 dys-

213 2238 344 2273 enteria,
375 2238 456 2273 172;
485 2237 518 2267 in
545 2235 675 2266 variolis
699 2243 816 2269 anom.,
847 2235 903 2264 191
918 2247 925 2269 ;
956 2235 989 2265 in

211 2290 294 2310 nova
317 2280 414 2316 febre,
438 2281 511 2315 493,
538 2280 609 2314 501,
635 2279 697 2308 552
717 2288 723 2311 ;
749 2276 789 2306 ad
812 2277 989 2316 hydropem

213 2333 252 2353 ex
278 2323 422 2353 sambuci
445 2323 571 2358 cortice,
594 2321 675 2355 469;
710 2319 877 2349 decoctum
900 2330 988 2350 ama-

213 2376 283 2395 rum
306 2366 435 2406 quando
454 2364 692 2406 usurpandum,
709 2363 790 2396 288;
820 2363 989 2393 decoctum

212 2408 245 2438 in
270 2408 412 2439 febribus
434 2408 580 2439 tertianis
597 2412 745 2437 autumn.
763 2405 907 2443 vulgare,
926 2407 964 2436 81
981 2418 988 2441 ;

213 2451 382 2481 decoctum
398 2451 616 2481 vulnerarium
634 2457 708 2479 cum
727 2447 801 2487 spir.
818 2447 939 2478 viti-ioli
955 2448 989 2479 in

213 2494 315 2524 mictu
331 2498 463 2524 cruento
479 2504 518 2524 ex
534 2493 620 2523 febre
637 2496 741 2526 acuta,
760 2491 834 2520 360.

256 2536 438 2567 Decubitus
467 2537 502 2566 in
528 2535 659 2566 variolis
688 2533 812 2563 nimius
840 2533 988 2573 pustulas

212 2580 335 2618 pejores
346 2579 459 2615 reddit,
479 2581 548 2609 138.

257 2622 379 2652 Dentes
394 2622 555 2662 hysterica
570 2620 670 2651 effect.
689 2618 871 2654 discruciat,
888 2618 960 2650 367.

258 2664 499 2701 Dssxririoxn‚
518 2664 589 2704 (Dr.
613 2663 796 2693 Fenmnus
813 2670 917 2691 onrls
936 2661 985 2700 A‚)

214 2707 295 2740 597;
321 2707 359 2736 cs.
377 2709 450 2737 504.

259 2749 437 2779 Dentitioni
461 2749 624 2779 infantum
650 2745 880 2787 superveniens
908 2756 984 2777 con-

213 2791 318 2821 vulsio
335 2792 399 2822 sola
415 2791 674 2822 venae-sectione
690 2795 830 2825 curatur,
849 2789 919 2821 187.

259 2833 520 2864 Depo-nimam
545 2834 632 2873 (Dr.)
659 2833 779 2863 Fenus
809 2840 985 2862 ANNORUM

213 2876 375 2910 ’61—’64,
392 2877 583 2910 545—5472
601 2877 640 2907 cf.
659 2876 795 2906 39-65,

258 2919 470 2959 Depuratoria
507 2919 602 2949 febris
639 2927 797 2958 quaenam
838 2921 982 2953 vocetur,

810 125 982 167 INDEX
1011 123 1217 167 RERUM.

1051 233 1132 267 234;
1157 241 1254 272 quare
1271 230 1416 262 Naturae
1431 230 1582 272 primaria
1601 230 1707 266 febris,
1724 231 1796 260 ibid.
1807 235 1821 263 “’,·

1050 274 1141 314 quasi
1165 275 1269 304 faeces
1290 273 1426 304 febrium
1450 273 1619 304 intermitt.
1643 273 1713 308 fuit,
1739 272 1821 307 29&

1048 327 1112 346 non
1133 317 1231 353 illico,
1244 321 1280 346 ut
1302 316 1482 352 intermitt.,
1498 316 1553 346 sed
1574 320 1647 356 post
1669 315 1737 345 dies
1760 314 1819 344 ali-

1048 363 1128 399 quot
1148 359 1299 389 materiae
1316 363 1486 389 concoctae
1503 359 1594 398 signa
1611 357 1750 393 exhibet,
1765 367 1823 397 per

1048 402 1253 442 diaphoresin
1283 401 1507 437 eliminandae,
1536 402 1598 432 298
1613 412 1620 436 ;
1660 399 1822 440 quomodo

1047 444 1201 479 curanda,
1217 445 1356 480 41—56,
1374 445 1446 479 545,
1463 444 1535 474 546.

1092 487 1271 527 Depuratio
1297 486 1464 526 sanguinis
1490 485 1632 526 genuina
1658 485 1694 516 fit
1716 495 1819 515 secre-

1046 529 1133 559 tione
1150 535 1181 559 et
1197 539 1253 569 per
1267 529 1371 559 faeces
1387 533 1418 559 et
1432 539 1489 568 per
1503 528 1605 564 flores,
1621 528 1672 558 62.

1092 571 1282 612 Desperatio
1312 572 1350 602 de
1380 571 1597 611 recuperanda
1623 570 1758 601 sanitate
1787 570 1820 600 in

1044 614 1207 654 hysterica
1222 614 1322 644 afl’ect.
1335 614 1527 654 plerumque
1543 614 1641 649 adest,
1655 614 1728 649 366,
1747 613 1820 643 369.

1092 653 1306 697 Despumatio
1329 657 1452 687 febrilis
1472 656 1551 696 quid
1571 656 1622 691 sit,
1639 656 1698 691 69;
1723 655 1822 686 febris

1045 700 1162 730 contin.
1183 700 1344 739 quomodo
1359 699 1564 739 impediatur,
1580 699 1632 734 49,
1649 700 1699 729 55.

1088 743 1326 781 Desquamatio
1342 743 1375 772 in
1390 742 1549 772 morbillis
1565 741 1640 771 anni
1656 741 1719 777 ’70,
1739 741 1816 775 184ς

1045 785 1120 814 anni
1135 785 1199 821 ²74,
1219 786 1280 817 217
1294 798 1300 819 ;
1326 785 1358 815 in
1375 785 1462 815 febre
1477 784 1657 820 scarlatina,
1675 785 1747 814 243.

1089 827 1373 866 D1.si3r:‘rr;,(DE)
1401 828 1482 861 5943
1508 827 1550 857 cf.
1566 827 1649 861 289;
1679 826 1822 856 curativa

1043 870 1207 906 indicatio,
1224 872 1296 906 289,
1315 871 1378 901 594
1393 882 1399 905 ;
1425 869 1566 900 remedia
1580 869 1715 905 medica,
1735 870 1804 900 290.

1090 913 1287 943 Diacodium
1310 913 1343 942 in
1367 913 1568 952 haemoptoe',
1584 912 1665 948 269,
1693 912 1822 952 quando

1044 955 1184 986 laudano
1200 955 1457 996 praeferendum,
1474 956 1545 985 500.

1089 998 1208 1028 Diaeta
1235 1008 1299 1038 qua
1322 998 1447 1028 Auctor
1473 998 1576 1028 mictu
1603 997 1780 1037 sanguineo
1802 1007 1822 1027 a

1045 1040 1171 1071 calculo
1193 1046 1224 1070 et
1248 1041 1389 1081 podagra
1412 1040 1560 1070 laborans
1582 1050 1662 1070 usus
1684 1045 1740 1075 est,
1757 1041 1824 1070 524

1044 1084 1170 1118 —5263
1190 1084 1293 1114 diaeta
1315 1084 1347 1113 in
1364 1083 1492 1121 angina,
1510 1083 1592 1118 267;
1615 1083 1649 1112 in
1665 1082 1819 1122 apoplex-

1045 1126 1085 1162 ia,
1113 1136 1307 1166 paroxysmo
1336 1126 1472 1162 sublato,
1490 1126 1573 1161 571;
1606 1125 1639 1155 in
1663 1125 1822 1155 chronicis

1045 1169 1176 1204 morbis,
1194 1170 1267 1205 432,
1286 1169 1369 1204 4333
1405 1169 1439 1198 in
1463 1168 1563 1198 colica
1585 1167 1709 1204 biliosa,
1740 1169 1820 1202 1993

1046 1211 1078 1241 in
1103 1212 1220 1242 cortice
1246 1212 1361 1241 Peruv.
1386 1211 1561 1246 utentibus,
1589 1212 1670 1246 288;
1694 1211 1728 1240 in
1751 1211 1820 1241 dia-

1047 1254 1128 1290 bete,
1154 1256 1233 1289 290;
1258 1255 1292 1284 in
1316 1254 1491 1290 diarrhoea,
1511 1255 1589 1288 173;
1614 1254 1647 1283 in
1671 1253 1820 1294 dysente-

1047 1297 1104 1333 ria,
1125 1298 1203 1332 1723
1228 1297 1261 1326 in
1277 1297 1458 1337 dysenteria
1480 1307 1518 1326 ex
1534 1296 1726 1327 torminibus
1741 1306 1821 1326 ven-

1048 1340 1115 1373 tris,
1140 1340 1174 1370 in
1198 1340 1285 1370 febre
1316 1349 1398 1370 nova
1425 1339 1560 1379 epidem.
1592 1339 1711 1374 oborta,
1737 1340 1819 1374 501:

1046 1383 1079 1412 in
1092 1382 1180 1413 febre
1197 1382 1405 1422 dysenterica,
1426 1383 1482 1412 181
1500 1395 1506 1417 ;
1531 1382 1565 1412 in
1581 1382 1667 1412 febre
1683 1382 1819 1421 epidem.

1046 1435 1119 1455 ann.
1138 1426 1299 1461 ’73—’75‚
1318 1427 1398 1460 210;
1423 1425 1456 1454 in
1480 1425 1561 1455 tussi
1585 1424 1721 1464 epidem.
1746 1425 1821 1455 anni

1047 1468 1110 1504 75,
1133 1469 1215 1506 2273
1243 1468 1277 1498 in
1302 1468 1388 1497 febre
1412 1467 1650 1507 erysipelatosa,
1675 1468 1756 1502 263;
1786 1467 1820 1498 in

1046 1510 1187 1540 febribus
1213 1511 1380 1540 intermitt.
1401 1515 1560 1545 autumn„
1579 1511 1640 1544 82;
1671 1509 1702 1539 in
1733 1510 1820 1540 febre

1046 1553 1199 1592 hyemali,
1218 1554 1297 1587 478;
1321 1553 1355 1582 in
1379 1553 1465 1582 febre
1487 1552 1655 1587 variolosa,
1675 1553 1757 1587 156;
1785 1553 1820 1582 in

1047 1595 1188 1625 febribus
1213 1595 1383 1631 continuis,
1405 1597 1455 1631 53,
1474 1597 1534 1629 54:
1566 1595 1599 1625 in
1623 1595 1821 1634 genoz-rhoea

1046 1638 1152 1673 virul„
1171 1639 1232 1668 315
1246 1651 1252 1673 ;
1277 1638 1310 1668 in
1326 1638 1570 1677 haemorrhagia
1581 1638 1718 1672 narium,
1736 1638 1818 1672 2682

1046 1681 1080 1710 in
1105 1680 1176 1717 ileo,
1196 1681 1256 1716 643
1289 1681 1323 1710 in
1350 1681 1405 1710 lue
1430 1691 1575 1715 venerea,
1591 1680 1646 1710 ubi
1673 1680 1820 1710 salivatio

1047 1723 1225 1759 adhibetur,
1244 1725 1324 1758 3243
1350 1723 1383 1753 in
1401 1723 1564 1753 mensium
1588 1723 1680 1752 fluxu
1702 1723 1818 1753 immo-

1048 1766 1128 1799 dico,
1152 1768 1233 1801 402;
1260 1766 1291 1795 in
1315 1766 1417 1795 mictu
1442 1766 1618 1805 sanguineo
1641 1775 1659 1794 a
1684 1765 1819 1802 calculo,

1048 1810 1128 1843 522;
1154 1809 1186 1838 in
1203 1808 1371 1843 morbillis,
1389 1810 1467 1843 185;
1492 1808 1526 1838 in
1541 1807 1699 1838 morbillis
1714 1818 1819 1838 anom.

1049 1851 1125 1880 anni
1141 1852 1204 1887 74,
1220 1851 1300 1886 218;
1325 1851 1357 1880 in
1373 1851 1533 1891 podagrae
1543 1850 1730 1887 intervallis,
1745 1852 1819 1887 432,

1049 1895 1111 1923 433
1124 1906 1131 1928 ;
1163 1904 1221 1924 cur
1244 1894 1296 1924 hic
1321 1893 1428 1933 palato
1452 1893 1625 1933 aliquando
1648 1893 1819 1924 consulen-

1049 1937 1137 1972 dum,
1152 1938 1228 1972 4333
1249 1937 1282 1966 in
1298 1937 1439 1977 podagra
1454 1936 1601 1976 religiose
1613 1936 1819 1972 observanda,

1049 1981 1112 2009 432
1129 1989 1192 2019 sq.;
1218 1979 1366 2019 quamvis
1390 1979 1622 2010 enormioribus
1645 1979 1821 2009 insultibus

1048 2022 1170 2058 liberet,
1189 2022 1228 2052 ab
1245 2022 1394 2052 omnibus
1410 2027 1518 2052 tamen
1531 2022 1613 2052 tueri
1626 2031 1690 2052 non
1705 2026 1819 2062 potest,

1049 2066 1130 2100 442;
1165 2065 1267 2095 diaeta
1291 2065 1324 2094 in
1347 2065 1506 2105 podagrae
1529 2065 1740 2104 paroxysmis,
1757 2065 1820 2095 443

1050 2117 1112 2147 sq.;
1138 2108 1243 2138 diaeta
1265 2107 1368 2137 lactea
1380 2108 1414 2137 in
1429 2108 1579 2147 podagra,
1599 2109 1672 2143 433,
1693 2109 1777 2142 434;
1802 2117 1820 2138 e

1049 2160 1118 2180 sero
1133 2150 1226 2180 lactis
1240 2150 1274 2180 in
1290 2150 1531 2186 rheumatismo,
1549 2151 1630 2186 299;
1655 2151 1760 2180 cautio
1781 2150 1820 2180 de

1049 2203 1094 2229 ea,
1107 2194 1169 2223 302
1182 2206 1188 2227 ς
1214 2193 1318 2223 diaeta
1330 2193 1363 2223 in
1379 2193 1508 2223 variolis
1518 2203 1621 2223 anom.
1636 2203 1708 2223 ann.
1722 2194 1821 2225 '70—

1049 2236 1112 2272 ³72,
1133 2237 1203 2271 191,
1224 2236 1303 2271 193;
1327 2236 1361 2265 in
1383 2236 1512 2266 variolis
1535 2245 1638 2265 anom.
1656 2246 1728 2266 ann.
1755 2236 1819 2272 ’74,

1049 2280 1112 2313 ¹75,
1130 2279 1294 2314 221‚223;
1333 2278 1366 2308 in
1394 2278 1523 2308 variolis
1548 2278 1652 2314 confl.‚
1670 2280 1751 2313 355;
1786 2279 1820 2308 in

1048 2321 1177 2351 variolis
1192 2321 1328 2360 regular.
1347 2321 1500 2357 discretis,
1520 2322 1591 2357 136,
1610 2322 1681 2358 138,
1701 2322 1770 2352 139.

1094 2364 1313 2403 Diaphoresis.
1333 2362 1379 2403 [v.
1397 2363 1521 2404 Sation]

1092 2406 1302 2447 Diaphoresis
1317 2416 1381 2436 non
1401 2406 1550 2437 convenit
1564 2406 1597 2436 in
1614 2406 1702 2436 omni
1721 2406 1818 2443 febre,

1049 2450 1107 2479 211
1123 2463 1129 2485 ;
1154 2449 1289 2489 periculi
1304 2449 1399 2489 plena
1415 2453 1463 2479 est
1482 2449 1515 2479 in
1531 2449 1677 2479 tertianis
1692 2454 1722 2480 et
1738 2459 1817 2490 quo—

1047 2492 1186 2528 tidianis,
1219 2494 1299 2525 280;
1337 2502 1495 2532 quaenam
1523 2492 1633 2532 prosit,
1661 2502 1819 2532 quaenam

1045 2545 1120 2565 vero
1137 2540 1261 2569 noceat,
1274 2535 1346 2565 211.

1091 2572 1321 2617 Diaphoretica
1336 2577 1368 2607 in
1381 2577 1468 2607 febre
1480 2577 1615 2617 epidem.
1631 2587 1703 2607 ann.
1721 2577 1819 2610 '73—

1044 2620 1109 2656 ¹75,
1125 2622 1203 2655 213,
1227 2620 1261 2650 in
1276 2620 1418 2650 febribus
1434 2620 1600 2650 intermitt.
1613 2620 1745 2657 verna1.,
1757 2620 1798 2652 75
1808 2633 1815 2656 ς

1045 2663 1077 2693 in
1094 2668 1192 2703 peste,
1207 2664 1265 2693 108
1283 2673 1340 2702 sq.,
1354 2663 1415 2692 114
1431 2672 1496 2701 sq.;
1521 2662 1553 2692 in
1570 2663 1721 2703 podagra,
1733 2664 1816 2698 422;

1045 2706 1078 2736 in
1095 2706 1282 2736 salivatione
1296 2705 1491 2740 mercuriali,
1509 2706 1582 2735 325.

1088 2749 1320 2783 Dimuuions,
1336 2748 1685 2787 (Di-2)Drsr:s-r1;m.t,
1700 2756 1742 2777 Εἰ·
1753 2747 1820 2778 Tr.-

1045 2799 1172 2827 ansxo,
1190 2791 1372 2823 574—576.

1088 2834 1266 2864 Diarrhoea
1281 2833 1337 2863 ubi
1351 2832 1584 2863 vomituritioni
1601 2832 1817 2872 conjungitur,

1043 2876 1083 2906 ab
1107 2877 1250 2912 emetico,
1267 2886 1331 2906 non
1353 2876 1393 2906 ab
1414 2875 1676 2916 astringenfibuS,
1691 2875 1818 2915 proprie

1043 2919 1178 2955 sistitur,
1201 2921 1252 2955 43,
1269 2920 1332 2954 443
1364 2923 1506 2949 attamen
1531 2923 1676 2948 enemate
1699 2917 1815 2948 astrin-
