1985 3308
180 243 319 271 Axur:-

172 293 327 314 mmmm-

212 336 293 358 οειε.

364 127 449 166 238
602 129 738 171 ΤΗΟ.
775 131 1115 174 SYDENHAM
1147 133 1396 174 OBSERV.
1427 131 1574 172 MED.

360 245 458 272 eum
493 237 770 287 opportunius
800 238 1023 279 confodere
1053 239 1247 289 valerem,
1279 238 1425 279 Febris
1454 237 1520 277 vel
1555 241 1705 289 sponte
1740 250 1816 276 sua

361 299 516 339 sensim
547 303 730 354 evanuit,
758 304 822 344 vel
851 305 895 345 in
927 320 1022 346 eum
1056 320 1100 346 se
1130 312 1281 359 typum
1307 305 1484 358 redegit,
1510 309 1559 344 ut
1590 305 1679 358 jam
1709 304 1810 346 mih.

359 366 642 410 innotesceret
670 371 822 424 quibus
853 374 979 413 armis
1007 379 1116 414 esset
1145 374 1405 414 debellanda.
1469 372 1553 413 Sed
1584 372 1711 425 (quod
1742 373 1807 419 do,

360 435 533 477 lendum
578 440 752 481 omnino
797 442 889 493 est,)
933 455 1155 494 aegrorum
1202 441 1514 494 quamplurimi,
1553 439 1670 480 haud
1715 441 1811 499 sati,

361 509 482 562 gnari
512 510 624 563 quod
654 511 828 564 perinde
859 512 912 552 sit
933 511 1094 552 Medici
1123 512 1245 565 periti
1274 511 1526 565 quandoque
1549 511 1658 551 m'hil
1677 524 1822 564 agere,

361 583 487 631 atque
515 579 595 619 alio
621 584 810 632 tempore
841 579 1124 620 efficacissima
1154 579 1353 620 adhibere
1373 579 1571 629 remedia,
1593 578 1815 632 probitatis

360 650 486 698 atque
510 646 608 686 fidei
631 646 818 687 fructum
843 646 957 687 hunc
983 660 1131 700 capere
1155 647 1321 697 nolunt,
1344 646 1417 687 sed
1443 647 1507 687 vel
1530 646 1816 699 negligentiae

359 715 422 754 vel
443 715 707 767 ignorantiae
733 715 776 754 id
797 716 1010 768 imputant
1024 732 1035 764 3
1067 728 1165 754 cum
1192 715 1488 767 empiricorum
1512 714 1816 755 insulsissimus

360 781 535 833 quilibet
563 781 872 822 medicamenta
898 781 1218 822 medicamentis
1247 782 1426 835 adjicere
1454 795 1586 836 aeque
1612 781 1742 831 novit,
1768 795 1816 822 ac

359 847 462 887 solet
485 848 633 901 magis,
656 862 783 901 quam
805 847 1072 888 Medicorum
1093 848 1461 902 prudentissimus.

423 916 501 970 [9.]
542 916 660 956 Haec
687 920 787 956 sunt
808 916 893 956 fere
920 930 1026 969 quae
1052 916 1258 957 hactenus
1279 915 1508 967 observavi,
1530 916 1680 957 saltem
1708 931 1815 970 quae

360 984 412 1025 ad
433 999 626 1025 normam
647 984 831 1037 aliquam
852 984 997 1025 reduci
1017 985 1246 1038 potuerint,
1265 984 1316 1025 de
1336 985 1583 1026 morborum
1600 985 1815 1039 Epidemi-

359 1070 505 1096 corum
523 1055 754 1108 speciebus,
773 1060 899 1108 atque
920 1055 1067 1096 ordine
1087 1056 1160 1097 illo
1182 1070 1264 1109 quo
1284 1056 1473 1096 invasere
1494 1055 1546 1096 ab
1569 1070 1682 1096 anno
1704 1056 1812 1096 1661
1886 1095 1890 1106 ι,
1911 1071 1915 1092 1

361 1123 413 1163 ad
439 1124 569 1165 finem
599 1137 734 1176 usque
767 1123 868 1162 anni
901 1123 1009 1164 1675
1025 1140 1037 1173 3
1071 1138 1153 1176 quo
1184 1124 1354 1177 quidem
1386 1129 1576 1177 tempore
1606 1125 1814 1175 Variolae,

361 1199 402 1235 et
434 1192 588 1234 Febres
621 1191 864 1232 Continuae
894 1205 1039 1232 earum
1070 1192 1257 1242 comites,
1291 1206 1396 1245 quae
1428 1192 1560 1233 ferme
1590 1206 1615 1232 a
1642 1193 1817 1233 biennio

360 1262 600 1302 dominatae
640 1264 752 1309 sunt,
788 1259 976 1300 mitiores
1016 1260 1106 1313 jam
1146 1259 1294 1310 factae,
1330 1260 1529 1301 videntur
1568 1261 1815 1302 exolescere.

361 1329 447 1371 Qui
468 1333 562 1382 post
584 1332 813 1382 sequentur
833 1327 983 1377 morbi,
1007 1328 1119 1369 solus
1140 1328 1270 1378 novit,
1293 1327 1404 1369 QUI
1424 1328 1541 1369 novit
1561 1328 1716 1369 omnia.
