1985 3308
715 141 884 178 INDEX
913 141 1115 178 RERUM.

119 244 177 277 197
191 257 198 280 3
222 245 256 275 in
272 244 447 281 diarrhoea,
463 243 533 281 173,
545 243 607 277 575
622 257 629 280 ;
653 244 686 274 in
703 244 886 284 dysenteria

115 297 154 317 ex
167 288 356 318 torminibus
369 288 488 318 ventris
499 288 530 318 in
546 288 631 318 febre
645 297 725 317 nova
735 287 884 327 epidem.,

115 331 196 365 500;
215 340 464 370 ennnenagogus
488 330 521 360 in
542 330 720 360 lochiorum
737 340 885 370 suppres-

115 373 213 409 sione,
231 374 303 409 398,
331 375 411 406 585:
450 373 483 403 in
512 373 670 413 podagrae
694 373 886 403 inveteratae

115 425 316 455 paroxysmo,
334 416 396 445 446
411 428 418 450 ς
443 415 475 445 in
493 415 620 446 variolis
636 414 773 455 regular.
791 415 883 446 confl.

114 462 185 497 post
208 457 336 498 plenam
359 458 568 498 eruptionem,
595 459 676 493 1423
700 458 733 488 in
757 457 885 488 variolis

116 510 235 536 auom„
251 502 334 535 2233
362 501 395 530 in
420 500 549 530 variolis
575 500 679 536 const,
697 501 758 532 357
775 513 781 535 ;
811 510 882 540 par-

114 543 260 582 egoricus
282 543 315 573 in
340 542 468 573 variolis
490 543 646 583 pessimis,
665 544 746 578 223;
771 543 804 572 in
823 543 885 573 ileo

115 595 198 620 vero,
216 586 278 620 64;
304 586 343 616 ad
367 586 524 615 vomitum
551 586 831 625 compescendum,
852 586 885 615 in

114 628 241 658 corticis
264 628 376 658 Peruv.
394 638 463 664 usu,
481 629 555 660 287.

158 670 320 700 HecrrcA
334 671 420 709 (Dc)
435 671 554 701 Fanni-3
567 670 784 707 INFAN'HUM,
801 669 863 701 597
877 683 883 705 ;

112 712 256 743 hecticae
272 713 367 744 febris
383 714 539 753 quaedam
557 713 687 753 species,
699 715 761 743 504
775 725 781 748 ;
807 723 886 753 quo-

113 755 207 785 modo
223 756 373 792 curanda,
394 758 465 792 504,
484 757 545 786 505
561 769 568 791 ς
592 761 663 796 post
679 755 885 796 pleuritidem

117 798 319 829 essentialem
336 799 551 838 quandonam,
569 800 640 828 246.

158 841 286 871 Herbae
298 841 559 872 excalefacientes
572 841 605 871 in
618 840 775 871 chronicis
787 851 887 881 aeque

114 893 151 913 ac
179 884 320 923 podagra
350 884 492 914 maximo
521 893 690 924 aegrorum
719 884 887 914 commodo

114 925 319 962 adhibentur,
337 928 410 957 430.

156 968 335 1000 Hirudines
359 970 391 999 in
413 968 500 999 febre
522 979 605 999 nova
626 968 763 1010 epidem.
780 969 886 999 infan-

112 1010 197 1041 tibus
213 1012 432 1052 applicandae,
448 1013 522 1042 503.

158 1054 303 1084 Historia
319 1055 420 1084 morbi
435 1054 571 1094 alicujus
588 1054 615 1084 si
628 1054 798 1094 diligenter
813 1064 885 1094 per-

113 1102 222 1136 specta
237 1097 381 1133 habetur,
400 1107 457 1137 par
473 1097 557 1127 malo
573 1097 751 1127 remedium
768 1097 884 1127 adferri

112 1144 224 1178 potest,
253 1140 311 1173 13;
352 1139 419 1170 sola
444 1150 552 1170 veram
580 1140 728 1170 medendi
758 1140 882 1170 metho-

112 1181 190 1211 dum
214 1182 355 1213 indicare
380 1187 493 1223 potest,
511 1184 584 1220 295,
603 1183 684 1217 297;
708 1183 780 1213 hist.
797 1192 883 1212 mor-

112 1224 225 1254 borum
249 1225 288 1255 ad
310 1225 422 1265 praxin
440 1236 537 1265 quam
559 1225 660 1262 utilis,
679 1226 727 1261 12,
749 1226 805 1259 13;
830 1236 882 1255 ac-

114 1272 225 1298 curata
241 1267 346 1298 deficit
361 1268 526 1303 hactenus,
547 1270 604 1303 13;
629 1268 685 1297 ubi
707 1268 883 1305 scribenda,

112 1309 152 1339 ad
182 1320 340 1350 quaenam
372 1311 542 1351 praecipue
572 1311 815 1347 advertendum,
846 1312 884 1340 10

113 1362 176 1392 sq.;
201 1353 274 1383 hist.
291 1353 475 1383 morborum
492 1358 574 1383 acut.
590 1352 786 1383 ab‘Auctore
803 1363 882 1393 qua-

112 1404 146 1425 re
169 1396 314 1433 traditur,
349 1397 407 1430 21;
446 1396 626 1435 hystericae
656 1396 757 1426 affect.
787 1406 884 1435 quare

111 1437 283 1468 difficulter
308 1438 486 1475 scribenda,
510 1439 591 1473 370;
630 1438 703 1468 hist.
729 1438 884 1468 naturalis

111 1481 249 1520 pessime
277 1481 358 1511 tradi
383 1481 472 1516 solet,
497 1482 555 1515 10;
592 1481 666 1511 hist.
691 1481 883 1511 variolarum

110 1533 194 1558 vera,
208 1533 382 1563 earumque
394 1523 564 1553 methodus
577 1523 736 1559 medendi,
751 1533 788 1553 ex
803 1533 882 1563 quo-

111 1575 186 1596 nam
202 1576 318 1605 genere
333 1566 448 1596 harum
465 1566 599 1596 describi
613 1566 734 1601 debeat,
756 1567 823 1596 119.

155 1608 300 1639 Historia
322 1608 503 1649 singularis,
525 1619 581 1638 seu
603 1619 706 1645 casus,
724 1608 784 1638 viri
805 1608 880 1638 cho-

110 1651 177 1681 lera
206 1662 290 1682 anno
320 1651 373 1684 ’76
401 1651 584 1687 laborantis,
620 1651 700 1686 278;
740 1651 882 1681 virorum

110 1694 211 1724 colica
233 1694 347 1724 biliosa
368 1694 594 1730 laborantium,
623 1694 694 1730 197,
719 1695 796 1728 l98;
822 1694 881 1724 viri

110 1736 380 1776 hypochondriaci
425 1737 629 1777 equitationis
672 1747 731 1777 ope
767 1737 880 1773 curati,

111 1779 184 1815 390,
223 1780 303 1814 391;
349 1779 491 1810 virorum
535 1780 714 1820 dysenteria
756 1780 881 1810 constit.

111 1822 263 1854 ’69—’72
302 1822 525 1860 laborantium,
571 1822 641 1857 173,
688 1822 759 1857 174,
801 1823 880 1857 176;

110 1864 268 1895 foeminae
304 1865 485 1904 dysenteria
524 1865 699 1895 inveterata
733 1865 879 1894 laboran-

111 1907 162 1944 tiS,
195 1907 266 1942 177,
298 1908 377 1941 178;
416 1907 546 1946 juvenis
578 1907 664 1937 febre
695 1912 791 1937 acuta
813 1907 880 1937 vio-

111 1949 206 1986 lenta,
232 1960 307 1980 cum
332 1950 487 1990 petechiis
512 1954 543 1980 et
567 1950 669 1980 mictu
697 1949 880 1988 sanguineo,

110 1992 294 2030 laborantis,
321 1993 509 2028 358—361;
541 1992 601 2022 viri
624 1992 709 2022 febre
733 1992 880 2032 dysente-

110 2035 177 2065 rica
213 2035 398 2071 laborantis,
438 2037 497 2065 182
514 2048 520 2069 ;
568 2035 761 2074 juvenculae
797 2035 882 2065 febre

111 2077 312 2118 dysenterica
341 2078 523 2114 laborantis,
551 2079 632 2112 182;
671 2077 762 2117 pueri
795 2077 882 2107 febre

110 2120 246 2160 epidem.
263 2131 346 2151 anno
363 2121 416 2153 ’74
431 2120 613 2157 laborantis,
632 2122 689 2150 125
703 2132 710 2155 ;
734 2120 882 2150 dominae

110 2163 197 2193 febre
213 2164 348 2203 epidem.
366 2173 449 2194 anno
465 2164 516 2195 ’75
533 2163 706 2193 laborantis
727 2167 758 2192 et
781 2162 882 2202 dejec-

110 2206 250 2236 tionibus
274 2206 530 2247 symptomaticis
552 2205 690 2241 affectae,
714 2206 796 2240 2163
825 2216 885 2245 pu·

111 2249 156 2278 eri
169 2248 254 2279 febre
266 2249 399 2289 epidem.
412 2254 441 2279 et
453 2249 622 2289 pleuritide
636 2248 883 2288 symptomatica

111 2301 195 2321 anno
211 2292 262 2324 '75
275 2292 458 2327 laborantis,
469 2292 548 2326 23ος
567 2291 723 2321 foeminae
738 2296 881 2321 mortuae

111 2343 151 2364 ex
163 2334 250 2364 febre
264 2334 416 2374 maligna,
431 2339 554 2374 pestem
570 2334 807 2364 Londinensem
823 2343 879 2362 an-

110 2376 144 2406 ni
160 2378 212 2407 ’65
229 2387 422 2417 praegressa,
444 2378 513 2412 109,
533 2378 616 2411 11ος
643 2376 773 2416 juvenis
796 2375 881 2406 febre

110 2419 254 2459 maligna
275 2419 460 2455 laborantis,
491 2421 575 2454 510;
611 2420 769 2458 juvenum
794 2418 882 2449 febre

110 2462 318 2502 pestilentiali
330 2462 554 2498 laborantium,
569 2462 639 2498 112,
658 2462 719 2491 114
735 2473 741 2496 ;
766 2461 882 2491 medici

109 2504 195 2535 febre
221 2505 375 2535 variolosa
399 2505 580 2541 laborantis,
609 2505 690 2539 l57;
727 2504 879 2544 hydropi-

111 2557 167 2577 cae
189 2558 229 2578 ex
251 2548 509 2584 incarceratione,
527 2548 722 2581 466-468;
761 2547 879 2586 hydro-

110 2590 201 2630 picae
219 2601 336 2631 syrupo
352 2591 390 2620 de
405 2590 497 2630 spina
511 2590 639 2620 cervina
655 2594 792 2625 curatae,
807 2590 880 2625 459,

110 2633 193 2668 4603
217 2633 300 2664 alius
316 2633 509 2673 hydropicae
531 2633 675 2673 ejusdem
697 2631 806 2672 syrupi
822 2642 881 2672 ope

110 2676 202 2716 pejus
238 2676 393 2711 habentis,
425 2677 509 2711 460;
548 2676 607 2705 viri
643 2674 744 2705 colica
777 2675 878 2715 hypo-

111 2718 241 2749 chondr.
274 2719 315 2749 ad
342 2719 470 2748 iliacam
501 2718 670 2749 accedente
697 2717 879 2753 laborantis,

112 2761 174 2793 374
186 2773 192 2796 ς
210 2761 477 2801 hypochondriaci
488 2761 593 2792 flentis
605 2761 786 2797 immodice,
798 2760 859 2792 375
873 2773 879 2794 ς

111 2804 292 2834 comitissae
325 2803 440 2834 affectu
477 2804 594 2844 hyster.
625 2803 787 2833 calculum
824 2813 878 2833 ve-

109 2846 194 2877 sicae
217 2845 387 2877 simulante
409 2846 594 2883 laborantis‚
617 2847 677 2877 201
695 2858 701 2880 ;
739 2845 798 2875 viri
819 2845 880 2876 ileo

108 2889 292 2925 laborantis,
312 2891 374 2920 503
391 2902 397 2923 ;
421 2890 588 2925 foeminae,
605 2899 687 2929 quae
711 2888 823 2919 lochiis
840 2898 880 2919 ex

109 2931 267 2972 hysterica
292 2932 394 2963 affect.
421 2932 610 2973 suppressiS,
633 2937 663 2962 et
692 2941 878 2962 venae—sec-

1637 144 1707 179 631

942 244 1027 274 tione
1051 244 1084 274 in
1107 243 1186 284 pede
1202 242 1358 279 instituta,
1380 242 1509 279 interiit,
1534 243 1620 279 399;
1642 253 1712 274 ma-

942 287 1013 317 niae
1030 296 1068 317 ex
1085 290 1336 326 temperamento
1350 285 1466 325 frigido
1482 289 1514 315 et
1529 286 1712 324 infirmiore,

942 330 982 360 92
997 341 1003 364 ;
1028 329 1186 360 foeminae
1202 328 1368 364 morbillis,
1384 328 1642 359 calefacientibus
1658 339 1713 359 ex·

941 372 1105 412 asperatis,
1130 371 1314 408 laborantis,
1342 370 1412 407 187,
1435 372 1516 405 188;
1542 371 1713 402 infantium

941 415 1098 445 morbillis
1114 424 1198 444 anno
1214 414 1268 446 '74
1283 413 1525 453 aegrotantium,
1537 415 1617 448 218;
1643 414 1713 451 viri,

942 458 1098 488 mercurio
1137 457 1309 487 sublimato
1341 458 1499 486 corrosivo
1537 463 1711 496 assumpto,

942 501 1000 530 301
1017 512 1023 535 ;
1063 499 1327 540 pharmacopolae
1363 498 1592 529 rheumatismo
1621 499 1710 528 labo-

941 543 1052 578 rantis,
1079 544 1160 577 300;
1190 542 1279 582 pueri
1302 541 1461 577 variolosi,
1487 542 1568 576 350;
1598 541 1710 572 foemi-

941 595 1000 615 nae
1020 585 1148 616 variolis
1171 595 1276 615 auom.
1292 583 1475 619 laborantis,
1499 588 1531 613 et
1552 584 1712 615 mensium

942 627 1097 667 profluvio
1126 633 1268 668 tempore
1304 626 1434 657 insolito
1467 626 1606 662 affectae,
1640 627 1711 664 192,

945 671 1023 705 193;
1049 671 1106 701 filii
1124 671 1275 701 Auctoris
1289 669 1417 699 variolis
1432 679 1537 699 auom.
1553 669 1713 699 distinctis

942 713 1125 749 laborantis,
1161 714 1219 744 193
1237 725 1243 747 ;
1281 712 1414 742 infantis
1448 711 1577 742 variolis
1607 722 1712 742 anom.

942 755 1040 795 nigris
1062 756 1188 787 constit.
1212 756 1275 791 ’70,
1300 765 1375 785 cum
1397 754 1548 784 vesiculis
1566 755 1598 784 in
1615 755 1712 785 femo—

941 798 1029 828 ribus
1052 799 1182 839 pessimi
1199 798 1324 833 ominis,
1349 797 1533 834 laborantis,
1552 798 1635 832 19ος
1660 797 1710 827 in-

941 841 1079 871 fantium
1103 841 1232 872 variolis
1262 841 1363 881 nigris
1390 840 1539 880 pessimis
1563 839 1712 870 laboran-

942 883 1034 919 tium,
1047 885 1127 918 224ς
1149 884 1279 923 juvenis
1295 883 1424 913 variolis
1440 883 1539 922 nigris
1555 883 1712 922 pessimis,

941 931 1014 965 post
1051 926 1319 967 compotationem
1356 925 1490 965 largam,
1529 925 1712 962 laborantis,

942 970 1014 1006 223,
1033 971 1095 999 224
1109 982 1116 1004 3
1137 968 1332 1009 juvenculae
1345 979 1385 998 ex
1400 967 1528 998 variolis
1544 967 1712 1008 insigniter

941 1011 1033 1042 confi.
1061 1013 1137 1042 11¹¹‘¹o
1160 1012 1210 1042 (lie
1234 1011 1403 1046 extinctae,
1428 1011 1509 1045 338;
1535 1011 1663 1050 juvenis
1694 1021 1713 1041 a

940 1054 1069 1084 variolis
1085 1054 1176 1085 confi.
1194 1054 1305 1088 sanati,
1323 1053 1489 1086 355—57;
1511 1053 1641 1092 juvenis
1655 1063 1710 1083 va-

940 1097 1028 1127 riolis
1052 1098 1189 1137 regular.
1208 1097 1391 1132 laborantis,
1409 1095 1464 1135 qui
1488 1101 1634 1125 mortuus
1655 1096 1712 1126 ad-

941 1140 1099 1170 stantibus
1126 1140 1224 1175 visus,
1252 1140 1358 1169 nudus
1382 1148 1510 1168 mensae
1536 1139 1713 1178 imponitur

940 1187 972 1212 et
986 1183 1134 1222 resurgit,
1154 1184 1224 1219 145,
1245 1183 1323 1217 1463
1349 1181 1522 1211 variolosae
1538 1191 1577 1210 ex
1594 1191 1712 1221 syrupo

941 1225 979 1254 de
992 1225 1137 1255 meconio
1148 1225 1286 1266 pessime
1299 1224 1455 1260 habentis,
1468 1224 1523 1253 sed
1536 1223 1713 1254 laudanum

940 1277 1014 1298 cum
1032 1268 1191 1298 levamine
1207 1268 1346 1303 ferentis,
1365 1267 1436 1297 386.

985 1310 1092 1340 Homo
1109 1311 1205 1340 variis
1221 1311 1315 1340 malis
1327 1309 1493 1345 obnoxius,
1507 1309 1566 1343 26;
1593 1313 1713 1348 quanto

940 1353 1042 1392 spatio
1059 1353 1098 1383 ad
1115 1352 1218 1391 ἀκμὴν
1240 1363 1331 1382 suam
1354 1352 1517 1392 pertingit,
1536 1352 1593 1386 70;
1622 1356 1709 1382 exte-

939 1396 1003 1425 rior
1018 1396 1066 1425 uti
1081 1396 1277 1436 conspicitur
1288 1405 1326 1425 ex
1339 1395 1482 1434 partibus
1496 1394 1712 1431 sensibilibus,

941 1438 986 1468 sic
1003 1442 1034 1468 et
1049 1438 1143 1468 homo
1166 1439 1296 1468 interior
1319 1438 1421 1472 datur,
1438 1437 1571 1467 rationis
1588 1437 1712 1467 lumine

940 1485 1065 1510 tantum
1083 1481 1319 1520 concipiendus,
1337 1480 1408 1512 371.

983 1525 1126 1563 Hooping
1143 1525 1256 1563 Cough,
1273 1533 1331 1553 seu
1352 1521 1506 1562 pertussis
1528 1521 1713 1559 infantium,

939 1566 1197 1596 venae—sectione
1209 1567 1341 1606 juvatur
1357 1564 1430 1604 plus
1444 1574 1541 1604 quam
1554 1564 1630 1594 ullis
1640 1575 1713 1604 pec·

940 1608 1105 1644 toralibus,
1126 1609 1195 1644 187,
1214 1609 1287 1643 294,
1305 1609 1379 1638 598.

984 1651 1092 1681 Horae
1120 1650 1338 1686 medicinales,
1363 1660 1420 1690 pro
1447 1649 1597 1680 remediis
1621 1659 1711 1680 assu-

939 1694 1076 1730 mendis,
1093 1704 1174 1733 quae
1189 1694 1263 1730 sint,
1279 1693 1350 1725 472.

985 1736 1148 1766 Humores
1185 1737 1220 1766 in
1255 1745 1386 1776 corpore
1415 1738 1522 1765 nostro
1553 1735 1712 1775 quomodo

940 1779 1132 1815 afficiantur,
1159 1780 1216 1815 16;
1250 1784 1405 1810 autumno
1429 1783 1504 1808 sunt
1527 1777 1712 1808 viscidiores

941 1831 1040 1861 quam
1055 1832 1138 1858 vere,
1156 1822 1207 1854 72.

984 1864 1181 1904 Hydragoga
1195 1864 1227 1894 in
1245 1863 1440 1904 gonorrhoea
1452 1862 1546 1894 virul.
1561 1862 1712 1902 primaria

939 1911 1024 1942 sunt,
1049 1908 1133 1942 313;
1164 1907 1350 1947 hydragoga
1372 1906 1452 1935 varii
1475 1905 1612 1945 generis,
1635 1906 1709 1942 460,

984 1991 1172 2031 Hydrogala
1198 1991 1232 2021 in
1257 1990 1357 2021 colica
1385 1991 1510 2025 biliosa,
1537 1999 1594 2029 pro
1620 1994 1711 2030 potu,

942 2035 1000 2064 199
1013 2046 1019 2069 ;
1044 2034 1076 2064 in
1091 2034 1281 2074 dysenteria,
1296 2033 1354 2065 172
1367 2045 1373 2067 ;
1397 2034 1429 2063 in
1443 2033 1528 2063 febre
1541 2032 1711 2063 scarlatina

938 2077 1120 2111 infantium,
1138 2078 1218 2111 244;
1243 2077 1276 2106 in
1292 2076 1489 2115 gonorrhoea
1504 2075 1608 2112 viruL,
1625 2077 1686 2106 315
1702 2088 1709 2111 ς

938 2119 970 2149 in
982 2119 1148 2155 morbillis,
1166 2121 1237 2155 185,
1251 2120 1313 2149 218
1328 2131 1334 2153 ;
1357 2119 1390 2149 in
1403 2119 1484 2149 tussi
1499 2118 1644 2158 epidem.,
1656 2119 1712 2149 ubi

938 2161 1044 2198 febris,
1061 2167 1134 2198 etc.,
1150 2162 1277 2197 adsunt,
1303 2162 1383 2197 229;
1414 2162 1446 2191 in
1470 2160 1610 2197 variolis,
1637 2162 1709 2198 191,

941 2205 1012 2240 192,
1030 2205 1104 2241 221,
1121 2206 1194 2234 224.

984 2247 1160 2287 Hydropici
1184 2247 1338 2287 juniores,
1363 2247 1456 2285 aquis
1479 2245 1632 2286 expulsis,
1658 2255 1708 2276 ro-

938 2290 1124 2320 borantibus
1150 2300 1242 2330 saepe
1267 2299 1331 2319 non
1355 2289 1510 2329 indigent,
1535 2290 1615 2323 470;
1647 2298 1711 2319 non

937 2333 1015 2362 item
1032 2333 1181 2368 seniores,
1198 2332 1249 2362 vel
1265 2332 1394 2367 debiles,
1414 2333 1475 2364 470
1489 2345 1495 2366 ς
1518 2331 1708 2372 hydropico-

938 2385 1010 2405 rum
1027 2375 1096 2405 sitis
1113 2375 1272 2415 quomodo
1293 2374 1442 2411 fallenda,
1463 2375 1542 2408 472:
1568 2379 1709 2404 tumores

938 2418 1105 2458 hydropici
1118 2429 1134 2448 e
1146 2417 1344 2457 gravissimis
1357 2417 1592 2457 symptomatis,
1605 2416 1709 2447 febres

938 2460 1103 2491 intermitt.
1119 2465 1264 2491 autumn.
1280 2460 1532 2499 insequentibus,
1550 2459 1600 2494 73,
1618 2458 1671 2491 74.

982 2503 1166 2540 Hrnnomz,
1187 2502 1273 2542 (Da)
1291 2503 1473 2539 455—476,
1491 2503 1672 2540 585-588,

983 2546 1147 2586 Hydropis
1169 2545 1360 2586 primarium
1384 2545 1523 2585 signum,
1545 2546 1654 2575 foveae
1676 2544 1709 2574 in

938 2589 1021 2618 suris
1043 2599 1062 2619 a
1084 2589 1258 2629 digitorum
1281 2588 1488 2629 impressione
1509 2588 1568 2617 sub
1583 2592 1710 2617 noctem

938 2635 1138 2671 apparentes,
1169 2637 1200 2661 et
1233 2641 1327 2661 mane
1361 2635 1597 2666 evanescentes,
1635 2631 1711 2666 455,

938 2676 1018 2709 585;
1058 2678 1274 2714 symptomata
1301 2679 1376 2704 sunt
1403 2673 1577 2714 dyspnoea,
1598 2673 1710 2702 urinae

937 2717 1092 2757 paucitas,
1109 2722 1140 2747 et
1155 2716 1233 2752 sitis,
1251 2717 1324 2752 456,
1343 2718 1422 2750 585:
1448 2726 1554 2752 causa,
1577 2716 1708 2755 sangui-

939 2760 988 2789 nis
1004 2759 1161 2796 debilitas,
1176 2759 1238 2790 456
1255 2771 1261 2794 ;
1285 2759 1365 2789 aliae
1380 2759 1414 2788 in
1425 2758 1573 2788 foeminis
1586 2768 1711 2794 causae,

939 2803 1021 2838 456;
1061 2802 1203 2842 hydrops
1227 2811 1355 2832 omnem
1382 2806 1518 2832 aetatem
1541 2806 1573 2831 et
1597 2810 1711 2831 sexum

940 2845 1079 2880 infestat,
1098 2845 1252 2875 foeminas
1275 2854 1348 2874 vero
1371 2844 1476 2884 magis
1503 2853 1600 2884 quam
1617 2843 1713 2879 viros,

939 2889 1011 2923 455,
1029 2889 1090 2918 585
1103 2900 1110 2920 ς
1135 2892 1276 2918 tumores
1292 2897 1366 2917 vero
1381 2887 1415 2917 in
1431 2887 1577 2917 foeminis
1592 2886 1632 2916 ab
1655 2896 1709 2916 ex-

939 2931 1112 2961 crescentia
1129 2930 1274 2961 carnium
1290 2930 1323 2960 in
1339 2929 1518 2965 abdomine,
1534 2929 1585 2960 vel
1599 2939 1616 2959 a
1628 2928 1711 2958 flati—

1665 3021 1679 3035 -
