1985 3308
713 138 886 177 INDEX
914 137 1120 176 RERUM.

1638 136 1713 172 645

121 247 176 270 'ris
202 239 314 272 Curis
339 240 623 279 Enurrlomnus,
647 241 720 279 558,
745 242 818 273 559.
849 240 890 272 cf.
941 239 1079 279 quando,
1103 237 1177 276 378,
1193 236 1278 274 3792
1301 235 1336 267 in
1358 235 1469 267 leviori
1491 236 1596 276 specie
1619 235 1716 266 omit-

165 325 297 356 Ptisana
311 325 344 356 in
360 326 623 367 peripneumonia
644 327 742 358 notha
756 336 814 367 pro
833 335 891 367 po-

121 370 169 404 tu,
186 369 266 404 2543
290 369 324 399 in
340 369 512 409 pleuritide
527 369 702 408 essentiali,
719 370 794 401 249.

166 410 374 450 Ptyalismus.
394 411 442 452 [v.
458 411 633 452 Salmatia]

165 452 262 484 Pueri
288 455 581 485 venae-sectionem
609 455 642 484 in
672 454 815 485 febribus
845 453 893 484 vi-

121 497 198 532 tent,
213 497 272 534 41,-
289 497 429 537 podagra
445 507 508 528 non
525 497 720 534 afficiuntur,
733 498 814 532 4173
831 507 892 537 pu-

121 538 184 567 eris
208 538 241 568 in
268 538 410 570 febribus
436 540 600 570 interrnitt.
625 540 775 571 calidiora
803 539 891 570 exhi-

121 579 195 611 bere
209 581 438 621 periculosum,
456 584 508 613 85.

161 622 345 664 ,Puerperae
360 624 527 665 apoplexia
548 624 668 665 hyster.
689 624 892 665 quandonam

121 665 312 703 afficiantur,
329 669 410 703 365;
436 667 606 698 teneriores
627 678 724 707 quare
746 668 785 698 ad
807 667 892 698 diem

125 709 227 738 lom-m·
243 709 277 739 in
293 709 375 740 lecto
391 721 423 740 se
440 711 633 746 contineant,
651 711 722 742 397.

167 750 286 782 Pulsus
305 753 338 782 in
362 753 448 783 febre
470 763 554 783 nova
575 753 717 791 hyemali
740 762 892 783 sanorum

121 802 185 823 non
209 795 376 831 absimilis,
391 795 466 832 477,
481 797 562 831 488;
593 795 767 835 languidus
793 800 824 825 et
842 795 891 825 in-

122 836 295 873 ordinatus,
316 838 341 867 si
365 838 450 868 male
471 843 633 875 tractetur,
659 839 740 873 477;
776 838 891 878 qualis,

122 878 176 908 ubi
201 879 356 919 phrenitis
381 881 481 918 adest,
508 886 540 911 et
564 891 650 911 mors
677 881 785 918 instat,
809 882 891 916 4893

120 920 155 951 in
171 922 336 953 affectione
354 923 571 964 hypochondr.
582 923 632 953 vel
649 923 765 964 hyster.
779 923 893 953 similis

122 974 274 995 sanorum
302 970 359 1002 est,
386 968 466 1002 372;
504 966 538 996 in
567 966 697 997 variolis
726 966 818 997 confi.
843 966 893 997 die

126 1008 203 1037 11¹¹¹⁰
219 1008 273 1038 vix
288 1008 472 1049 percipitur,
491 1010 561 1040 354.

166 1050 278 1080 Pulvis
296 1051 436 1083 Patrum.
456 1051 502 1091 [v.
523 1053 630 1082 Cortex
645 1050 861 1091 amuranus]

166 1092 362 1124 ΡυΝοΤυκΑ
380 1094 468 1134 (ΒΕ)
482 1094 668 1130 ΤΒΝυιΝιε,
680 1095 752 1124 601.
767 1095 806 1124 cf.
821 1096 892 1125 252.

167 1135 343 1175 Purgantia
366 1137 527 1177 quaelibet
550 1137 693 1167 Naturae
716 1147 814 1177 quare
832 1139 892 1168 ini-

103 1214 107 1217 Δ
121 1179 200 1208 mica
216 1179 364 1210 dicantur
386 1180 425 1210 ab
441 1180 592 1216 Auctore,
609 1180 671 1212 457
687 1192 693 1216 ;
718 1179 769 1210 vel
788 1180 892 1210 mitis-

123 1220 205 1251 sima
221 1232 348 1262 quoque
364 1223 542 1253 tumultum
558 1223 749 1262 plerumque
764 1223 798 1252 in
823 1232 892 1253 cor-

122 1272 198 1302 pore
213 1265 365 1303 excitant,
379 1266 435 1302 87;
457 1265 483 1295 si
498 1268 662 1296 correo-tiva
677 1266 762 1296 dicta
775 1265 894 1295 admis-

123 1310 155 1336 ta
178 1306 327 1344 habeant,
349 1308 504 1338 catharsis
529 1308 673 1338 redditur
697 1307 894 1345 laboriosior,

123 1348 206 1385 3l9;
245 1349 367 1381 leniora
390 1351 423 1381 in
453 1351 591 1381 robustis
621 1350 794 1390 aliquando
818 1351 893 1391 plus

122 1397 285 1431 praestant
312 1403 410 1434 quam
437 1393 602 1430 validiora,
623 1395 705 1429 458;
743 1398 815 1434 post
838 1404 892 1424 ve-

121 1436 375 1467 nae-sectionem
409 1437 553 1466 omnium
590 1436 732 1466 maxime
759 1436 891 1475 refrige-

122 1481 205 1514 rant,
222 1479 303 1514 5063
327 1479 520 1519 paregoricis
536 1478 620 1508 viam
637 1483 792 1515 sternunt,
809 1480 891 1515 5063

122 1525 155 1550 et
168 1519 207 1549 iis
228 1521 373 1560 adjuvari
396 1526 540 1561 possunt,
558 1523 639 1557 503;
664 1521 816 1551 exhibitio
839 1522 888 1551 ni-

123 1562 190 1592 mia
204 1563 237 1593 in
250 1563 402 1604 plurimis
414 1563 578 1594 affectibus
590 1564 695 1600 noxia,
711 1565 769 1594 381
784 1576 790 1599 3
806 1564 839 1594 in
852 1564 893 1594 iis

122 1604 309 1636 exhibendis
325 1606 430 1637 cautio
446 1617 598 1647 perquam
614 1606 802 1643 necessaria,
819 1608 893 1637 458.

167 1648 344 1689 Purgantia
358 1649 392 1680 in
408 1650 537 1689 angina,
555 1650 616 1679 266
633 1662 639 1685 ;
661 1659 735 1679 cum
757 1649 893 1690 chalybe

123 1700 188 1720 non
217 1692 405 1729 exhibenda,
432 1694 505 1729 380,
538 1692 598 1724 387
614 1705 620 1728 ;
652 1692 686 1722 in
715 1691 830 1722 chorea
860 1693 892 1723 S.

123 1733 201 1770 Viti,
230 1735 304 1771 496,
330 1736 412 1770 568;
443 1735 477 1765 in
504 1735 632 1765 cholera
657 1735 778 1772 morbo,
810 1736 891 1771 164;

122 1776 156 1807 in
182 1776 290 1807 chron.
316 1778 446 1814 morbis,
470 1779 552 1812 430;
582 1778 615 1807 in
639 1777 741 1808 colica
763 1778 893 1818 hyster„

124 1821 198 1856 201,
227 1821 306 1855 202;
332 1820 365 1850 in
389 1820 490 1850 colica
511 1820 634 1856 biliosa,
661 1822 732 1856 195,
752 1821 832 1856 196;
860 1821 893 1850 in

123 1867 247 1893 comate
262 1863 367 1893 febrili
383 1863 645 1893 calefacientibus
659 1863 805 1899 excitato,
820 1864 892 1900 494,

124 1906 186 1936 495
199 1917 206 1941 ;
230 1905 263 1935 ἰιι
276 1906 612 1942 contusionibus‚449,
626 1907 688 1935 450
702 1918 709 1941 ς
731 1905 764 1935 in
778 1905 892 1945 dysen-

123 1948 212 1984 teria,
224 1949 294 1985 171,
305 1950 382 1984 574;
400 1949 604 1988 quandonam
616 1948 751 1978 debeant
764 1948 895 1978 laudaui

124 2001 220 2021 usum
234 1991 432 2031 praecedere,
448 1992 522 2026 178;
549 1996 621 2030 post
633 1991 734 2020 febres
748 1997 893 2021 autumn.

124 2034 228 2073 magis
250 2044 347 2074 quam
364 2039 434 2074 post
451 2044 540 2064 vern.
554 2034 744 2070 necessaria,
759 2035 810 2069 52,
834 2035 873 2064 53
887 2047 893 2070 ;

124 2076 158 2106 in
184 2077 325 2107 febribus
352 2077 480 2113 contin.,
508 2078 569 2112 523
593 2077 626 2106 in
651 2076 736 2106 febre
759 2076 894 2116 dysent„

128 2120 184 2149 181
201 2133 208 2155 ;
233 2120 265 2149 in
281 2120 367 2150 febre
382 2119 516 2160 epidem.
533 2129 747 2160 quacumque,
761 2121 820 2149 491
838 2132 844 2154 ;
862 2120 894 2149 in

125 2162 212 2193 febre
234 2173 317 2192 nova
338 2163 484 2203 epidem.,
501 2164 574 2199 490,
591 2163 650 2193 491
668 2175 674 2196 ς
699 2162 894 2202 refrigerant,

125 2210 157 2236 et
179 2205 348 2236 narcoticis
368 2205 453 2235 viam
477 2209 633 2241 sternunt,
651 2206 733 2240 506;
756 2205 789 2235 in
811 2205 896 2236 febre

125 2248 285 2288 erysipel.,
303 2250 375 2285 263,
393 2250 473 2283 558;
497 2248 531 2277 in
554 2248 695 2278 febribus
717 2248 894 2285 intermitt„

126 2290 177 2327 73,
192 2293 264 2326 288,
278 2292 356 2325 289;
382 2291 414 2320 in
430 2290 533 2331 pestil.
544 2291 640 2327 febre,
657 2292 734 2326 115;
759 2291 792 2320 in
809 2291 895 2321 febre

125 2339 289 2374 quartana,
307 2336 357 2370 80,
375 2335 412 2365 81
427 2346 433 2370 ;
458 2339 529 2374 post
543 2334 663 2364 febrem
678 2333 892 2370 scarlatinam,

126 2378 188 2406 244
204 2389 210 2412 ;
240 2377 273 2406 in
303 2376 388 2406 febre
417 2376 610 2412 stationaria,
643 2377 714 2412 551,
745 2378 826 2411 552;
861 2377 893 2407 in

126 2420 211 2450 febre
234 2429 273 2449 ex
295 2419 386 2456 tussi,
411 2420 494 2454 297;
519 2419 551 2449 in
569 2419 764 2459 gonorrhoea
786 2419 892 2456 virul.,

125 2463 206 2497 313;
231 2468 303 2502 post
318 2462 403 2492 luem
420 2462 606 2492 salix-atione
626 2462 795 2498 sublatam,
813 2464 895 2498 3243

125 2505 158 2535 in
185 2505 426 2545 haemorrhagia
451 2505 588 2541 narium,
612 2506 683 2541 268,
710 2506 792 2540 5983
823 2511 895 2545 post

124 2547 401 2587 haemorrhagiam
423 2547 637 2582 immodicam,
662 2548 722 2582 60;
762 2547 795 2577 in
818 2548 892 2578 hae-

125 2592 263 2631 moptoe',
290 2592 373 2626 269;
404 2592 584 2631 hydr-agoge
608 2590 693 2620 dicta
719 2590 751 2620 in
775 2590 814 2620 iis
839 2591 894 2630 qui

124 2644 219 2673 aegre
234 2638 422 2673 purgantur,
435 2633 488 2663 vix
504 2633 625 2672 aliquid
641 2633 793 2668 efficiunt,
807 2633 892 2670 hinc,

125 2681 161 2706 ut
177 2677 256 2706 bene
271 2681 450 2716 operentur,
462 2675 583 2706 leniora
595 2676 767 2706 cathartica
782 2675 821 2705 iis
837 2677 892 2706 ad-

125 2719 300 2755 miscenda,
326 2720 399 2755 459,
425 2719 509 2754 460;
541 2718 574 2748 in
596 2718 738 2758 hydrope
763 2718 892 2748 validis-

126 2762 207 2792 sima
233 2762 440 2801 requiruntur
463 2766 494 2791 et
517 2761 692 2797 celerrima,
714 2762 787 2797 458,
810 2763 891 2798 459;

124 2805 212 2835 varia
222 2804 326 2845 plura,
337 2805 415 2840 586;
440 2804 503 2834 duo
516 2804 670 2844 palmaria
685 2809 759 2834 sunt
775 2803 893 2842 elaten,

125 2852 156 2878 et
176 2848 272 2877 infus.
289 2848 371 2877 croci
391 2847 558 2883 mctallor.‚
574 2848 654 2882 461;
679 2847 895 2886 frequentiora

124 2890 157 2920 in
174 2890 474 2930 hystoricisnocent,
485 2890 562 2924 37&
588 2890 779 2930 hystericam
791 2891 891 2921 affect.

124 2943 219 2975 saepe
233 2934 380 2972 invitant,
399 2934 471 2971 376,
489 2934 550 2966 377
564 2946 571 2970 ;
594 2933 627 2964 in
643 2933 735 2964 initio
750 2943 846 2974 quare
862 2939 892 2965 et

944 282 1049 318 tenda,
1072 283 1154 317 3853
1179 281 1213 311 in
1235 289 1437 320 paroxysxno,
1461 280 1542 314 3933
1567 279 1601 309 in
1621 278 1717 309 iliaca

944 324 1090 365 passione
1111 324 1194 354 fiunt
1216 322 1360 359 emetica,
1386 323 1437 358 64,
1462 322 1532 358 195,
1550 323 1635 357 502;
1657 331 1716 361 ope

944 366 1201 408 paregoricorum
1223 365 1407 401 retinentur,
1424 365 1505 399 503;
1530 374 1586 403 pro
1608 364 1718 394 infan-

945 410 1030 440 tibus
1043 419 1124 449 quae
1133 408 1264 450 optima,
1279 409 1351 444 504,
1365 408 1426 437 505
1443 419 1450 443 ;
1465 406 1499 436 in
1509 406 1562 436 lue
1572 416 1715 444 venerea,

946 454 1026 489 319;
1050 453 1084 483 in
1109 452 1211 482 mictu
1234 450 1410 490 sanguineo
1433 459 1451 479 a
1473 449 1607 485 calculo,
1632 450 1714 486 522;

945 495 978 525 in
1001 495 1143 525 nervosis
1166 494 1345 530 affectibus,
1359 493 1441 527 495;
1466 491 1500 522 in
1516 492 1715 532 peripneum.

945 538 1052 575 notha,
1071 539 1142 573 253,
1159 538 1232 573 254,
1250 538 1332 571 555;
1354 535 1387 565 in
1410 534 1608 575 peripneum.
1631 544 1715 571 vera,

947 582 1026 616 254;
1062 581 1094 610 in
1119 579 1310 620 phrenitide,
1337 579 1396 613 583
1431 577 1464 608 in
1488 576 1668 618 phrenitide
1697 587 1717 607 a

945 623 1204 653 calefacientibus
1227 622 1366 657 inducta,
1389 622 1472 655 4943
1494 620 1528 650 in
1547 618 1717 660 pleuritide

945 665 1198 706 symptomatica,
1211 666 1269 695 231
1283 677 1290 700 ;
1313 664 1346 694 in
1359 663 1529 704 pleuritide
1539 672 1621 699 vera,
1633 663 1714 698 2503

945 709 978 739 in
999 709 1149 749 podagra,
1169 717 1273 747 neque
1297 706 1330 736 in
1349 715 1550 746 paroxysmo,
1566 715 1625 736 nec
1645 710 1717 745 post

945 761 1029 787 eum,
1041 761 1144 791 neque
1154 756 1226 781 ante
1239 751 1355 790 ipsum,
1365 748 1553 785 exhibenda,
1566 749 1645 784 4203
1660 748 1717 778 sed

946 794 972 824 si
996 794 1173 824 laudanum
1196 793 1327 833 insuper
1354 796 1545 828 assumatur,
1569 801 1634 821 non
1655 800 1714 821 no-

946 842 1028 873 cent,
1040 838 1113 873 523,
1127 838 1205 872 524;
1228 836 1311 866 inter
1326 834 1598 865 venae-sectiones
1612 843 1714 874 quan-

946 880 986 909 do
1002 879 1189 916 exhibenda,
1201 878 1280 914 4473
1298 877 1477 908 exhibenda
1487 887 1613 917 quoque
1623 886 1714 906 man-

946 932 997 959 na,
1022 922 1076 952 ubi
1100 922 1218 952 mictus
1241 920 1388 961 sanguin.
1413 920 1511 955 adest,
1537 920 1608 955 524,
1633 919 1715 956 613;

946 964 979 995 in
1002 965 1156 996 rachitide
1172 974 1211 995 ex
1226 964 1310 994 febre
1326 962 1517 999 autumnali,
1533 963 1573 993 89
1586 973 1593 998 ;
1616 961 1649 992 in
1665 969 1714 992 ra—

947 1007 1066 1038 chitide
1092 1017 1176 1044 vera,
1201 1008 1283 1042 382;
1318 1006 1352 1036 in
1379 1005 1616 1041 rheumatismo,
1643 1005 1715 1042 302,

947 1051 1008 1083 557
1023 1063 1029 1086 ;
1052 1055 1125 1091 post
1147 1050 1231 1080 diem
1259 1051 1330 1079 8V¹¹¹¹¹
1347 1049 1386 1078 ab
1401 1048 1516 1079 ultima
1529 1057 1715 1078 venae-sec-

947 1093 1031 1124 tione
1061 1092 1170 1133 qualia
1196 1091 1384 1128 exbibenda,
1416 1092 1497 1126 258;
1541 1094 1614 1130 post
1641 1088 1717 1120 3⁶⁸⁸

945 1136 1246 1172 venae-sectionem,
1285 1134 1411 1174 saepius
1443 1133 1596 1169 iteranda,
1635 1133 1715 1168 3023

946 1184 1017 1219 post
1030 1179 1255 1209 salivationem
1265 1176 1498 1212 mercurialem,
1509 1176 1543 1206 in
1556 1175 1608 1206 lue
1620 1185 1716 1206 vene-

946 1232 1008 1258 rea,
1035 1223 1118 1257 3213
1151 1222 1185 1252 in
1215 1220 1295 1251 tussi
1321 1218 1509 1250 convulsiva
1534 1228 1716 1258 puerorum,

948 1265 1028 1300 2943
1044 1265 1079 1295 in
1091 1264 1173 1295 tussi
1185 1264 1319 1304 epidem.
1331 1262 1407 1292 anni
1420 1263 1483 1298 ¹79,
1499 1262 1572 1299 294,
1586 1261 1647 1293 297
1661 1273 1668 1296 3
1683 1261 1718 1292 in

947 1311 1072 1338 tumore
1088 1306 1268 1338 abdominis
1282 1306 1406 1342 infant.,
1424 1306 1474 1341 89,
1493 1305 1565 1341 381,
1582 1305 1666 1338 382;
1683 1303 1718 1333 in

946 1349 1084 1388 various,
1105 1351 1182 1385 132;
1208 1348 1364 1388 sanguine
1384 1348 1527 1377 nondum
1541 1346 1718 1386 inquinato,

946 1393 1082 1423 variolas
1105 1393 1269 1423 distinctas
1292 1391 1438 1427 reddunt,
1462 1391 1542 1425 338;
1574 1390 1607 1420 in
1632 1389 1718 1420 vari-

947 1435 1006 1465 olis
1028 1445 1144 1473 anom.,
1160 1437 1243 1470 2233
1267 1439 1340 1475 post
1358 1433 1495 1463 variolas
1515 1432 1609 1463 confi.
1624 1442 1718 1462 cura-

949 1483 1009 1514 tas,
1026 1480 1096 1511 357.

991 1520 1145 1560 Purgatio
1161 1530 1259 1560 quare
1273 1519 1318 1549 ita
1329 1518 1506 1549 necessaria
1518 1521 1590 1558 post
1605 1517 1719 1554 febres,

948 1564 990 1594 53
1002 1575 1008 1599 ;
1033 1574 1097 1593 non
1110 1564 1156 1593 ita
1167 1562 1343 1593 necessaria
1355 1566 1426 1601 post
1436 1561 1562 1591 morbos
1575 1560 1721 1591 vernales

948 1616 984 1636 ac
1001 1611 1073 1646 post
1088 1605 1302 1641 autumnales,
1319 1606 1371 1641 52,
1389 1605 1439 1634 53.

993 1649 1059 1679 Pus
1074 1649 1107 1679 in
1125 1648 1314 1688 sanguinem
1329 1646 1490 1687 quomodo
1510 1645 1719 1683 resorbeatur,

949 1693 1011 1722 336
1023 1704 1030 1727 ;
1055 1697 1127 1732 post
1141 1691 1348 1732 pleuritidem
1363 1689 1565 1720 essentialem
1582 1688 1721 1718 thoracis

949 1745 1026 1765 cavo
1051 1735 1179 1774 quando
1201 1734 1399 1770 recondatur,
1423 1733 1504 1768 2453
1536 1731 1570 1761 in
1594 1731 1721 1761 variolis

948 1777 980 1807 in
998 1778 1189 1817 sanguinem
1205 1777 1331 1817 copiose
1353 1775 1565 1816 regurgitans,
1583 1774 1641 1804 sub
1657 1775 1721 1805 fine

948 1821 1052 1850 morbi
1067 1831 1199 1860 aegrum
1216 1819 1306 1859 quasi
1321 1819 1436 1855 obruit,
1452 1819 1525 1848 338.

991 1863 1129 1893 Pustula
1144 1863 1177 1892 in
1196 1862 1393 1902 gonorrhoea
1413 1860 1518 1896 virul.,
1534 1860 1617 1895 310;
1642 1869 1720 1899 pus-

948 1905 1036 1935 tulae
1058 1906 1091 1935 in
1114 1906 1200 1935 febre
1219 1904 1377 1944 erysipel.,
1394 1905 1476 1938 202;
1500 1902 1648 1943 pustulae
1663 1913 1719 1933 va—

948 1948 1113 1984 riolarum,
1129 1948 1184 1978 ubi
1207 1947 1306 1977 semel
1324 1952 1464 1986 eruptae,
1479 1946 1538 1975 rite
1558 1945 1720 1975 sustinen-

950 1991 1017 2027 dae,
1037 1992 1116 2026 1333
1141 1991 1167 2020 si
1188 1989 1333 2020 maculas
1354 1998 1529 2030 purpureas
1546 1987 1718 2028 intersper-

950 2044 1000 2063 sas
1016 2034 1162 2070 habeant,
1178 2033 1306 2069 lethale,
1325 2034 1384 2063 123
1400 2044 1407 2067 ;
1435 2033 1468 2062 in
1483 2030 1622 2067 variolis,
1638 2040 1718 2070 pau-

950 2086 1005 2106 cae
1020 2087 1149 2107 omnem
1167 2075 1280 2106 salutis
1296 2085 1384 2115 spem
1409 2074 1619 2110 constituunt,
1636 2075 1718 2110 3333

950 2119 1172 2160 intempestive
1187 2119 1391 2160 prodeuntes,
1410 2117 1546 2153 malum,
1562 2117 1624 2147 339
1638 2129 1645 2152 ς
1679 2126 1720 2147 ne

950 2162 1094 2202 copiosae
1114 2162 1211 2192 nimis
1231 2162 1318 2197 fiant,
1344 2160 1503 2201 quomodo
1526 2169 1718 2199 praecaven-

950 2205 1038 2241 dum,
1052 2206 1125 2241 337,
1141 2206 1200 2235 343
1213 2218 1220 2240 ς
1245 2215 1282 2235 ex
1296 2204 1411 2243 frigore
1423 2203 1523 2233 nimio
1534 2202 1720 2232 flaccescere

950 2248 1062 2284 solent,
1088 2249 1170 2283 221;
1200 2247 1367 2278 decubitus
1396 2246 1493 2277 etiam
1522 2245 1643 2275 nimius
1667 2255 1721 2275 eas

949 2291 1072 2331 pejores
1099 2290 1212 2326 reddit,
1243 2291 1324 2325 138;
1357 2290 1390 2319 in
1416 2288 1592 2319 infantibus
1621 2298 1720 2328 quare

948 2343 1042 2374 saepe
1058 2344 1120 2364 non
1144 2333 1296 2374 prodiere,
1313 2333 1395 2368 3465
1419 2332 1453 2362 in
1473 2330 1602 2361 variolis
1625 2330 1718 2361 confl.

949 2377 1025 2406 anni
1047 2377 1108 2413 70,
1130 2376 1220 2407 initio
1242 2376 1280 2406 ab
1299 2375 1487 2415 erysipelate
1509 2373 1559 2404 vel
1583 2378 1614 2404 et
1633 2383 1720 2403 mor-

950 2419 1035 2449 billis
1050 2419 1104 2449 vix
1121 2419 1392 2454 discernebantur,
1413 2419 1473 2448 190
1488 2429 1494 2452 ;
1519 2417 1720 2457 augebantur

949 2472 1006 2501 pro
1024 2463 1144 2492 ratione
1163 2461 1430 2497 calefacientium,
1448 2461 1528 2495 233;
1553 2459 1719 2490 materiem

951 2505 1078 2544 qualem
1102 2505 1298 2541 eructabant,
1324 2506 1402 2539 190;
1431 2513 1514 2533 anno
1539 2503 1591 2534 '74
1614 2502 1721 2542 nigre-

952 2548 1024 2578 dine
1040 2547 1209 2587 fuliginem
1227 2547 1416 2587 aequabant,
1436 2547 1516 2581 219;
1540 2545 1572 2575 in
1591 2544 1720 2575 variolis

952 2590 1044 2621 discr.
1061 2591 1136 2621 anni
1154 2591 1205 2622 ’70
1222 2590 1381 2630 quomodo
1397 2590 1436 2620 ab
1452 2589 1491 2619 iis
1512 2588 1638 2628 generis
1654 2588 1719 2618 dis-

952 2633 1031 2664 creti
1064 2633 1262 2673 regularium
1297 2632 1603 2667 ‹listerminarentur,
1636 2632 1718 2667 1893

951 2676 1062 2716 nigrae
1085 2676 1196 2706 itidem
1219 2676 1337 2706 fiebant
1358 2675 1470 2706 diebus
1493 2674 1628 2710 ultimis,
1647 2674 1721 2711 189,

955 2720 1034 2755 19ος
1055 2729 1138 2750 anno
1154 2720 1207 2751 ’74
1227 2729 1346 2759 paucae
1365 2718 1419 2749 ubi
1435 2722 1534 2753 erant,
1550 2727 1614 2747 non
1629 2722 1721 2747 erant

951 2762 1089 2792 minores
1112 2772 1208 2802 quam
1232 2762 1264 2792 in
1288 2762 1359 2792 aliis
1380 2761 1559 2802 generibus,
1575 2764 1607 2790 et
1624 2759 1721 2790 raris-

951 2805 1031 2835 sime
1055 2805 1175 2845 nigrae,
1201 2806 1280 2841 219;
1311 2805 1345 2835 in
1367 2803 1497 2835 variolis
1519 2803 1620 2843 ngul.
1643 2803 1719 2833 sub-

951 2848 1071 2878 ssavum
1094 2848 1233 2878 colorem
1262 2847 1451 2878 naturaliter
1477 2846 1607 2883 habent,
1640 2847 1719 2881 128;

952 2891 1161 2930 nigredinem,
1172 2891 1255 2931 quod
1269 2896 1451 2931 symptoma
1465 2889 1649 2920 anomalum
1662 2894 1722 2925 est,

952 2934 985 2965 in
1009 2934 1194 2965 summitate
1217 2934 1389 2976 aliquando
1418 2933 1546 2971 habent,
1573 2934 1653 2977 128;
1672 2932 1722 2976 vin
