<?xml version="1.0" encoding="UTF-8"?>
<!DOCTYPE html PUBLIC "-//W3C//DTD XHTML 1.0 Transitional//EN"
    "http://www.w3.org/TR/xhtml1/DTD/xhtml1-transitional.dtd">
<html xmlns="http://www.w3.org/1999/xhtml" xml:lang="en" lang="en">
 <head>
  <title>
</title>
<meta http-equiv="Content-Type" content="text/html;charset=utf-8" />
  <meta name='ocr-system' content='tesseract 3.04.00' />
  <meta name='ocr-capabilities' content='ocr_page ocr_carea ocr_par ocr_line ocrx_word'/>
</head>
<body>
  <div class='ocr_page' id='page_1' title='image "./thomaesydenhammd00sydeuoft_0040.png"; bbox 0 0 1985 3308; ppageno 0'>
   <div class='ocr_carea' id='block_1_1' title="bbox 202 266 384 382">
    <p class='ocr_par' dir='ltr' id='par_1_1' title="bbox 202 266 384 382">
     <span class='ocr_line' id='line_1_1' title="bbox 202 266 378 296; baseline 0.006 -1"><span class='ocrx_word' id='word_1_1' title='bbox 202 266 378 296; x_wconf 61' lang='lat' dir='ltr'><em>Emsrom</em></span> 
     </span>
     <span class='ocr_line' id='line_1_2' title="bbox 205 308 377 340; baseline 0.012 -3"><span class='ocrx_word' id='word_1_2' title='bbox 205 308 377 340; x_wconf 65' lang='lat' dir='ltr'><strong>DsschT.</strong></span> 
     </span>
     <span class='ocr_line' id='line_1_3' title="bbox 203 351 384 382; baseline 0.017 -3"><span class='ocrx_word' id='word_1_3' title='bbox 203 351 264 380; x_wconf 78' lang='lat' dir='ltr'><em>En.</em></span> <span class='ocrx_word' id='word_1_4' title='bbox 279 352 384 382; x_wconf 74' lang='lat' dir='ltr'>TERT.</span> 
     </span>
    </p>
   </div>
   <div class='ocr_carea' id='block_1_2' title="bbox 403 151 1446 194">
    <p class='ocr_par' dir='ltr' id='par_1_2' title="bbox 403 151 1446 194">
     <span class='ocr_line' id='line_1_4' title="bbox 403 151 1446 194; baseline 0 -2"><span class='ocrx_word' id='word_1_5' title='bbox 403 154 432 192; x_wconf 82' lang='lat'><strong>4</strong></span> <span class='ocrx_word' id='word_1_6' title='bbox 813 152 1070 194; x_wconf 84' lang='lat' dir='ltr'>THOMAE</span> <span class='ocrx_word' id='word_1_7' title='bbox 1105 151 1446 193; x_wconf 88' lang='lat' dir='ltr'>SYDENHAM</span> 
     </span>
    </p>
   </div>
   <div class='ocr_carea' id='block_1_3' title="bbox 391 257 1867 1121">
    <p class='ocr_par' dir='ltr' id='par_1_3' title="bbox 391 257 1867 1121">
     <span class='ocr_line' id='line_1_5' title="bbox 404 257 1864 312; baseline -0.002 -14"><span class='ocrx_word' id='word_1_8' title='bbox 404 272 512 299; x_wconf 88' lang='lat' dir='ltr'><em>mum</em></span> <span class='ocrx_word' id='word_1_9' title='bbox 541 259 585 299; x_wconf 87' lang='lat' dir='ltr'><em>in</em></span> <span class='ocrx_word' id='word_1_10' title='bbox 606 259 776 312; x_wconf 89' lang='lat' dir='ltr'><em>publica</em></span> <span class='ocrx_word' id='word_1_11' title='bbox 809 260 1016 300; x_wconf 91' lang='lat' dir='ltr'><em>commoda</em></span> <span class='ocrx_word' id='word_1_12' title='bbox 1053 260 1257 308; x_wconf 80' lang='lat' dir='ltr'><em>cesserint,</em></span> <span class='ocrx_word' id='word_1_13' title='bbox 1286 259 1349 298; x_wconf 86' lang='lat' dir='ltr'><em>illi</em></span> <span class='ocrx_word' id='word_1_14' title='bbox 1376 261 1499 311; x_wconf 74' lang='lat' dir='ltr'><em>yrato</em></span> <span class='ocrx_word' id='word_1_15' title='bbox 1532 257 1666 297; x_wconf 85' lang='lat' dir='ltr'><em>animo</em></span> <span class='ocrx_word' id='word_1_16' title='bbox 1699 262 1864 308; x_wconf 81' lang='lat' dir='ltr'><em>accepta</em></span> 
     </span>
     <span class='ocr_line' id='line_1_6' title="bbox 403 324 1866 381; baseline -0.003 -14"><span class='ocrx_word' id='word_1_17' title='bbox 403 326 616 379; x_wconf 88' lang='lat' dir='ltr'><em>reserenda</em></span> <span class='ocrx_word' id='word_1_18' title='bbox 637 331 766 376; x_wconf 88' lang='lat' dir='ltr'><em>erunt,</em></span> <span class='ocrx_word' id='word_1_19' title='bbox 790 341 865 380; x_wconf 85' lang='lat' dir='ltr'><em>quo</em></span> <span class='ocrx_word' id='word_1_20' title='bbox 878 331 1112 378; x_wconf 79' lang='lat' dir='ltr'><em>promotore</em></span> <span class='ocrx_word' id='word_1_21' title='bbox 1133 331 1255 381; x_wconf 87' lang='lat' dir='ltr'><em>atque</em></span> <span class='ocrx_word' id='word_1_22' title='bbox 1283 327 1445 378; x_wconf 76' lang='lat' dir='ltr'><strong><em>auspice</em></strong></span> <span class='ocrx_word' id='word_1_23' title='bbox 1465 339 1512 365; x_wconf 89' lang='lat' dir='ltr'><em>ea</em></span> <span class='ocrx_word' id='word_1_24' title='bbox 1532 324 1670 364; x_wconf 86' lang='lat' dir='ltr'><em>studia</em></span> <span class='ocrx_word' id='word_1_25' title='bbox 1682 324 1866 376; x_wconf 82' lang='lat' dir='ltr'><em>primum</em></span> 
     </span>
     <span class='ocr_line' id='line_1_7' title="bbox 401 391 1864 447; baseline -0.003 -13"><span class='ocrx_word' id='word_1_26' title='bbox 401 408 490 434; x_wconf 86' lang='lat' dir='ltr'><em>sum</em></span> <span class='ocrx_word' id='word_1_27' title='bbox 512 408 739 447; x_wconf 66' lang='lat' dir='ltr'><em>aqqressus.</em></span> <span class='ocrx_word' id='word_1_28' title='bbox 781 396 883 434; x_wconf 90' lang='lat' dir='ltr'><em>Post</em></span> <span class='ocrx_word' id='word_1_29' title='bbox 905 408 1030 434; x_wconf 87' lang='lat' dir='ltr'><em>annos</em></span> <span class='ocrx_word' id='word_1_30' title='bbox 1052 395 1207 446; x_wconf 76' lang='lat' dir='ltr'><em>aliquot</em></span> <span class='ocrx_word' id='word_1_31' title='bbox 1227 395 1270 433; x_wconf 88' lang='lat' dir='ltr'><em>in</em></span> <span class='ocrx_word' id='word_1_32' title='bbox 1290 395 1511 433; x_wconf 80' lang='lat' dir='ltr'><em>Palaestra</em></span> <span class='ocrx_word' id='word_1_33' title='bbox 1533 392 1782 432; x_wconf 83' lang='lat' dir='ltr'><em>Academica</em></span> <span class='ocrx_word' id='word_1_34' title='bbox 1802 391 1864 431; x_wconf 88' lang='lat' dir='ltr'><em>in-</em></span> 
     </span>
     <span class='ocr_line' id='line_1_8' title="bbox 400 461 1865 515; baseline -0.002 -13"><span class='ocrx_word' id='word_1_35' title='bbox 400 467 593 515; x_wconf 85' lang='lat' dir='ltr'><em>sumptos,</em></span> <span class='ocrx_word' id='word_1_36' title='bbox 607 463 837 502; x_wconf 88' lang='lat' dir='ltr'><em>Londinum</em></span> <span class='ocrx_word' id='word_1_37' title='bbox 854 476 1048 511; x_wconf 78' lang='lat' dir='ltr'><em>reversus,</em></span> <span class='ocrx_word' id='word_1_38' title='bbox 1067 463 1125 501; x_wconf 88' lang='lat' dir='ltr'><em>ad</em></span> <span class='ocrx_word' id='word_1_39' title='bbox 1134 463 1311 502; x_wconf 73' lang='lat' dir='ltr'><em>Praoeim</em></span> <span class='ocrx_word' id='word_1_40' title='bbox 1323 462 1532 501; x_wconf 76' lang='lat' dir='ltr'><em>Medicam</em></span> <span class='ocrx_word' id='word_1_41' title='bbox 1549 461 1726 506; x_wconf 89' lang='lat' dir='ltr'><em>accessi,·</em></span> <span class='ocrx_word' id='word_1_42' title='bbox 1744 472 1865 512; x_wconf 88' lang='lat' dir='ltr'><em>quam</em></span> 
     </span>
     <span class='ocr_line' id='line_1_9' title="bbox 401 528 1866 582; baseline -0.002 -13"><span class='ocrx_word' id='word_1_43' title='bbox 401 544 490 569; x_wconf 91' lang='lat' dir='ltr'><em>cum</em></span> <span class='ocrx_word' id='word_1_44' title='bbox 511 532 664 570; x_wconf 86' lang='lat' dir='ltr'><em>intento</em></span> <span class='ocrx_word' id='word_1_45' title='bbox 687 531 903 570; x_wconf 85' lang='lat' dir='ltr'><em>admodum</em></span> <span class='ocrx_word' id='word_1_46' title='bbox 923 531 1036 570; x_wconf 87' lang='lat' dir='ltr'><em>oculo</em></span> <span class='ocrx_word' id='word_1_47' title='bbox 1058 531 1241 582; x_wconf 86' lang='lat' dir='ltr'><em>omnique</em></span> <span class='ocrx_word' id='word_1_48' title='bbox 1269 530 1451 569; x_wconf 85' lang='lat' dir='ltr'><em>adhibita</em></span> <span class='ocrx_word' id='word_1_49' title='bbox 1474 529 1688 581; x_wconf 72' lang='lat' dir='ltr'><em>diliqentia</em></span> <span class='ocrx_word' id='word_1_50' title='bbox 1709 528 1866 568; x_wconf 87' lang='lat' dir='ltr'><em>curiose</em></span> 
     </span>
     <span class='ocr_line' id='line_1_10' title="bbox 401 595 1867 649; baseline -0.002 -12"><span class='ocrx_word' id='word_1_51' title='bbox 401 599 665 648; x_wconf 71' lang='lat' dir='ltr'><em>observarem,</em></span> <span class='ocrx_word' id='word_1_52' title='bbox 703 612 798 638; x_wconf 75' lang='lat' dir='ltr'><em>moa’</em></span> <span class='ocrx_word' id='word_1_53' title='bbox 837 599 879 637; x_wconf 85' lang='lat' dir='ltr'><em>in</em></span> <span class='ocrx_word' id='word_1_54' title='bbox 919 611 1008 638; x_wconf 89' lang='lat' dir='ltr'><em>eam</em></span> <span class='ocrx_word' id='word_1_55' title='bbox 1046 599 1136 637; x_wconf 73' lang='lat' dir='ltr'><em>veni</em></span> <span class='ocrx_word' id='word_1_56' title='bbox 1176 598 1429 646; x_wconf 86' lang='lat' dir='ltr'><em>sententiam,</em></span> <span class='ocrx_word' id='word_1_57' title='bbox 1467 597 1584 649; x_wconf 90' lang='lat' dir='ltr'><em>(quae</em></span> <span class='ocrx_word' id='word_1_58' title='bbox 1615 609 1769 636; x_wconf 86' lang='lat' dir='ltr'><em>mecum</em></span> <span class='ocrx_word' id='word_1_59' title='bbox 1809 595 1867 634; x_wconf 85' lang='lat' dir='ltr'><em>ad</em></span> 
     </span>
     <span class='ocr_line' id='line_1_11' title="bbox 400 663 1865 717; baseline -0.002 -12"><span class='ocrx_word' id='word_1_60' title='bbox 400 666 637 705; x_wconf 87' lang='lat' dir='ltr'><em>hodiernum</em></span> <span class='ocrx_word' id='word_1_61' title='bbox 660 679 783 717; x_wconf 88' lang='lat' dir='ltr'><em>usque</em></span> <span class='ocrx_word' id='word_1_62' title='bbox 804 666 909 705; x_wconf 87' lang='lat' dir='ltr'><em>diem</em></span> <span class='ocrx_word' id='word_1_63' title='bbox 931 666 1085 717; x_wconf 79' lang='lat' dir='ltr'><em>crevit,)</em></span> <span class='ocrx_word' id='word_1_64' title='bbox 1111 667 1216 704; x_wconf 87' lang='lat' dir='ltr'><em>hanc</em></span> <span class='ocrx_word' id='word_1_65' title='bbox 1235 666 1389 704; x_wconf 86' lang='lat' dir='ltr'><em>scilicet</em></span> <span class='ocrx_word' id='word_1_66' title='bbox 1409 666 1555 704; x_wconf 84' lang='lat' dir='ltr'><em>Artem</em></span> <span class='ocrx_word' id='word_1_67' title='bbox 1576 664 1690 703; x_wconf 89' lang='lat' dir='ltr'><em>haud</em></span> <span class='ocrx_word' id='word_1_68' title='bbox 1713 663 1865 702; x_wconf 87' lang='lat' dir='ltr'><em>rectius</em></span> 
     </span>
     <span class='ocr_line' id='line_1_12' title="bbox 392 732 1862 785; baseline -0.001 -13"><span class='ocrx_word' id='word_1_69' title='bbox 392 734 707 784; x_wconf 76' lang='lat' dir='ltr'><em>perdiscendam</em></span> <span class='ocrx_word' id='word_1_70' title='bbox 738 747 833 782; x_wconf 86' lang='lat' dir='ltr'><em>esse,</em></span> <span class='ocrx_word' id='word_1_71' title='bbox 858 747 978 785; x_wconf 90' lang='lat' dir='ltr'><em>quam</em></span> <span class='ocrx_word' id='word_1_72' title='bbox 1009 733 1060 771; x_wconf 90' lang='lat' dir='ltr'><em>ab</em></span> <span class='ocrx_word' id='word_1_73' title='bbox 1091 733 1219 784; x_wconf 89' lang='lat' dir='ltr'><em>ipsius</em></span> <span class='ocrx_word' id='word_1_74' title='bbox 1239 733 1359 771; x_wconf 81' lang='lat' dir='ltr'><em>Artis</em></span> <span class='ocrx_word' id='word_1_75' title='bbox 1389 732 1583 771; x_wconf 73' lang='lat' dir='ltr'><em>ea&#39;ercitio</em></span> <span class='ocrx_word' id='word_1_76' title='bbox 1612 735 1732 783; x_wconf 89' lang='lat' dir='ltr'><em>atque</em></span> <span class='ocrx_word' id='word_1_77' title='bbox 1757 743 1862 777; x_wconf 82' lang='lat' dir='ltr'><em>usu,-</em></span> 
     </span>
     <span class='ocr_line' id='line_1_13' title="bbox 399 798 1864 854; baseline -0.001 -15"><span class='ocrx_word' id='word_1_78' title='bbox 399 814 571 854; x_wconf 71' lang='lat' dir='ltr'><em>veroque</em></span> <span class='ocrx_word' id='word_1_79' title='bbox 592 801 807 840; x_wconf 88' lang='lat' dir='ltr'><em>admodum</em></span> <span class='ocrx_word' id='word_1_80' title='bbox 828 813 912 839; x_wconf 90' lang='lat' dir='ltr'><em>esse</em></span> <span class='ocrx_word' id='word_1_81' title='bbox 932 800 1076 849; x_wconf 87' lang='lat' dir='ltr'><em>simile,</em></span> <span class='ocrx_word' id='word_1_82' title='bbox 1101 800 1210 851; x_wconf 85' lang='lat' dir='ltr'><em>quod</em></span> <span class='ocrx_word' id='word_1_83' title='bbox 1227 800 1295 851; x_wconf 87' lang='lat' dir='ltr'><em>qui</em></span> <span class='ocrx_word' id='word_1_84' title='bbox 1321 799 1379 838; x_wconf 92' lang='lat' dir='ltr'><em>ad</em></span> <span class='ocrx_word' id='word_1_85' title='bbox 1403 799 1613 838; x_wconf 87' lang='lat' dir='ltr'><em>naturalia</em></span> <span class='ocrx_word' id='word_1_86' title='bbox 1633 798 1864 838; x_wconf 83' lang='lat' dir='ltr'><em>morborum</em></span> 
     </span>
     <span class='ocr_line' id='line_1_14' title="bbox 391 865 1862 918; baseline -0.001 -12"><span class='ocrx_word' id='word_1_87' title='bbox 391 869 672 918; x_wconf 87' lang='lat' dir='ltr'><em>phaenomena</em></span> <span class='ocrx_word' id='word_1_88' title='bbox 704 868 838 907; x_wconf 91' lang='lat' dir='ltr'><em>oculos</em></span> <span class='ocrx_word' id='word_1_89' title='bbox 869 867 1124 918; x_wconf 89' lang='lat' dir='ltr'><em>animumque</em></span> <span class='ocrx_word' id='word_1_90' title='bbox 1151 867 1458 905; x_wconf 78' lang='lat' dir='ltr'><em>accuratissime</em></span> <span class='ocrx_word' id='word_1_91' title='bbox 1488 867 1740 918; x_wconf 74' lang='lat' dir='ltr'><em>maximeque</em></span> <span class='ocrx_word' id='word_1_92' title='bbox 1768 865 1862 905; x_wconf 86' lang='lat' dir='ltr'><em>dili-</em></span> 
     </span>
     <span class='ocr_line' id='line_1_15' title="bbox 393 933 1863 985; baseline 0 -12"><span class='ocrx_word' id='word_1_93' title='bbox 393 938 538 985; x_wconf 68' lang='lat' dir='ltr'><em>¹(lenter</em></span> <span class='ocrx_word' id='word_1_94' title='bbox 558 935 794 983; x_wconf 68' lang='lat' dir='ltr'><em>adverterit,</em></span> <span class='ocrx_word' id='word_1_95' title='bbox 817 935 859 973; x_wconf 86' lang='lat' dir='ltr'><em>in</em></span> <span class='ocrx_word' id='word_1_96' title='bbox 887 934 1095 973; x_wconf 86' lang='lat' dir='ltr'><em>eliciendis</em></span> <span class='ocrx_word' id='word_1_97' title='bbox 1120 934 1316 973; x_wconf 76' lang='lat' dir='ltr'><em>curativis</em></span> <span class='ocrx_word' id='word_1_98' title='bbox 1346 933 1663 973; x_wconf 84' lang='lat' dir='ltr'><em>indicationibus</em></span> <span class='ocrx_word' id='word_1_99' title='bbox 1685 933 1793 973; x_wconf 86' lang='lat' dir='ltr'><em>veris</em></span> <span class='ocrx_word' id='word_1_100' title='bbox 1813 947 1863 974; x_wconf 87' lang='lat' dir='ltr'><em>ac</em></span> 
     </span>
     <span class='ocr_line' id='line_1_16' title="bbox 393 1001 1863 1054; baseline 0.001 -14"><span class='ocrx_word' id='word_1_101' title='bbox 393 1002 581 1053; x_wconf 70' lang='lat' dir='ltr'><em>yenuinis</em></span> <span class='ocrx_word' id='word_1_102' title='bbox 602 1003 777 1041; x_wconf 67' lang='lat' dir='ltr'><em>maoeime</em></span> <span class='ocrx_word' id='word_1_103' title='bbox 788 1002 947 1053; x_wconf 89' lang='lat' dir='ltr'><em>pollere</em></span> <span class='ocrx_word' id='word_1_104' title='bbox 964 1002 1118 1041; x_wconf 90' lang='lat' dir='ltr'><em>debeat.</em></span> <span class='ocrx_word' id='word_1_105' title='bbox 1161 1002 1272 1041; x_wconf 85' lang='lat' dir='ltr'><em>Huic</em></span> <span class='ocrx_word' id='word_1_106' title='bbox 1292 1002 1430 1054; x_wconf 83' lang='lat' dir='ltr'><em>itaque</em></span> <span class='ocrx_word' id='word_1_107' title='bbox 1451 1014 1512 1041; x_wconf 90' lang='lat' dir='ltr'><em>me</em></span> <span class='ocrx_word' id='word_1_108' title='bbox 1527 1001 1712 1041; x_wconf 76' lang='lat' dir='ltr'><em>methodo</em></span> <span class='ocrx_word' id='word_1_109' title='bbox 1734 1004 1863 1042; x_wconf 88' lang='lat' dir='ltr'><em>totum</em></span> 
     </span>
     <span class='ocr_line' id='line_1_17' title="bbox 399 1069 1848 1121; baseline 0 -13"><span class='ocrx_word' id='word_1_110' title='bbox 399 1069 568 1118; x_wconf 86' lang='lat' dir='ltr'><em>tradidi,</em></span> <span class='ocrx_word' id='word_1_111' title='bbox 589 1070 693 1108; x_wconf 89' lang='lat' dir='ltr'><em>satis</em></span> <span class='ocrx_word' id='word_1_112' title='bbox 712 1082 888 1119; x_wconf 86' lang='lat' dir='ltr'><em>securus,</em></span> <span class='ocrx_word' id='word_1_113' title='bbox 912 1069 1029 1121; x_wconf 90' lang='lat' dir='ltr'><em>quod,</em></span> <span class='ocrx_word' id='word_1_114' title='bbox 1052 1069 1261 1109; x_wconf 76' lang='lat' dir='ltr'><em>Naturam</em></span> <span class='ocrx_word' id='word_1_115' title='bbox 1281 1070 1318 1108; x_wconf 86' lang='lat' dir='ltr'><em>si</em></span> <span class='ocrx_word' id='word_1_116' title='bbox 1338 1082 1526 1121; x_wconf 89' lang='lat' dir='ltr'><em>sequerer</em></span> <span class='ocrx_word' id='word_1_117' title='bbox 1547 1069 1701 1119; x_wconf 86' lang='lat' dir='ltr'><em>ducem,</em></span> <span class='ocrx_word' id='word_1_118' title='bbox 1723 1069 1848 1108; x_wconf 88' lang='lat' dir='ltr'><em>etiam</em></span> 
     </span>
    </p>
   </div>
   <div class='ocr_carea' id='block_1_4' title="bbox 571 1150 1508 1241">
    <p class='ocr_par' dir='ltr' id='par_1_4' title="bbox 571 1150 1508 1241">
     <span class='ocr_line' id='line_1_18' title="bbox 571 1150 1336 1188; baseline 0.001 -11"><span class='ocrx_word' id='word_1_119' title='bbox 571 1150 590 1164; x_wconf 88' lang='lat'><strong>“</strong></span> <span class='ocrx_word' id='word_1_120' title='bbox 603 1150 682 1177; x_wconf 77' lang='lat' dir='ltr'><em>Avia</em></span> <span class='ocrx_word' id='word_1_121' title='bbox 699 1153 849 1178; x_wconf 82' lang='lat' dir='ltr'><em>terrarum</em></span> <span class='ocrx_word' id='word_1_122' title='bbox 861 1159 1032 1188; x_wconf 81' lang='lat' dir='ltr'><em>peragrans</em></span> <span class='ocrx_word' id='word_1_123' title='bbox 1047 1150 1122 1185; x_wconf 83' lang='lat' dir='ltr'><em>loca,</em></span> <span class='ocrx_word' id='word_1_124' title='bbox 1139 1150 1252 1178; x_wconf 83' lang='lat' dir='ltr'><em>nullius</em></span> <span class='ocrx_word' id='word_1_125' title='bbox 1266 1153 1336 1178; x_wconf 81' lang='lat' dir='ltr'><em>ante</em></span> 
     </span>
     <span class='ocr_line' id='line_1_19' title="bbox 606 1200 1508 1241; baseline 0.001 -10"><span class='ocrx_word' id='word_1_126' title='bbox 606 1203 693 1232; x_wconf 79' lang='lat' dir='ltr'><em>Trita</em></span> <span class='ocrx_word' id='word_1_127' title='bbox 709 1200 996 1240; x_wconf 79' lang='lat' dir='ltr'><em>solo‚·’—[Lucret.</em></span> <span class='ocrx_word' id='word_1_128' title='bbox 1014 1203 1062 1232; x_wconf 86' lang='lat' dir='ltr'><em>De</em></span> <span class='ocrx_word' id='word_1_129' title='bbox 1074 1203 1145 1232; x_wconf 86' lang='lat' dir='ltr'><em>Rer.</em></span> <span class='ocrx_word' id='word_1_130' title='bbox 1164 1203 1239 1232; x_wconf 78' lang='lat' dir='ltr'><em>Nat.</em></span> <span class='ocrx_word' id='word_1_131' title='bbox 1257 1202 1275 1231; x_wconf 84' lang='lat' dir='ltr'><em>i.</em></span> <span class='ocrx_word' id='word_1_132' title='bbox 1294 1202 1374 1232; x_wconf 84' lang='lat'>925:</span> <span class='ocrx_word' id='word_1_133' title='bbox 1400 1202 1441 1232; x_wconf 85' lang='lat' dir='ltr'><em>iv.</em></span> <span class='ocrx_word' id='word_1_134' title='bbox 1462 1200 1508 1241; x_wconf 91' lang='grc'><em>1.]</em></span> 
     </span>
    </p>
   </div>
   <div class='ocr_carea' id='block_1_5' title="bbox 386 1271 1864 2615">
    <p class='ocr_par' dir='ltr' id='par_1_5' title="bbox 386 1271 1864 2615">
     <span class='ocr_line' id='line_1_20' title="bbox 398 1271 1863 1324; baseline 0.001 -14"><span class='ocrx_word' id='word_1_135' title='bbox 398 1285 594 1323; x_wconf 78' lang='lat' dir='ltr'><em>nusquam</em></span> <span class='ocrx_word' id='word_1_136' title='bbox 618 1272 683 1311; x_wconf 75' lang='lat' dir='ltr'><em>rel</em></span> <span class='ocrx_word' id='word_1_137' title='bbox 711 1272 837 1311; x_wconf 88' lang='lat' dir='ltr'><em>latum</em></span> <span class='ocrx_word' id='word_1_138' title='bbox 864 1285 1036 1324; x_wconf 61' lang='lat' dir='ltr'><em>unguem</em></span> <span class='ocrx_word' id='word_1_139' title='bbox 1066 1285 1091 1311; x_wconf 91' lang='lat' dir='ltr'><em>a</em></span> <span class='ocrx_word' id='word_1_140' title='bbox 1120 1276 1231 1311; x_wconf 89' lang='lat' dir='ltr'><em>recto</em></span> <span class='ocrx_word' id='word_1_141' title='bbox 1259 1273 1424 1312; x_wconf 87' lang='lat' dir='ltr'><em>tramite</em></span> <span class='ocrx_word' id='word_1_142' title='bbox 1452 1271 1710 1312; x_wconf 86' lang='lat' dir='ltr'><em>discederem.</em></span> <span class='ocrx_word' id='word_1_143' title='bbox 1770 1272 1863 1312; x_wconf 93' lang='lat' dir='ltr'><em>Hoc</em></span> 
     </span>
     <span class='ocr_line' id='line_1_21' title="bbox 397 1338 1860 1391; baseline 0.001 -13"><span class='ocrx_word' id='word_1_144' title='bbox 397 1353 459 1379; x_wconf 92' lang='lat' dir='ltr'><em>me</em></span> <span class='ocrx_word' id='word_1_145' title='bbox 483 1338 560 1391; x_wconf 88' lang='lat' dir='ltr'><em>filo</em></span> <span class='ocrx_word' id='word_1_146' title='bbox 595 1352 749 1391; x_wconf 70' lang='lat' dir='ltr'><em>reqens,</em></span> <span class='ocrx_word' id='word_1_147' title='bbox 778 1340 916 1391; x_wconf 89' lang='lat' dir='ltr'><em>primo</em></span> <span class='ocrx_word' id='word_1_148' title='bbox 953 1339 1008 1379; x_wconf 87' lang='lat' dir='ltr'><em>ad</em></span> <span class='ocrx_word' id='word_1_149' title='bbox 1039 1342 1285 1391; x_wconf 79' lang='lat' dir='ltr'><em>pressiorem</em></span> <span class='ocrx_word' id='word_1_150' title='bbox 1318 1338 1506 1379; x_wconf 88' lang='lat' dir='ltr'><em>Febrium</em></span> <span class='ocrx_word' id='word_1_151' title='bbox 1541 1340 1860 1380; x_wconf 81' lang='lat' dir='ltr'><em>observationem</em></span> 
     </span>
     <span class='ocr_line' id='line_1_22' title="bbox 398 1407 1863 1459; baseline 0.001 -14"><span class='ocrx_word' id='word_1_152' title='bbox 398 1407 576 1445; x_wconf 86' lang='lat' dir='ltr'><em>animum</em></span> <span class='ocrx_word' id='word_1_153' title='bbox 604 1407 755 1458; x_wconf 77' lang='lat' dir='ltr'><em>appuli,</em></span> <span class='ocrx_word' id='word_1_154' title='bbox 778 1411 829 1456; x_wconf 87' lang='lat' dir='ltr'><em>et,</em></span> <span class='ocrx_word' id='word_1_155' title='bbox 843 1411 941 1459; x_wconf 92' lang='lat' dir='ltr'><em>post</em></span> <span class='ocrx_word' id='word_1_156' title='bbox 972 1408 1207 1447; x_wconf 76' lang='lat' dir='ltr'><em>devoratum</em></span> <span class='ocrx_word' id='word_1_157' title='bbox 1237 1408 1350 1447; x_wconf 89' lang='lat' dir='ltr'><em>haud</em></span> <span class='ocrx_word' id='word_1_158' title='bbox 1377 1407 1577 1447; x_wconf 86' lang='lat' dir='ltr'><em>mediocre</em></span> <span class='ocrx_word' id='word_1_159' title='bbox 1607 1407 1800 1457; x_wconf 87' lang='lat' dir='ltr'><em>taedium,</em></span> <span class='ocrx_word' id='word_1_160' title='bbox 1822 1411 1863 1447; x_wconf 85' lang='lat' dir='ltr'><em>et</em></span> 
     </span>
     <span class='ocr_line' id='line_1_23' title="bbox 398 1476 1861 1530; baseline 0.003 -16"><span class='ocrx_word' id='word_1_161' title='bbox 398 1476 702 1515; x_wconf 89' lang='lat' dir='ltr'><em>molestissimas</em></span> <span class='ocrx_word' id='word_1_162' title='bbox 733 1476 878 1515; x_wconf 83' lang='lat' dir='ltr'><em>mentis</em></span> <span class='ocrx_word' id='word_1_163' title='bbox 908 1477 1164 1528; x_wconf 72' lang='lat' dir='ltr'><em>ayitationes,</em></span> <span class='ocrx_word' id='word_1_164' title='bbox 1197 1477 1339 1529; x_wconf 89' lang='lat' dir='ltr'><em>quibus</em></span> <span class='ocrx_word' id='word_1_165' title='bbox 1371 1491 1432 1517; x_wconf 90' lang='lat' dir='ltr'><em>me</em></span> <span class='ocrx_word' id='word_1_166' title='bbox 1462 1478 1520 1517; x_wconf 89' lang='lat' dir='ltr'><em>ad</em></span> <span class='ocrx_word' id='word_1_167' title='bbox 1549 1491 1676 1518; x_wconf 88' lang='lat' dir='ltr'><em>annos</em></span> <span class='ocrx_word' id='word_1_168' title='bbox 1706 1478 1861 1530; x_wconf 83' lang='lat' dir='ltr'><em>aliquot</em></span> 
     </span>
     <span class='ocr_line' id='line_1_24' title="bbox 387 1542 1862 1598; baseline 0.003 -17"><span class='ocrx_word' id='word_1_169' title='bbox 387 1542 654 1595; x_wconf 71' lang='lat' dir='ltr'><em>fatiqandum</em></span> <span class='ocrx_word' id='word_1_170' title='bbox 685 1544 871 1594; x_wconf 82' lang='lat' dir='ltr'><em>permisi,</em></span> <span class='ocrx_word' id='word_1_171' title='bbox 915 1544 1078 1583; x_wconf 88' lang='lat' dir='ltr'><em>tandem</em></span> <span class='ocrx_word' id='word_1_172' title='bbox 1117 1545 1160 1584; x_wconf 88' lang='lat' dir='ltr'><em>in</em></span> <span class='ocrx_word' id='word_1_173' title='bbox 1200 1545 1430 1585; x_wconf 74' lang='lat' dir='ltr'><em>methodum</em></span> <span class='ocrx_word' id='word_1_174' title='bbox 1470 1546 1597 1585; x_wconf 88' lang='lat' dir='ltr'><em>incidi</em></span> <span class='ocrx_word' id='word_1_175' title='bbox 1637 1559 1717 1598; x_wconf 88' lang='lat' dir='ltr'><em>qua</em></span> <span class='ocrx_word' id='word_1_176' title='bbox 1756 1546 1862 1586; x_wconf 86' lang='lat' dir='ltr'><em>istae</em></span> 
     </span>
     <span class='ocr_line' id='line_1_25' title="bbox 390 1611 1861 1665; baseline 0.003 -16"><span class='ocrx_word' id='word_1_177' title='bbox 390 1614 558 1661; x_wconf 78' lang='lat' dir='ltr'><em>possent</em></span> <span class='ocrx_word' id='word_1_178' title='bbox 592 1611 759 1656; x_wconf 87' lang='lat' dir='ltr'><em>sanari;</em></span> <span class='ocrx_word' id='word_1_179' title='bbox 811 1625 931 1663; x_wconf 86' lang='lat' dir='ltr'><em>quam</em></span> <span class='ocrx_word' id='word_1_180' title='bbox 971 1612 1106 1661; x_wconf 84' lang='lat' dir='ltr'><em>etiam,</em></span> <span class='ocrx_word' id='word_1_181' title='bbox 1144 1613 1288 1652; x_wconf 90' lang='lat' dir='ltr'><em>amicis</em></span> <span class='ocrx_word' id='word_1_182' title='bbox 1317 1612 1622 1665; x_wconf 64' lang='lat' dir='ltr'><em>flagitantibus,</em></span> <span class='ocrx_word' id='word_1_183' title='bbox 1655 1614 1700 1653; x_wconf 88' lang='lat' dir='ltr'><em>in</em></span> <span class='ocrx_word' id='word_1_184' title='bbox 1733 1614 1861 1654; x_wconf 86' lang='lat' dir='ltr'><em>lucem</em></span> 
     </span>
     <span class='ocr_line' id='line_1_26' title="bbox 394 1679 1860 1733; baseline 0.003 -16"><span class='ocrx_word' id='word_1_185' title='bbox 394 1679 659 1729; x_wconf 81' lang='lat' dir='ltr'><em>promendam</em></span> <span class='ocrx_word' id='word_1_186' title='bbox 676 1679 952 1730; x_wconf 85' lang='lat' dir='ltr'><em>jamdudumb</em></span> <span class='ocrx_word' id='word_1_187' title='bbox 982 1680 1172 1719; x_wconf 86' lang='lat' dir='ltr'><em>concessi.</em></span> <span class='ocrx_word' id='word_1_188' title='bbox 1238 1681 1337 1720; x_wconf 85' lang='lat' dir='ltr'><em>Cum</em></span> <span class='ocrx_word' id='word_1_189' title='bbox 1372 1695 1464 1721; x_wconf 74' lang='lat' dir='ltr'><em>cero</em></span> <span class='ocrx_word' id='word_1_190' title='bbox 1497 1681 1548 1721; x_wconf 91' lang='lat' dir='ltr'><em>ab</em></span> <span class='ocrx_word' id='word_1_191' title='bbox 1580 1682 1650 1721; x_wconf 89' lang='lat' dir='ltr'><em>illo</em></span> <span class='ocrx_word' id='word_1_192' title='bbox 1684 1685 1860 1733; x_wconf 85' lang='lat' dir='ltr'><em>tempore</em></span> 
     </span>
     <span class='ocr_line' id='line_1_27' title="bbox 400 1745 1861 1800; baseline 0.003 -17"><span class='ocrx_word' id='word_1_193' title='bbox 400 1758 523 1784; x_wconf 78' lang='lat' dir='ltr'><em>noras</em></span> <span class='ocrx_word' id='word_1_194' title='bbox 548 1745 736 1785; x_wconf 87' lang='lat' dir='ltr'><em>Febrium</em></span> <span class='ocrx_word' id='word_1_195' title='bbox 768 1747 932 1797; x_wconf 90' lang='lat' dir='ltr'><em>species,</em></span> <span class='ocrx_word' id='word_1_196' title='bbox 963 1747 1063 1786; x_wconf 86' lang='lat' dir='ltr'><em>mihi</em></span> <span class='ocrx_word' id='word_1_197' title='bbox 1095 1748 1288 1787; x_wconf 85' lang='lat' dir='ltr'><em>hactenus</em></span> <span class='ocrx_word' id='word_1_198' title='bbox 1318 1749 1558 1800; x_wconf 67' lang='lat' dir='ltr'><em>incoqnitas,</em></span> <span class='ocrx_word' id='word_1_199' title='bbox 1584 1748 1663 1788; x_wconf 89' lang='lat' dir='ltr'><em>sibi</em></span> <span class='ocrx_word' id='word_1_200' title='bbox 1693 1749 1861 1788; x_wconf 86' lang='lat' dir='ltr'><em>invicem</em></span> 
     </span>
     <span class='ocr_line' id='line_1_28' title="bbox 386 1813 1864 1868; baseline 0.003 -17"><span class='ocrx_word' id='word_1_201' title='bbox 386 1813 549 1864; x_wconf 74' lang='lat' dir='ltr'><em>juqiter</em></span> <span class='ocrx_word' id='word_1_202' title='bbox 577 1814 830 1853; x_wconf 84' lang='lat' dir='ltr'><em>succedentes</em></span> <span class='ocrx_word' id='word_1_203' title='bbox 865 1815 1233 1864; x_wconf 69' lang='lat' dir='ltr'><em>animadverterim,</em></span> <span class='ocrx_word' id='word_1_204' title='bbox 1264 1816 1393 1855; x_wconf 88' lang='lat' dir='ltr'><em>statui</em></span> <span class='ocrx_word' id='word_1_205' title='bbox 1428 1816 1540 1867; x_wconf 89' lang='lat' dir='ltr'><em>apud</em></span> <span class='ocrx_word' id='word_1_206' title='bbox 1566 1829 1640 1866; x_wconf 90' lang='lat' dir='ltr'><em>me,</em></span> <span class='ocrx_word' id='word_1_207' title='bbox 1673 1829 1775 1868; x_wconf 91' lang='lat' dir='ltr'><em>quae</em></span> <span class='ocrx_word' id='word_1_208' title='bbox 1805 1817 1864 1856; x_wconf 86' lang='lat' dir='ltr'><em>ad</em></span> 
     </span>
     <span class='ocr_line' id='line_1_29' title="bbox 400 1881 1860 1937; baseline 0.003 -18"><span class='ocrx_word' id='word_1_209' title='bbox 400 1893 469 1919; x_wconf 84' lang='lat' dir='ltr'><em>eas</em></span> <span class='ocrx_word' id='word_1_210' title='bbox 490 1881 753 1932; x_wconf 84' lang='lat' dir='ltr'><em>pertinebant</em></span> <span class='ocrx_word' id='word_1_211' title='bbox 782 1883 955 1933; x_wconf 70' lang='lat' dir='ltr'><em>sinyula,</em></span> <span class='ocrx_word' id='word_1_212' title='bbox 984 1883 1048 1922; x_wconf 76' lang='lat' dir='ltr'><em>vel</em></span> <span class='ocrx_word' id='word_1_213' title='bbox 1075 1883 1126 1922; x_wconf 82' lang='lat' dir='ltr'><em>ah</em></span> <span class='ocrx_word' id='word_1_214' title='bbox 1156 1883 1305 1922; x_wconf 89' lang='lat' dir='ltr'><em>eisdem</em></span> <span class='ocrx_word' id='word_1_215' title='bbox 1325 1884 1572 1936; x_wconf 85' lang='lat' dir='ltr'><em>pendebant,</em></span> <span class='ocrx_word' id='word_1_216' title='bbox 1593 1897 1749 1924; x_wconf 87' lang='lat' dir='ltr'><em>summa</em></span> <span class='ocrx_word' id='word_1_217' title='bbox 1780 1898 1860 1937; x_wconf 90' lang='lat' dir='ltr'><em>qua</em></span> 
     </span>
     <span class='ocr_line' id='line_1_30' title="bbox 391 1949 1859 2005; baseline 0.003 -18"><span class='ocrx_word' id='word_1_218' title='bbox 391 1961 551 1999; x_wconf 89' lang='lat' dir='ltr'><em>possem</em></span> <span class='ocrx_word' id='word_1_219' title='bbox 583 1949 794 2001; x_wconf 69' lang='lat' dir='ltr'><em>diliyentia</em></span> <span class='ocrx_word' id='word_1_220' title='bbox 825 1951 868 1989; x_wconf 86' lang='lat' dir='ltr'><em>in</em></span> <span class='ocrx_word' id='word_1_221' title='bbox 898 1964 1020 1990; x_wconf 88' lang='lat' dir='ltr'><em>unum</em></span> <span class='ocrx_word' id='word_1_222' title='bbox 1050 1964 1288 2003; x_wconf 74' lang='lat' dir='ltr'><em>conqerere;</em></span> <span class='ocrx_word' id='word_1_223' title='bbox 1340 1965 1416 2004; x_wconf 87' lang='lat' dir='ltr'><em>quo</em></span> <span class='ocrx_word' id='word_1_224' title='bbox 1447 1953 1610 1992; x_wconf 87' lang='lat' dir='ltr'><em>tandem</em></span> <span class='ocrx_word' id='word_1_225' title='bbox 1639 1953 1859 2005; x_wconf 86' lang='lat' dir='ltr'><em>aliquando</em></span> 
     </span>
     <span class='ocr_line' id='line_1_31' title="bbox 392 2017 1861 2073; baseline 0.005 -19"><span class='ocrx_word' id='word_1_226' title='bbox 392 2017 551 2067; x_wconf 85' lang='lat' dir='ltr'><em>prioris</em></span> <span class='ocrx_word' id='word_1_227' title='bbox 571 2017 700 2069; x_wconf 86' lang='lat' dir='ltr'><em>coepti</em></span> <span class='ocrx_word' id='word_1_228' title='bbox 720 2018 798 2056; x_wconf 87' lang='lat' dir='ltr'><em>mei</em></span> <span class='ocrx_word' id='word_1_229' title='bbox 819 2019 1056 2058; x_wconf 84' lang='lat' dir='ltr'><em>tenuitatem</em></span> <span class='ocrx_word' id='word_1_230' title='bbox 1084 2023 1204 2071; x_wconf 86' lang='lat' dir='ltr'><em>atque</em></span> <span class='ocrx_word' id='word_1_231' title='bbox 1231 2021 1442 2072; x_wconf 76' lang='lat' dir='ltr'><em>anqustias</em></span> <span class='ocrx_word' id='word_1_232' title='bbox 1459 2021 1588 2073; x_wconf 87' lang='lat' dir='ltr'><em>paulo</em></span> <span class='ocrx_word' id='word_1_233' title='bbox 1610 2021 1861 2061; x_wconf 81' lang='lat' dir='ltr'><em>accuratiori</em></span> 
     </span>
     <span class='ocr_line' id='line_1_32' title="bbox 399 2084 1856 2140; baseline 0.005 -18"><span class='ocrx_word' id='word_1_234' title='bbox 399 2097 448 2122; x_wconf 86' lang='lat' dir='ltr'><em>ac</em></span> <span class='ocrx_word' id='word_1_235' title='bbox 469 2085 599 2136; x_wconf 59' lang='lat' dir='ltr'><em>massis</em></span> <span class='ocrx_word' id='word_1_236' title='bbox 629 2084 814 2124; x_wconf 86' lang='lat' dir='ltr'><em>absoluta</em></span> <span class='ocrx_word' id='word_1_237' title='bbox 845 2086 987 2125; x_wconf 87' lang='lat' dir='ltr'><em>horum</em></span> <span class='ocrx_word' id='word_1_238' title='bbox 1017 2086 1246 2126; x_wconf 86' lang='lat' dir='ltr'><em>morborum</em></span> <span class='ocrx_word' id='word_1_239' title='bbox 1276 2088 1450 2128; x_wconf 87' lang='lat' dir='ltr'><em>historia</em></span> <span class='ocrx_word' id='word_1_240' title='bbox 1471 2102 1650 2140; x_wconf 87' lang='lat' dir='ltr'><em>pensare</em></span> <span class='ocrx_word' id='word_1_241' title='bbox 1669 2090 1856 2129; x_wconf 82' lang='lat' dir='ltr'><em>valerem.</em></span> 
     </span>
     <span class='ocr_line' id='line_1_33' title="bbox 399 2151 1859 2208; baseline 0.005 -19"><span class='ocrx_word' id='word_1_242' title='bbox 399 2151 484 2190; x_wconf 83' lang='lat' dir='ltr'><em>Sed</em></span> <span class='ocrx_word' id='word_1_243' title='bbox 517 2152 611 2190; x_wconf 87' lang='lat' dir='ltr'><em>dum</em></span> <span class='ocrx_word' id='word_1_244' title='bbox 645 2152 744 2191; x_wconf 86' lang='lat' dir='ltr'><em>haec</em></span> <span class='ocrx_word' id='word_1_245' title='bbox 781 2153 916 2192; x_wconf 87' lang='lat' dir='ltr'><em>animo</em></span> <span class='ocrx_word' id='word_1_246' title='bbox 951 2167 1167 2204; x_wconf 76' lang='lat' dir='ltr'><em>versarem,</em></span> <span class='ocrx_word' id='word_1_247' title='bbox 1204 2158 1325 2207; x_wconf 88' lang='lat' dir='ltr'><em>atque</em></span> <span class='ocrx_word' id='word_1_248' title='bbox 1359 2156 1598 2208; x_wconf 73' lang='lat' dir='ltr'><em>indayarem</em></span> <span class='ocrx_word' id='word_1_249' title='bbox 1631 2156 1782 2206; x_wconf 82' lang='lat' dir='ltr'><em>sedulo,</em></span> <span class='ocrx_word' id='word_1_250' title='bbox 1819 2160 1859 2196; x_wconf 87' lang='lat' dir='ltr'><em>et</em></span> 
     </span>
     <span class='ocr_line' id='line_1_34' title="bbox 388 2221 1856 2276; baseline 0.003 -17"><span class='ocrx_word' id='word_1_251' title='bbox 388 2221 564 2271; x_wconf 87' lang='lat' dir='ltr'><em>proinde</em></span> <span class='ocrx_word' id='word_1_252' title='bbox 572 2221 667 2273; x_wconf 84' lang='lat' dir='ltr'><em>jam</em></span> <span class='ocrx_word' id='word_1_253' title='bbox 687 2222 730 2260; x_wconf 85' lang='lat' dir='ltr'><em>in</em></span> <span class='ocrx_word' id='word_1_254' title='bbox 751 2234 794 2261; x_wconf 91' lang='lat' dir='ltr'><em>eo</em></span> <span class='ocrx_word' id='word_1_255' title='bbox 817 2225 924 2261; x_wconf 90' lang='lat' dir='ltr'><em>totus</em></span> <span class='ocrx_word' id='word_1_256' title='bbox 945 2236 1069 2263; x_wconf 90' lang='lat' dir='ltr'><em>essem</em></span> <span class='ocrx_word' id='word_1_257' title='bbox 1090 2227 1135 2263; x_wconf 92' lang='lat' dir='ltr'><em>ut</em></span> <span class='ocrx_word' id='word_1_258' title='bbox 1154 2237 1235 2275; x_wconf 88' lang='lat' dir='ltr'><em>pro</em></span> <span class='ocrx_word' id='word_1_259' title='bbox 1256 2223 1496 2276; x_wconf 88' lang='lat' dir='ltr'><em>multifariis</em></span> <span class='ocrx_word' id='word_1_260' title='bbox 1515 2225 1706 2265; x_wconf 87' lang='lat' dir='ltr'><em>Naturae</em></span> <span class='ocrx_word' id='word_1_261' title='bbox 1725 2229 1856 2264; x_wconf 91' lang='lat' dir='ltr'><em>muta-</em></span> 
     </span>
     <span class='ocr_line' id='line_1_35' title="bbox 398 2288 1858 2344; baseline 0.004 -18"><span class='ocrx_word' id='word_1_262' title='bbox 398 2288 572 2327; x_wconf 87' lang='lat' dir='ltr'><em>tionibus</em></span> <span class='ocrx_word' id='word_1_263' title='bbox 602 2292 640 2328; x_wconf 91' lang='lat' dir='ltr'><em>et</em></span> <span class='ocrx_word' id='word_1_264' title='bbox 667 2290 850 2328; x_wconf 71' lang='lat' dir='ltr'><em>versatili</em></span> <span class='ocrx_word' id='word_1_265' title='bbox 878 2291 1036 2342; x_wconf 71' lang='lat' dir='ltr'><em>inqenio</em></span> <span class='ocrx_word' id='word_1_266' title='bbox 1067 2291 1251 2331; x_wconf 90' lang='lat' dir='ltr'><em>medendi</em></span> <span class='ocrx_word' id='word_1_267' title='bbox 1282 2292 1522 2341; x_wconf 79' lang='lat' dir='ltr'><em>methodum,</em></span> <span class='ocrx_word' id='word_1_268' title='bbox 1549 2305 1620 2331; x_wconf 86' lang='lat' dir='ltr'><em>ceu</em></span> <span class='ocrx_word' id='word_1_269' title='bbox 1645 2292 1858 2344; x_wconf 66' lang='lat' dir='ltr'><em>yladiumc</em></span> 
     </span>
     <span class='ocr_line' id='line_1_36' title="bbox 397 2356 1857 2410; baseline 0.003 -14"><span class='ocrx_word' id='word_1_270' title='bbox 397 2356 651 2407; x_wconf 85' lang='lat' dir='ltr'><em>Delphicum,</em></span> <span class='ocrx_word' id='word_1_271' title='bbox 669 2358 939 2408; x_wconf 86' lang='lat' dir='ltr'><em>procuderem</em></span> <span class='ocrx_word' id='word_1_272' title='bbox 960 2358 1142 2398; x_wconf 87' lang='lat' dir='ltr'><em>omnibus</em></span> <span class='ocrx_word' id='word_1_273' title='bbox 1163 2372 1336 2410; x_wconf 89' lang='lat' dir='ltr'><em>parem;</em></span> <span class='ocrx_word' id='word_1_274' title='bbox 1367 2360 1510 2399; x_wconf 87' lang='lat' dir='ltr'><em>statim</em></span> <span class='ocrx_word' id='word_1_275' title='bbox 1530 2359 1658 2399; x_wconf 89' lang='lat' dir='ltr'><em>didici</em></span> <span class='ocrx_word' id='word_1_276' title='bbox 1678 2373 1740 2400; x_wconf 91' lang='lat' dir='ltr'><em>me</em></span> <span class='ocrx_word' id='word_1_277' title='bbox 1766 2360 1857 2401; x_wconf 88' lang='lat' dir='ltr'><em>ideo</em></span> 
     </span>
     <span class='ocr_line' id='line_1_37' title="bbox 398 2425 1855 2481; baseline 0.005 -21"><span class='ocrx_word' id='word_1_278' title='bbox 398 2426 553 2462; x_wconf 82' lang='lat' dir='ltr'><em>tantum</em></span> <span class='ocrx_word' id='word_1_279' title='bbox 580 2425 785 2475; x_wconf 86' lang='lat' dir='ltr'><em>aperuisse</em></span> <span class='ocrx_word' id='word_1_280' title='bbox 815 2425 961 2474; x_wconf 89' lang='lat' dir='ltr'><em>oculos,</em></span> <span class='ocrx_word' id='word_1_281' title='bbox 983 2430 1028 2465; x_wconf 90' lang='lat' dir='ltr'><em>ut</em></span> <span class='ocrx_word' id='word_1_282' title='bbox 1046 2426 1216 2477; x_wconf 80' lang='lat' dir='ltr'><em>pulvere</em></span> <span class='ocrx_word' id='word_1_283' title='bbox 1240 2427 1568 2479; x_wconf 86' lang='lat' dir='ltr'><em>(haudquaquam</em></span> <span class='ocrx_word' id='word_1_284' title='bbox 1593 2440 1686 2468; x_wconf 88' lang='lat' dir='ltr'><em>vero</em></span> <span class='ocrx_word' id='word_1_285' title='bbox 1709 2427 1855 2481; x_wconf 86' lang='lat' dir='ltr'><em>Olym-</em></span> 
     </span>
     <span class='ocr_line' id='line_1_38' title="bbox 397 2489 1857 2547; baseline 0.004 -18"><span class='ocrx_word' id='word_1_286' title='bbox 397 2490 489 2542; x_wconf 87' lang='lat' dir='ltr'><em>pico</em></span> <span class='ocrx_word' id='word_1_287' title='bbox 502 2489 549 2542; x_wconf 83' lang='lat'><em>‘¹,)</em></span> <span class='ocrx_word' id='word_1_288' title='bbox 586 2492 708 2531; x_wconf 87' lang='lat' dir='ltr'><em>iidem</em></span> <span class='ocrx_word' id='word_1_289' title='bbox 738 2493 1043 2544; x_wconf 80' lang='lat' dir='ltr'><em>complerentur,</em></span> <span class='ocrx_word' id='word_1_290' title='bbox 1070 2497 1190 2546; x_wconf 87' lang='lat' dir='ltr'><em>atque</em></span> <span class='ocrx_word' id='word_1_291' title='bbox 1219 2494 1283 2533; x_wconf 88' lang='lat' dir='ltr'><em>his</em></span> <span class='ocrx_word' id='word_1_292' title='bbox 1313 2494 1484 2546; x_wconf 87' lang='lat' dir='ltr'><em>quidem,</em></span> <span class='ocrx_word' id='word_1_293' title='bbox 1507 2495 1673 2547; x_wconf 87' lang='lat' dir='ltr'><em>proprii</em></span> <span class='ocrx_word' id='word_1_294' title='bbox 1703 2495 1857 2535; x_wconf 82' lang='lat' dir='ltr'><em>cerebri</em></span> 
     </span>
     <span class='ocr_line' id='line_1_39' title="bbox 390 2558 1857 2615; baseline 0.005 -19"><span class='ocrx_word' id='word_1_295' title='bbox 390 2558 698 2609; x_wconf 73' lang='lat' dir='ltr'><em>phantasmata,</em></span> <span class='ocrx_word' id='word_1_296' title='bbox 734 2560 830 2610; x_wconf 90' lang='lat' dir='ltr'><em>illis,</em></span> <span class='ocrx_word' id='word_1_297' title='bbox 867 2561 1020 2600; x_wconf 88' lang='lat' dir='ltr'><em>nullum</em></span> <span class='ocrx_word' id='word_1_298' title='bbox 1060 2574 1121 2600; x_wconf 88' lang='lat' dir='ltr'><em>me</em></span> <span class='ocrx_word' id='word_1_299' title='bbox 1147 2574 1322 2613; x_wconf 87' lang='lat' dir='ltr'><em>prorsus</em></span> <span class='ocrx_word' id='word_1_300' title='bbox 1356 2561 1504 2602; x_wconf 86' lang='lat' dir='ltr'><em>habere</em></span> <span class='ocrx_word' id='word_1_301' title='bbox 1543 2562 1695 2613; x_wconf 89' lang='lat' dir='ltr'><em>ducem,</em></span> <span class='ocrx_word' id='word_1_302' title='bbox 1727 2563 1857 2615; x_wconf 88' lang='lat' dir='ltr'><em>plane</em></span> 
     </span>
    </p>
   </div>
   <div class='ocr_carea' id='block_1_6' title="bbox 399 2696 1855 2942">
    <p class='ocr_par' dir='ltr' id='par_1_6' title="bbox 399 2696 1855 2942">
     <span class='ocr_line' id='line_1_40' title="bbox 444 2696 1852 2742; baseline 0.004 -17"><span class='ocrx_word' id='word_1_303' title='bbox 444 2696 456 2713; x_wconf 70' lang='lat'><em>&#39;¹</em></span> <span class='ocrx_word' id='word_1_304' title='bbox 480 2697 678 2739; x_wconf 77' lang='lat' dir='ltr'><em>jannludum]</em></span> <span class='ocrx_word' id='word_1_305' title='bbox 712 2710 753 2729; x_wconf 67' lang='lat' dir='ltr'><em>sc.</em></span> <span class='ocrx_word' id='word_1_306' title='bbox 785 2711 868 2731; x_wconf 76' lang='lat' dir='ltr'><em>anno</em></span> <span class='ocrx_word' id='word_1_307' title='bbox 901 2701 1004 2737; x_wconf 63' lang='lat'>1666„</span> <span class='ocrx_word' id='word_1_308' title='bbox 1035 2712 1098 2742; x_wconf 83' lang='lat' dir='ltr'><em>quo</em></span> <span class='ocrx_word' id='word_1_309' title='bbox 1159 2702 1304 2740; x_wconf 76' lang='lat' dir='ltr'><em>(Erasmi</em></span> <span class='ocrx_word' id='word_1_310' title='bbox 1327 2704 1430 2742; x_wconf 80' lang='lat' dir='ltr'><em>Adng.</em></span> <span class='ocrx_word' id='word_1_311' title='bbox 1455 2702 1528 2732; x_wconf 86' lang='lat' dir='ltr'><em>chil.</em></span> <span class='ocrx_word' id='word_1_312' title='bbox 1553 2702 1584 2733; x_wconf 83' lang='lat' dir='ltr'><em>ii.</em></span> <span class='ocrx_word' id='word_1_313' title='bbox 1611 2706 1692 2732; x_wconf 79' lang='lat' dir='ltr'><em>cent.</em></span> <span class='ocrx_word' id='word_1_314' title='bbox 1715 2702 1744 2732; x_wconf 85' lang='lat'><em>3.</em></span> <span class='ocrx_word' id='word_1_315' title='bbox 1763 2711 1852 2742; x_wconf 89' lang='lat' dir='ltr'><em>prov.</em></span> 
     </span>
     <span class='ocr_line' id='line_1_41' title="bbox 400 2738 1538 2783; baseline 0.006 -16"><span class='ocrx_word' id='word_1_316' title='bbox 400 2738 497 2777; x_wconf 70' lang='lat' dir='ltr'><em>hujus</em></span> <span class='ocrx_word' id='word_1_317' title='bbox 524 2741 626 2779; x_wconf 71' lang='lat' dir='ltr'><em>operis</em></span> <span class='ocrx_word' id='word_1_318' title='bbox 652 2743 766 2780; x_wconf 72' lang='lat' dir='ltr'><em>prodiit</em></span> <span class='ocrx_word' id='word_1_319' title='bbox 791 2744 838 2773; x_wconf 79' lang='lat' dir='ltr'><em>ed.</em></span> <span class='ocrx_word' id='word_1_320' title='bbox 870 2745 924 2773; x_wconf 65' lang='lat'>1¹¹¹*</span> <span class='ocrx_word' id='word_1_321' title='bbox 948 2755 1021 2774; x_wconf 83' lang='lat' dir='ltr'><em>cum</em></span> <span class='ocrx_word' id='word_1_322' title='bbox 1049 2745 1095 2775; x_wconf 86' lang='lat' dir='ltr'><em>tit.</em></span> <span class='ocrx_word' id='word_1_323' title='bbox 1157 2746 1225 2783; x_wconf 73' lang='lat'>69.)</span> <span class='ocrx_word' id='word_1_324' title='bbox 1245 2745 1292 2775; x_wconf 87' lang='lat' dir='ltr'><em>Cf.</em></span> <span class='ocrx_word' id='word_1_325' title='bbox 1310 2746 1365 2775; x_wconf 83' lang='lat' dir='ltr'><em>ins.</em></span> <span class='ocrx_word' id='word_1_326' title='bbox 1383 2746 1422 2775; x_wconf 81' lang='lat' dir='ltr'><em>iv.</em></span> <span class='ocrx_word' id='word_1_327' title='bbox 1441 2746 1470 2775; x_wconf 81' lang='lat'><em>3.</em></span> <span class='ocrx_word' id='word_1_328' title='bbox 1491 2747 1538 2774; x_wconf 77' lang='lat'><em>14.</em></span> 
     </span>
     <span class='ocr_line' id='line_1_42' title="bbox 401 2782 1855 2827; baseline 0.005 -18"><span class='ocrx_word' id='word_1_329' title='bbox 401 2782 558 2810; x_wconf 60' lang='lat' dir='ltr'><em>Meslmdus</em></span> <span class='ocrx_word' id='word_1_330' title='bbox 579 2784 712 2813; x_wconf 81' lang='lat' dir='ltr'><em>Curamli</em></span> <span class='ocrx_word' id='word_1_331' title='bbox 736 2786 847 2815; x_wconf 59' lang='lat' dir='ltr'><em>Febrem·</em></span> <span class='ocrx_word' id='word_1_332' title='bbox 872 2787 1014 2825; x_wconf 81' lang='lat' dir='ltr'><em>Propriis</em></span> <span class='ocrx_word' id='word_1_333' title='bbox 1035 2789 1095 2817; x_wconf 87' lang='lat' dir='ltr'><em>Ob·</em></span> <span class='ocrx_word' id='word_1_334' title='bbox 1199 2785 1212 2804; x_wconf 85' lang='lat'><em>‘¹</em></span> <span class='ocrx_word' id='word_1_335' title='bbox 1239 2787 1410 2827; x_wconf 67' lang='lat' dir='ltr'><em>Olympico]</em></span> <span class='ocrx_word' id='word_1_336' title='bbox 1445 2787 1559 2817; x_wconf 82' lang='lat' dir='ltr'><em>“Sunt</em></span> <span class='ocrx_word' id='word_1_337' title='bbox 1589 2796 1669 2823; x_wconf 83' lang='lat' dir='ltr'><em>quos</em></span> <span class='ocrx_word' id='word_1_338' title='bbox 1697 2786 1855 2816; x_wconf 77' lang='lat' dir='ltr'><em>curriculo</em></span> 
     </span>
     <span class='ocr_line' id='line_1_43' title="bbox 399 2821 1852 2870; baseline 0.006 -20"><span class='ocrx_word' id='word_1_339' title='bbox 399 2826 613 2853; x_wconf 74' lang='lat' dir='ltr'><em>serrationibus</em></span> <span class='ocrx_word' id='word_1_340' title='bbox 630 2829 849 2863; x_wconf 68' lang='lat' dir='ltr'><em>Snpvrstrurta.</em></span> <span class='ocrx_word' id='word_1_341' title='bbox 1156 2821 1320 2869; x_wconf 68' lang='lat' dir='ltr'><em>pulverem</em></span> <span class='ocrx_word' id='word_1_342' title='bbox 1343 2830 1551 2870; x_wconf 82' lang='lat' dir='ltr'><em>Olympicum</em></span> <span class='ocrx_word' id='word_1_343' title='bbox 1571 2828 1576 2869; x_wconf 84' lang='grc'>1</span> <span class='ocrx_word' id='word_1_344' title='bbox 1598 2828 1772 2868; x_wconf 79' lang='lat' dir='ltr'><em>Collegisse</em></span> <span class='ocrx_word' id='word_1_345' title='bbox 1797 2829 1852 2868; x_wconf 90' lang='lat' dir='ltr'><em>ju-</em></span> 
     </span>
     <span class='ocr_line' id='line_1_44' title="bbox 444 2868 1604 2910; baseline 0.007 -17"><span class='ocrx_word' id='word_1_346' title='bbox 444 2869 455 2881; x_wconf 78' lang='lat' dir='ltr'>c</span> <span class='ocrx_word' id='word_1_347' title='bbox 481 2868 498 2879; x_wconf 85' lang='lat'><em>‘¹</em></span> <span class='ocrx_word' id='word_1_348' title='bbox 510 2868 637 2895; x_wconf 81' lang='lat' dir='ltr'><em>Gladius</em></span> <span class='ocrx_word' id='word_1_349' title='bbox 655 2869 818 2905; x_wconf 46' lang='lat' dir='ltr'><em>Delphicus</em></span> <span class='ocrx_word' id='word_1_350' title='bbox 835 2871 872 2899; x_wconf 77' lang='lat' dir='ltr'><em>(le</em></span> <span class='ocrx_word' id='word_1_351' title='bbox 889 2880 920 2899; x_wconf 85' lang='lat' dir='ltr'><em>re</em></span> <span class='ocrx_word' id='word_1_352' title='bbox 935 2870 1098 2900; x_wconf 77' lang='lat' dir='ltr'><em>dicebatur</em></span> <span class='ocrx_word' id='word_1_353' title='bbox 1157 2874 1241 2901; x_wconf 76' lang='lat' dir='ltr'><em>vat.&#39;&#39;</em></span> <span class='ocrx_word' id='word_1_354' title='bbox 1263 2872 1390 2910; x_wconf 81' lang='lat' dir='ltr'><em>(Horat.</em></span> <span class='ocrx_word' id='word_1_355' title='bbox 1411 2874 1465 2902; x_wconf 81' lang='lat' dir='ltr'><em>Od.</em></span> <span class='ocrx_word' id='word_1_356' title='bbox 1483 2873 1502 2901; x_wconf 86' lang='lat' dir='ltr'><em>i.</em></span> <span class='ocrx_word' id='word_1_357' title='bbox 1520 2872 1540 2901; x_wconf 68' lang='grc' dir='ltr'><em>ἲ.</em></span> <span class='ocrx_word' id='word_1_358' title='bbox 1558 2872 1604 2910; x_wconf 87' lang='grc'><em>3.)</em></span> 
     </span>
     <span class='ocr_line' id='line_1_45' title="bbox 401 2907 1095 2942; baseline 0.012 -8"><span class='ocrx_word' id='word_1_359' title='bbox 401 2907 439 2935; x_wconf 83' lang='lat' dir='ltr'><em>ad</em></span> <span class='ocrx_word' id='word_1_360' title='bbox 484 2907 622 2936; x_wconf 72' lang='lat' dir='ltr'><em>diversos</em></span> <span class='ocrx_word' id='word_1_361' title='bbox 671 2919 749 2938; x_wconf 54' lang='lat' dir='ltr'><em>usu«</em></span> <span class='ocrx_word' id='word_1_362' title='bbox 800 2913 1095 2942; x_wconf 52' lang='lat' dir='ltr'><em>accommodamus·</em></span> 
     </span>
    </p>
   </div>
  </div>
 </body>
</html>
