1985 3308
416 138 502 178 574
827 137 1083 178 THOMAE
1117 138 1362 179 SYDENH
1369 139 1462 179 AM

212 255 265 285 DE
276 255 394 285 Μιοτυ
419 258 537 283 mum
567 244 734 295 invitat,
767 244 839 298 qui
875 244 963 285 fere
993 259 1080 284 non
1113 244 1269 284 desinit
1301 244 1385 284 nisi
1418 244 1591 285 Calculo
1621 244 1667 284 in
1697 244 1879 284 vesicam

226 299 379 328 SAxcm-

225 350 304 377 Νεο,
323 342 381 371 δῖε.

210 944 370 984 Dysente-

210 987 273 1017 riae
290 989 342 1017 de-

209 1031 344 1071 scriptio

211 2449 380 2479 emmo.

416 311 600 352 detruso.
663 312 773 352 Cum
802 312 860 352 sic
892 326 934 352 se
966 326 1032 351 res
1069 311 1236 361 habeat,
1269 311 1438 352 nullum
1470 316 1534 352 est
1566 311 1702 365 magis
1733 312 1879 352 efficax

414 380 651 421 remedium
677 395 804 434 quam
833 394 1039 433 aquarum
1068 379 1418 433 chalybeatarum
1445 381 1620 434 potatio.
1685 379 1813 422 Quod
1843 379 1878 420 si

415 448 659 488 Calculosus
673 447 791 487 nullo
805 461 995 499 unquam
1008 460 1260 500 paroxysmo
1274 446 1511 500 nephritico
1523 446 1652 487 fuerit
1669 450 1876 496 tentatus,

414 529 511 556 cum
540 516 630 569 jam
651 516 786 568 major
808 515 861 554 sit
884 514 1082 554 Calculus
1111 528 1240 567 quam
1266 514 1338 568 qui
1363 528 1415 555 ex
1447 515 1557 568 pelvi
1587 514 1720 568 possit
1752 513 1875 563 elabi,

415 583 665 623 devitandae
688 587 787 622 sunt
810 596 944 635 aquae
964 582 1138 622 ferreae.

977 736 1102 776 CAP.
1137 734 1309 776 XXII.d

693 843 756 883 De
776 844 1037 895 Dysenteria,
1060 844 1306 893 Diarrlcoea,
1329 847 1367 884 et
1394 843 1595 884 Tenesmo.

473 933 673 972 Rmmwe
694 933 956 986 horrentque
969 951 980 983 3
1004 933 1197 987 sequitur
1213 933 1366 974 deinde
1386 934 1520 974 totius
1542 933 1728 987 corporis
1749 934 1875 985 calor,

414 1016 539 1056 quem
575 1002 692 1042 brevi
727 1002 944 1056 excipiunt
974 1003 1135 1043 ventris
1168 1003 1367 1053 tormina,
1399 1008 1441 1044 et
1477 1003 1581 1043 haec
1618 1002 1876 1056 dejectiones

412 1072 584 1113 crebrae
615 1078 658 1113 et
688 1086 886 1113 mucosae
918 1087 1078 1123 omnes,
1113 1073 1211 1126 (nisi
1242 1072 1355 1126 quod
1386 1078 1643 1113 stercorosae
1674 1085 1876 1112 nonnun-
1933 1121 1935 1124 v

413 1155 541 1194 quam
571 1140 932 1194 interponantur,)
958 1155 1056 1181 cum
1086 1140 1255 1194 ingenti
1284 1140 1476 1181 cruciatu
1506 1145 1548 1181 et
1578 1139 1878 1180 molestissimo
1929 1158 1935 1163 ·

410 1210 623 1250 viscerum
650 1209 846 1250 omnium
881 1208 1003 1262 quasi
1031 1208 1238 1249 descensu
1270 1209 1434 1262 quoties
1464 1214 1718 1250 exoneratur
1743 1208 1874 1259 alvus,

413 1277 633 1330 sanguinis
662 1277 836 1317 interim
857 1276 1129 1318 lineamentis
1160 1277 1429 1327 intertextae,
1451 1277 1551 1317 licet
1573 1275 1802 1330 aliquando
1821 1289 1878 1317 ne

412 1346 643 1386 minimum
665 1347 886 1400 sanguinis
907 1361 982 1401 per
1009 1352 1150 1388 totum
1170 1346 1308 1388 morbi
1330 1346 1557 1387 decursum
1579 1346 1876 1388 admisceatur.

412 1415 646 1466 Progressu
677 1414 815 1455 morbi
847 1415 1021 1468 sanguis
1053 1416 1241 1456 sincerus
1273 1415 1528 1469 quandoque
1559 1415 1812 1466 excernitur,
1835 1418 1878 1456 et

412 1496 656 1534 gangraena
686 1482 913 1523 insanabili
947 1484 1192 1524 afficiuntur
1221 1483 1438 1523 intestina.
1504 1483 1549 1523 Si
1580 1497 1704 1536 aeger
1735 1487 1874 1524 aetate

411 1550 571 1600 floreat,
594 1550 659 1591 vel
690 1551 891 1591 cardiacis
922 1551 1162 1602 incalescat,
1195 1551 1409 1592 febricitat
1441 1551 1697 1601 admodum,
1728 1551 1878 1605 lingua

412 1622 474 1658 est
509 1618 743 1667 subalbida,
779 1619 962 1672 quadam
1003 1620 1260 1673 mucilagine
1302 1619 1431 1660 dense
1471 1619 1622 1669 obsita,
1655 1619 1874 1660 interdum

411 1686 535 1739 nigra
571 1692 613 1726 et
650 1686 768 1727 sicca.
833 1687 1172 1728 Prosternuntur
1211 1687 1333 1737 vires,
1373 1686 1634 1740 dissipantur
1675 1687 1847 1741 spiritus
1864 1705 1875 1737 ;
1940 1735 1941 1738 Ἴ

412 1753 596 1807 aphthae
627 1755 802 1809 insuper
829 1756 912 1796 oris
944 1756 1116 1797 interna
1136 1756 1363 1809 faucesque
1394 1755 1606 1806 obsident,
1629 1757 1874 1809 praesertim
1930 1791 1931 1794 ,

411 1822 486 1863 ubi
516 1823 719 1864 materiae
744 1824 958 1877 peccantis
981 1824 1199 1865 evacuatio
1222 1823 1588 1876 adstringentibus
1609 1829 1877 1878 praepostere

410 1891 654 1944 impeditur,
689 1907 778 1933 non
813 1897 961 1933 exacto
998 1907 1072 1947 per
1109 1892 1342 1933 cathartica
1377 1891 1514 1932 morbi
1550 1892 1712 1933 fomite.
1785 1893 1876 1934 Ali-

412 1960 594 2013 quando,
628 1960 827 2001 exulante
859 1961 987 2011 febre,
1021 1975 1173 2015 agmen
1209 1961 1371 2001 ducunt
1407 1961 1605 2011 tormina,
1638 1965 1680 2002 et
1711 1966 1878 2003 caetera

410 2028 548 2069 morbi
570 2034 861 2083 symptomata
883 2035 1133 2084 sequuntur.

476 2096 554 2151 [2]
594 2097 649 2137 In
686 2098 924 2139 Diarrhoea
958 2098 1158 2139 humores
1195 2097 1505 2138 excrementitii
1541 2098 1631 2138 sine
1667 2097 1876 2151 sanguine
1932 2115 1937 2147 ,ι

411 2170 484 2205 aut
506 2165 813 2206 intestinorum
835 2166 1148 2207 exulceratione
1171 2171 1470 2207 excernuntur.
1933 2166 1935 2174 ⁴

476 2233 555 2286 [3.]
595 2234 650 2273 In
686 2234 896 2275 Tenesmo
938 2235 1107 2275 assidua
1148 2240 1212 2275 est
1253 2233 1473 2274 desidendi
1513 2233 1735 2287 cupiditaS,
1769 2233 1877 2274 nihil

411 2307 557 2342 tamen
577 2307 746 2356 praeter
767 2317 988 2344 mucosum
1011 2303 1223 2357 quoddam
1255 2308 1297 2343 et
1324 2302 1630 2343 subcruentum
1653 2306 1727 2342 aut
1747 2316 1876 2356 puru-

411 2369 580 2409 lentum
601 2369 804 2423 rejicitur.

478 2436 557 2490 [4]
572 2435 586 2463 f
615 2437 822 2477 Mittatur
847 2438 1020 2491 sanguis
1043 2452 1064 2479 e
1086 2438 1259 2479 brachio
1288 2438 1617 2491 quamprimum,
1644 2439 1877 2493 eademque

412 2510 538 2547 nocte
560 2506 854 2559 paregoricum
876 2507 1126 2561 propinetur
1138 2525 1149 2558 3
1183 2513 1224 2548 et
1252 2522 1378 2548 mane
1407 2507 1602 2561 sequenti
1623 2507 1747 2548 Potio
1769 2508 1875 2549 Pur-

413 2587 518 2626 gans
537 2573 801 2623 Communis,
819 2575 1049 2628 repetenda
1071 2575 1244 2616 alternis
1259 2575 1407 2616 diebus
1430 2575 1483 2616 ad
1499 2575 1603 2616 duas
1625 2575 1726 2616 alias
1742 2576 1853 2618 n‘ces
1862 2595 1874 2628 ς

413 2645 455 2680 et
476 2641 769 2694 paregoricum
790 2647 885 2695 post
906 2642 1194 2696 purgationes,
1218 2642 1532 2696 quamprimlun
1554 2656 1630 2682 suo
1652 2642 1877 2686 defunctae

415 2712 514 2747 sunt
543 2722 718 2748 munere
732 2725 743 2758 3
777 2723 823 2749 ac
850 2709 998 2750 diebus
1027 2725 1050 2750 a
1078 2711 1331 2764 purgatione
1359 2711 1500 2751 vacuis
1530 2709 1645 2751 idem
1678 2726 1804 2754 mane
1834 2718 1877 2754 et
1924 2700 1925 2704 Ἰ

416 2789 507 2815 sero
529 2780 591 2816 cst
614 2776 915 2817 exhibendum.

459 2857 475 2879 ‘¹
503 2860 550 2888 (Is.
571 2864 638 2890 obs«
650 2873 692 2891 rz'.
710 2862 791 2892 Med.
809 2863 849 2893 ἰν.
868 2865 895 2892 3.
1223 2864 1231 2881 s
1252 2864 1300 2893 Cf.
1319 2866 1391 2893 ihirl.
1410 2864 1448 2893 iv.
1469 2865 1496 2892 ὃ.
1517 2864 1534 2893 9
1552 2874 1596 2902 sq.

460 2907 473 2921 ι·
499 2904 609 2938 κήρυκι
628 2904 696 2943 sva]
717 2905 765 2934 Cf.
782 2907 856 2935 ima.
872 2906 914 2935 iv.
933 2908 960 2936 3.
980 2909 1008 2935 3.
