1985 3308
413 175 469 213 50
827 172 1082 213 THOMAE
1117 171 1456 212 SYDENHAM

238 293 367 323 Festus
415 285 491 331 est,
515 280 718 335 quamdiu
739 280 851 321 salus
873 294 1095 333 aegrorum
1120 293 1243 333 passa
1263 279 1390 320 fuerit
1404 295 1415 328 3
1448 292 1546 319 cum
1568 282 1711 318 antem
1742 278 1872 318 finem

211 336 395 408 Aenosffiaeix
415 354 578 403 spectat
606 353 733 402 atque
762 348 1103 398 declinationem,
1131 348 1362 388 secretione
1385 348 1476 401 jam
1507 346 1746 400 conspicua,
1767 350 1874 386 tunc

236 421 372 451 ’fil-⁹64.
416 418 587 472 quidem
612 418 883 459 calidioribus
904 416 1224 457 medicamentis
1254 416 1370 456 illam
1393 429 1418 456 a
1443 420 1564 468 tergo
1586 415 1872 467 insequemur,

416 487 470 528 ad
490 501 579 527 rem
602 500 651 527 eo
669 486 844 527 celerius
866 499 913 526 ac
934 485 1091 525 certius
1111 484 1423 537 perficiendam.
1474 484 1616 537 Atque
1637 483 1716 523 hoc
1737 482 1877 535 reipsa

416 560 493 605 est,
517 554 695 595 Febrilis
717 554 917 595 materiae
939 553 1257 594 concoctionem
1278 565 1548 606 promovere3
1581 565 1678 591 curn
1700 563 1874 590 evacua-

415 624 554 664 tioncs
585 629 627 663 et
660 622 955 676 refrigerantia
986 635 1124 662 moras
1156 626 1344 670 nectant,
1377 627 1418 660 ct
1447 620 1711 660 curationem
1744 618 1874 671 impe-

417 692 550 741 diant,
575 692 794 745 ipsamque
828 691 1056 731 sanitatem
1085 689 1175 743 jam
1209 689 1621 742 appropinquantem
1655 687 1874 740 abiguntP‚

417 760 482 801 uti
503 760 668 813 saepius
690 774 714 799 a
735 773 802 799 mc
823 759 905 798 fuit
927 757 1209 799 observatum.

215 833 397 882 Duspuma-
477 827 523 867 Si
551 827 823 867 fermentatio
855 826 956 866 satis
986 825 1293 878 progrediatur,
1323 823 1587 877 despumatio
1620 822 1730 863 circa
1764 822 1877 863 diem

214 880 398 947 {sssffirffium
419 895 629 935 decimum
662 899 860 948 quartum
888 898 1115 947 peragetiu·
1127 910 1138 942 3
1175 906 1321 932 verum
1355 892 1389 931 si
1421 890 1718 944 refrigerantia
1751 903 1876 943 quae-

213 961 383 1018 peragitur.
418 963 522 1003 libet
558 963 690 1003 serius
724 961 979 1011 adhibueris,
1014 967 1141 1014 atque
1173 960 1235 1000 ita
1271 973 1417 1000 eorum
1453 973 1530 1012 ope
1563 958 1879 999 effervescentia

215 1013 400 1095 §liftrssgssgst
419 1030 740 1080 sufflaminetm,
767 1030 924 1070 mirum
951 1043 1040 1069 non
1068 1033 1144 1078 est,
1174 1028 1208 1068 si
1237 1027 1382 1068 Febris
1412 1027 1465 1068 ad
1493 1027 1605 1067 diem
1632 1026 1878 1067 vicesimum

215 1098 311 1170 25:15)
312 1099 399 1170 ἔξω
418 1099 616 1153 primum,
649 1098 752 1151 quin
779 1103 822 1138 et
852 1097 898 1137 in
929 1097 1091 1138 effoetis
1117 1096 1360 1150 corporibus
1386 1096 1495 1136 male
1520 1095 1714 1136 tractatis
1742 1094 1878 1135 multo

215 1166 364 1213 niorbum
418 1167 587 1220 longius
608 1171 815 1207 exem-rat.

216 1232 338 1300 {fuam
485 1235 592 1288 [28]
631 1234 748 1275 Illud
761 1248 884 1288 porro
899 1233 1123 1274 observatu
1137 1233 1316 1286 dignum
1330 1237 1406 1283 est,
1422 1232 1675 1286 quandoque
1692 1230 1879 1271 accidere

421 1309 470 1344 ut
492 1317 616 1356 aeger
640 1304 870 1356 clysternm
900 1303 1130 1343 aliorumve
1158 1302 1488 1343 catharticorum
1509 1316 1588 1341 usu
1615 1301 1726 1341 circa
1754 1300 1879 1340 decli-

421 1373 641 1412 nationem
666 1371 805 1412 morbi
828 1371 1124 1424 intempestive
1145 1370 1500 1424 praescriptorum
1524 1383 1674 1423 parum
1697 1368 1881 1408 alleviari

421 1440 627 1489 videatiu’,
660 1439 746 1480 imo
781 1454 1094 1494 nonnunquam
1128 1439 1325 1493 apyrexia
1359 1438 1604 1479 omnimoda
1635 1437 1747 1486 frui;
1786 1441 1881 1490 post

424 1508 534 1549 diem
571 1512 714 1548 autem
753 1522 889 1547 unum
931 1508 1161 1548 alterumve
1203 1507 1358 1548 senties
1399 1521 1487 1547 non
1527 1511 1617 1547 tam
1656 1505 1882 1559 pristinam

423 1576 595 1617 Febrim
615 1576 722 1617 vires
744 1591 839 1616 suas
867 1576 1189 1629 redintegrasse,
1213 1591 1340 1629 (1113111
1360 1590 1514 1616 novam
1539 1574 1712 1615 accendi
1725 1591 1736 1624 ;
1770 1573 1883 1627 rigor

423 1645 626 1685 nimirum
649 1650 775 1697 atque
787 1645 936 1685 horror
958 1644 1098 1685 subito
1115 1645 1300 1694 invadet,
1319 1658 1444 1698 quem
1464 1658 1562 1684 mox
1580 1643 1757 1696 excipiet
1771 1642 1884 1682 calor

425 1718 551 1767 atque
583 1713 743 1763 Febris,
772 1713 884 1753 idem
915 1712 1100 1753 stadium
1132 1713 1229 1765 (nisi
1256 1712 1400 1752 forsan
1429 1712 1476 1752 in
1502 1710 1884 1752 intermittentium

425 1781 600 1822 classem
629 1795 671 1821 se
691 1782 898 1834 reponat,)
924 1780 1164 1830 decursma,
1188 1780 1300 1834 quod
1324 1781 1370 1820 in
1391 1779 1742 1833 praecedentibus
1763 1793 1882 1819 mon-

426 1853 607 1890 stratum
634 1848 728 1889 fuit.
792 1848 901 1889 Cum
930 1849 991 1888 ita
1019 1862 1062 1888 sc
1083 1862 1148 1888 rcs
1179 1848 1347 1897 habeat,
1370 1862 1458 1888 non
1487 1847 1609 1887 aliter
1636 1846 1884 1887 tractandus

426 1921 488 1957 est
517 1930 641 1969 aeger
672 1930 799 1970 quam
830 1917 864 1956 si
896 1920 1022 1956 antea
1047 1916 1184 1956 Febre
1211 1930 1300 1956 non
1325 1915 1524 1956 detentus
1554 1915 1716 1963 fuisset,
1738 1929 1885 1955 verum

426 1984 562 2038 quoad
598 1998 665 2024 res
702 1983 886 2037 agendas
919 1984 1079 2024 calcata
1109 1985 1198 2037 jam
1234 1984 1412 2037 vestigia
1446 1983 1700 2036 repetenda3
1734 1982 1884 2036 despu-

423 2053 555 2093 matio
583 2052 709 2102 enim,
733 2066 839 2105 quae
872 2057 1044 2105 coeptae
1072 2053 1162 2106 jam
1191 2052 1431 2092 ebullitioni
1459 2051 1650 2101 debetur,
1680 2065 1770 2092 non
1802 2050 1884 2091 nisi

423 2120 628 2174 praedicti
647 2120 849 2173 temporis
875 2119 1049 2172 (scilicet
1073 2119 1394 2173 quatuordecim
1416 2119 1609 2171 dierum,)
1636 2118 1772 2172 spatio
1792 2132 1884 2171 per-

425 2193 587 2241 agetur,
609 2192 828 2241 utcunque
853 2188 1081 2228 molestum
1101 2188 1229 2228 fuerit
1251 2202 1389 2241 aegro,
1413 2202 1438 2228 a
1463 2200 1708 2240 praegresso
1736 2185 1885 2227 morbo

427 2257 527 2297 satis
544 2257 633 2310 jam
656 2256 890 2306 debilitato,
913 2270 1097 2309 eousque
1119 2256 1346 2296 sanitatem
1368 2260 1601 2309 expectare.

225 2329 379 2359 Cardiaca
492 2325 601 2378 [29]
640 2324 844 2365 Cardiaca
877 2338 983 2377 (11136
1016 2324 1196 2364 adhibeo
1223 2325 1380 2377 passim
1414 2328 1514 2363 sunt
1542 2322 1751 2376 ejusmodi
1781 2336 1887 2375 quae

224 2372 369 2401 modera-
518 2393 524 2399 .
693 2394 700 2400 .
770 2393 776 2399 .
1348 2392 1354 2398 .
1412 2391 1418 2398 .
1672 2390 1679 2397 .
1876 2390 1883 2397 .

224 2414 303 2444 tiora
320 2415 353 2444 i„
429 2398 573 2433 statim
609 2392 900 2442 subindicabo,
934 2406 1115 2445 quorum
1150 2391 1504 2434 mode1·at101·1bus
1536 2396 1634 2431 utor
1668 2405 1714 2430 111
1750 2389 1887 2431 morb1
1923 2418 1930 2422 -

224 2457 325 2486 morbi

224 2499 389 2538 principio,
499 2529 505 2535 .
544 2529 550 2535 .
728 2530 734 2537 .
1001 2529 1007 2535 .
1548 2527 1555 2534 .
1584 2527 1591 2534 .
1657 2526 1664 2533 .

225 2541 375 2589 calidiora
431 2529 691 2578 calidiorum,
720 2535 845 2583 Juxta
874 2528 1011 2569 morbi
1038 2543 1308 2582 progressum
1337 2528 1402 2568 vel
1430 2527 1689 2568 ebullitionis
1718 2526 1886 2580 gradus,

225 2594 407 2663 ζζθξζζᾶἀ-
433 2610 635 2650 pc1·gcns;
668 2610 832 2650 semper
861 2610 1024 2637 memor
1054 2597 1192 2646 licere,
1221 2596 1429 2649 siquidem
1455 2595 1640 2635 multum
1669 2594 1888 2647 sanguinis

225 2668 372 2699 hibenda.
435 2665 624 2713 missum,
646 2665 711 2705 vel
736 2679 860 2718 aeger
888 2679 1014 2705 senex
1034 2664 1175 2715 fuerit,
1197 2670 1246 2705 ut
1274 2664 1465 2704 cardiaca
1485 2663 1659 2704 fortiora
1686 2662 1887 2702 adminis-

433 2738 614 2782 trentur,
648 2747 775 2785 quam
810 2747 907 2774 cum
941 2733 1004 2773 vel
1036 2733 1156 2773 nulla
1189 2732 1462 2786 praecesserit
1497 2730 1791 2780 venae-sectio,
1822 2729 1887 2769 vel

435 2815 558 2850 aeger
580 2806 717 2840 aetate
739 2802 941 2842 floruerit.

499 2869 604 2921 [30]
636 2869 854 2909 Moderata
877 2874 1018 2910 antem
1040 2870 1111 2909 illa
1134 2883 1240 2922 qnae
1262 2869 1348 2908 dixi
1364 2868 1554 2909 cardiaca
1569 2868 1679 2907 fiunt
1696 2880 1746 2907 ex
1768 2866 1886 2919 aquis

670 2960 682 2978 Ρ
708 2964 852 3003 abignnl]
873 2965 923 2993 Sic
941 2964 1024 2994 mal<-
1043 2964 1128 3004 Syri„
1147 2964 1262 2994 melius
1279 2969 1396 3003 —gemt
1410 2963 1478 2993 edd.
1495 2967 1610 2992 recent.

430 2461 647 2514 principio,
682 2460 946 2501 aestuatione
978 2460 1161 2500 maxime
1191 2460 1379 2500 semente
1393 2477 1404 2509 3
1437 2459 1647 2512 gradatim
1679 2458 1732 2498 ad
1762 2472 1888 2498 usum
1944 2467 1947 2470 ’

1912 3277 1938 3308 ..x
