1985 3308
200 1993 252 2023 Ex
264 1993 382 2032 impro—

199 2036 265 2065 visa
282 2046 368 2075 5)·111-

198 2083 376 2117 ptomatum

199 2121 349 2150 mutatio-

200 2173 249 2199 ne,
265 2164 369 2200 febris,

201 2216 282 2245 quae
297 2217 349 2236 ea-

199 2249 271 2278 dem
280 2259 388 2279 mane-

198 2291 261 2327 bat,
279 2302 335 2332 pro

202 2333 370 2373 pleuritide

200 2377 372 2413 essentiali,

199 2424 255 2449 aut
270 2430 378 2451 essen-

202 2462 268 2491 tiali
282 2464 385 2503 perip-

202 2515 383 2539 lleumonla.

201 2549 240 2577 ab
257 2549 391 2580 incauti-

202 2592 308 2622 oribus
325 2599 372 2623 est

201 2633 317 2666 habita.

398 190 482 230 226
815 192 991 234 THOM
998 192 1072 233 ΑΕ
1105 191 1444 233 SYDENHAM

1013 371 1139 412 CAP.
1172 371 1254 410 VJ

406 477 548 516 Tusses
578 477 842 529 Epidemicae
873 478 991 517 (mniz
1025 478 1149 526 1675,
1182 489 1271 516 cum
1302 473 1532 515 Pleuritz’de
1567 477 1606 514 et
1638 474 1861 526 Pevipneu-

862 546 997 585 monia
1017 544 1401 597 supervenientibus.

459 633 562 673 me
585 638 814 686 tempestas
836 634 1000 687 placida
1021 648 1068 674 ac
1089 639 1251 687 tepens,
1269 633 1399 673 immo
1420 646 1518 673 vero
1540 631 1710 672 aestatis
1732 630 1861 671 simil-

401 702 513 752 lima,
532 706 697 755 praeter
719 703 889 743 solitum
912 703 965 743 ad
985 708 1219 756 postremos
1240 715 1376 756 usque
1394 700 1590 742 Octobris
1612 700 1700 740 dies
1722 712 1861 753 perse-

403 775 577 818 veraret,
610 783 722 809 311110
760 770 884 820 1675,
917 784 1010 811 03111
1045 785 1143 811 vero
1182 785 1282 811 mox
1317 770 1526 823 exciperet
1562 768 1643 808 alia
1675 768 1863 808 multum

403 835 576 886 diversa,
599 836 751 889 frigida
777 837 934 878 scilicet
956 844 1085 892 atque
1105 838 1283 878 humida
1304 837 1445 878 subito
1470 836 1687 889 ingruenS,
1709 835 1863 875 Tusses

401 903 560 958 ubique
576 906 884 946 numerosiores
902 906 1204 960 grassabantur
1220 921 1350 962 quam
1367 905 1447 946 alio
1461 904 1608 960 (1110115
1628 903 1759 958 (quod
1773 917 1861 944 me-

402 970 534 1023 mini,)
567 975 770 1024 tempore,
792 972 956 1013 nemini
983 973 1070 1014 fere
1097 979 1330 1027 parcentes,
1353 973 1646 1027 cujuscunque
1672 971 1707 1011 is
1733 970 1863 1012 fuerit

403 1038 487 1078 sive
518 1039 669 1079 aetatis
701 1041 785 1081 sive
816 1043 1155 1096 temperamenti,
1184 1043 1371 1097 integras
1401 1056 1499 1082 vero
1530 1040 1656 1082 51111111
1685 1039 1863 1080 familias

403 1107 690 1159 pervadentes.
752 1109 908 1165 Neque
929 1125 1108 1152 numero
1129 1116 1300 1152 tantum
1323 1114 1445 1152 erant
1467 1108 1727 1163 spectabiles,
1749 1108 1862 1161 (cum
1918 1132 1933 1154 ,-

404 1175 615 1227 quaelibet
628 1175 777 1230 hyems
798 1177 915 1218 haud
930 1193 1084 1232 paucas
1105 1179 1226 1220 nobis
1249 1178 1453 1233 generet,)
1474 1177 1548 1218 sed
1568 1176 1698 1217 etiam
1714 1175 1766 1216 ob
1788 1190 1862 1216 an·
1923 1171 1934 1190 ⁵

402 1256 498 1296 ceps
519 1244 623 1284 illud
641 1245 890 1298 perieulum,
905 1246 950 1286 in
973 1247 1085 1300 quod
1102 1261 1172 1288 eos
1192 1261 1295 1301 (11105
1317 1246 1558 1294 affecerant,
1575 1257 1650 1298 per
1670 1242 1863 1284 accidens
1919 1286 1923 1291 ,

403 1312 696 1366 conjiciebant.
759 1315 868 1355 Cum
897 1316 1011 1356 enim
1034 1316 1308 1366 Constitutio,
1331 1320 1373 1356 et
1399 1315 1489 1369 jam
1517 1319 1559 1354 et
1589 1327 1665 1367 per
1695 1316 1864 1354 autum-

402 1395 507 1421 num
537 1396 707 1422 omnem
734 1383 860 1424 modo
889 1385 1092 1438 elapsum,
1118 1385 1164 1424 in
1192 1383 1463 1438 producenda
1490 1382 1605 1423 febre
1634 1381 1866 1435 epidemiea

404 1460 530 1499 supra
551 1447 759 1501 descripta
786 1462 931 1489 omnes
952 1464 1102 1490 nervos
1123 1450 1378 1500 intenderet,
1402 1462 1584 1502 eumque
1607 1449 1699 1502 jam
1719 1447 1863 1488 nullus

403 1516 600 1555 existeret
636 1517 809 1557 morbus
845 1518 950 1558 alius
992 1519 1261 1572 epidemicus,
1295 1520 1415 1573 eujus
1456 1516 1702 1559 contranisu
1736 1517 1864 1571 hujus
1919 1517 1929 1564 ,ἲ

404 1584 510 1623 vires
539 1585 842 1639 aliquantisper
865 1586 1026 1639 possint
1052 1586 1242 1639 refringi,
1264 1586 1417 1627 Tusses
1442 1585 1548 1626 istae
1569 1584 1677 1625 febri
1703 1588 1863 1626 sterne-

402 1650 506 1691 bant
537 1652 659 1702 viam,
690 1657 816 1706 atque
847 1653 891 1693 in
923 1668 1015 1694 eam
1047 1668 1172 1707 quam
1204 1653 1481 1693 libentissime
1512 1651 1862 1705 commigrabant.
1915 1667 1925 1681 ’ν

402 1718 585 1768 Interea,
609 1720 966 1771 quemadmodum
988 1720 1132 1761 Tussis
1154 1720 1463 1761 Constitutioni
1493 1719 1784 1773 opitulabatur
1816 1719 1865 1760 in

399 1785 516 1826 febre
536 1787 819 1839 producenda,
842 1788 902 1828 ita
924 1788 1051 1828 etiam
1072 1788 1200 1828 febris
1222 1788 1484 1829 occasionem
1507 1801 1557 1827 ex
1573 1787 1695 1828 Tussi
1716 1792 1863 1828 natam

401 1852 617 1906 arripiens,
640 1854 730 1907 33111
751 1855 942 1908 pleuram
964 1870 1011 1896 ac
1032 1857 1254 1909 pulmones
1274 1856 1391 1896 haud
1412 1856 1534 1897 aliter
1553 1855 1792 1906 invadebat,
1815 1869 1863 1897 ac

401 1928 528 1975 caput
548 1923 757 1965 invaserat
777 1925 843 1965 vel
864 1925 1101 1978 septimana
1120 1926 1193 1966 illa
1215 1941 1320 1980 quae
1342 1926 1495 1967 harum
1516 1926 1718 1966 Tussium
1745 1940 1862 1967 exor-
1919 1975 1921 1978 Α

401 1993 493 2029 tum
521 1989 659 2030 fuerat
688 2005 943 2044 praegressa.
1006 1992 1126 2034 Quae
1153 1999 1243 2034 tam
1273 1994 1499 2048 improvisa
1526 1999 1863 2048 symptomatum

402 2056 582 2096 mutatio
603 2058 833 2108 nonnullis,
857 2059 929 2112 qui
950 2060 1092 2100 minus
1119 2060 1345 2115 diligenter
1368 2062 1637 2103 adverterant
1658 2063 1862 2114 animum,

402 2137 548 2163 ansam
561 2124 756 2177 praebuit
770 2125 931 2166 febrem
944 2127 1055 2167 hane
1070 2142 1146 2182 pro
1162 2129 1388 2182 pleuritide
1401 2130 1627 2181 essentiali,
1636 2134 1710 2170 aut
1723 2144 1862 2171 essen-

402 2192 493 2232 tiali
509 2193 872 2246 peripneumonia,
890 2195 1088 2246 habendi,
1106 2196 1204 2237 licet
1227 2197 1374 2238 eadem
1391 2198 1565 2238 omnino
1585 2197 1658 2238 illa
1672 2202 1864 2239 maneret

404 2265 531 2314 atque
557 2261 694 2302 fuerat
716 2276 791 2315 per
811 2262 1022 2316 integram
1043 2263 1152 2304 hane
1175 2264 1548 2305 Constitutionem.
1617 2264 1696 2318 [2.]
1733 2265 1865 2306 Nunc

404 2327 530 2377 enim,
567 2329 632 2368 uti
671 2329 788 2382 prius
830 2344 1007 2383 semper,
1045 2344 1142 2371 eum
1183 2331 1325 2372 dolore
1366 2332 1527 2386 capitis,
1570 2331 1694 2382 dorsi,
1736 2337 1864 2386 atque

405 2400 588 2446 artuum,
627 2397 836 2449 quoslibet
878 2398 1206 2451 aggrediebatur
1218 2417 1229 2449 ;
1277 2414 1384 2453 quae
1425 2405 1708 2454 symptomata
1747 2401 1865 2441 omni

404 2463 562 2517 ubique
597 2465 774 2519 hujusce
797 2467 1123 2508 Constitutionis
1153 2468 1261 2509 febri
1296 2469 1618 2510 conveniebant.
1679 2469 1865 2511 Materia

406 2538 575 2576 tantum
597 2536 768 2587 febrilis,
787 2551 884 2577 eum
902 2537 1147 2578 stimulante
1163 2538 1286 2579 ,Tussi
1307 2539 1352 2578 in
1367 2539 1558 2592 pleuram
1575 2551 1622 2578 ac
1642 2538 1864 2591 pulmones
1891 2533 1915 2580 „⁸

407 2605 580 2645 uberius
621 2605 916 2659 deponeretur,
950 2611 1234 2659 symptomata
1279 2606 1411 2646 dictas
1456 2612 1596 2659 partes
1637 2606 1865 2647 attinentia

408 2674 616 2714 excitabat
629 2691 640 2724 3
673 2679 863 2715 attamen
898 2675 1026 2716 febris
1064 2675 1287 2729 (quantum
1319 2675 1425 2715 mihi
1459 2676 1579 2716 licuit
1611 2675 1860 2728 observare,)

409 2742 556 2782 eadem
584 2757 753 2795 prorsus
775 2758 872 2783 cum
892 2744 965 2783 illa
984 2743 1078 2794 fuit,
1101 2758 1208 2797 quae
1234 2744 1287 2784 ad
1308 2757 1406 2784 eum
1432 2757 1567 2796 usque
1588 2743 1700 2784 diem
1724 2743 1864 2784 fuerat

411 2808 663 2862 depopulata
684 2825 766 2863 quo
786 2811 866 2851 hae
882 2812 1034 2852 Tusses
1054 2812 1241 2865 primum
1257 2810 1581 2864 comparebant;
1612 2811 1716 2864 quin
1737 2815 1779 2852 et
1799 2823 1864 2850 re-

411 2876 549 2917 media
581 2878 732 2930 quibus
758 2879 1070 2932 promptissime
1099 2879 1287 2934 parebat,
1309 2878 1423 2919 idem
1447 2878 1573 2931 plane
1603 2878 1863 2918 demonstra-

500 2965 511 2983 5
537 2960 634 2990 Deest
649 2961 708 2991 boc
726 2972 792 3002 cap.
810 2962 842 2992 in
859 2963 927 2992 edd.
945 2963 1007 2997 ‘66,
1026 2963 1086 2993 '68.
1328 2967 1338 2980 ¹
1361 2964 1433 2992 anni
1451 2959 1547 2999 1675]
1569 2972 1630 2992 om.
1648 2962 1695 2992 ed.
1713 2962 1776 2993 ’76.
