1985 3308
390 142 476 180 500
807 138 887 180 ΤΗ
893 137 1064 178 ΟΜΑΕ
1097 133 1439 176 SYDENHAM

188 254 373 286 DeNovn:
390 246 554 287 tionem
581 246 724 286 minus
754 246 961 298 insurgat.
1022 244 1081 284 At
1115 243 1149 282 si
1183 240 1327 294 quovis
1356 238 1483 280 modo
1515 237 1631 291 potio
1662 239 1850 291 purgans

190 297 369 370 Ῑξέζέζξυ
393 319 435 355 et
471 313 711 355 diacodium
740 313 788 353 in
816 311 1049 353 ventriculo
1081 314 1238 363 queant
1270 306 1457 356 retineri,
1487 305 1608 345 dictis
1638 305 1780 358 pilulis
1807 308 1851 344 et

392 381 577 422 laudano
618 381 792 422 omnino
827 379 1122 433 praeferantur
1135 393 1146 426 3
1184 389 1283 416 cum
1322 373 1458 415 officio
1493 386 1570 413 suo
1599 372 1850 425 fungantur,

394 463 567 502 corpore
587 449 729 489 minus
751 461 877 501 quam
899 461 923 486 a
942 445 1084 498 pilulis
1106 442 1371 484 excalefacto.

193 532 307 571 Aquae
460 517 569 571 [25]
608 517 718 557 Cum
740 521 884 555 autem
912 513 964 553 de
991 510 1247 552 torminibus
1267 509 1428 550 ventris
1458 507 1722 548 mentionem
1744 506 1852 547 fece-

190 573 362 646 Ε’ξξξῇξζ
394 584 489 634 rim,
509 583 714 625 monendi
732 582 802 622 hic
826 581 932 621 mihi
953 585 1053 620 suut
1073 578 1296 632 populares
1320 577 1418 626 mei,
1441 579 1601 629 quanto
1627 588 1724 615 cum
1745 573 1854 627 peri-

191 659 384 707 tor-minibus
398 653 492 693 culo
527 653 667 705 (prout
697 649 911 702 frequenti
945 647 1236 688 observatione
1273 645 1427 698 didici)
1463 658 1596 697 aquae
1630 643 1856 684 minerales

193 701 380 773 ssffibaussssgre
397 720 443 760 in
458 718 615 760 ventris
635 716 891 758 torminibus
913 714 1183 769 quibuslibet,
1199 713 1265 754 vel
1282 712 1513 762 diarrhoea,
1530 712 1596 752 vel
1613 711 1856 762 vomitione,

195 785 337 833 oriundis
398 787 462 827 vel
490 786 645 827 affectu
673 785 754 825 alio
783 797 1035 837 quocunque
1064 796 1189 836 quem
1223 796 1248 822 a
1279 781 1413 822 Febre
1441 779 1541 820 oriri
1563 779 1630 820 vel
1657 779 1859 832 suspicari

193 837 370 909 ῘΟἾΞῘἙΞῙ-
398 853 620 908 possimus,
645 851 874 906 praescribi
902 851 1077 892 soleant.
1140 847 1497 901 Quandoquidem
1524 847 1572 887 in
1597 852 1688 887 tam
1711 846 1859 888 subtili

196 912 370 984 ἓξὲἧξζῗ·
401 926 443 962 et
465 921 690 974 spirituoso
710 919 850 961 morbi
877 932 1030 972 genere
1061 932 1109 959 ac
1129 917 1276 958 Febris
1297 921 1425 966 extat,
1447 915 1656 970 ejusmodi
1675 915 1858 960 medica-

196 1005 255 1026 zur.
400 993 547 1030 menta
560 988 783 1029 mineralia
797 988 859 1028 ita
875 987 1019 1028 omnia
1034 985 1305 1035 conturbant,
1319 989 1382 1035 ut,
1399 985 1492 1025 loco
1508 997 1655 1024 eorum
1671 987 1858 1038 sympto-

399 1063 566 1098 matum
590 1070 697 1110 quae
722 1055 902 1096 Febrem
929 1068 980 1095 ex
1006 1068 1125 1095 more
1148 1054 1308 1094 usitato
1332 1053 1604 1102 comitantur,
1627 1050 1862 1092 accidentia

400 1138 571 1179 prorsus
598 1123 794 1164 anomala
819 1122 1046 1172 adducant,
1078 1135 1158 1162 nec
1185 1121 1413 1174 quicquam
1442 1120 1606 1161 interea
1632 1118 1687 1160 ad
1713 1117 1861 1160 Febris

402 1192 727 1245 extirpationem
758 1190 979 1232 conferant
992 1207 1004 1240 3
1042 1189 1155 1243 quod
1180 1203 1250 1230 me
1281 1188 1355 1229 diu
1382 1201 1590 1242 saepeque
1621 1186 1861 1228 observasse

401 1260 591 1300 memini.

201 1341 235 1370 Si
251 1341 329 1371 haec
468 1327 576 1381 [26]
616 1326 732 1367 Elud
751 1326 926 1367 interim
946 1325 1120 1366 omnino
1141 1324 1451 1366 observandum
1467 1328 1543 1375 est,
1565 1325 1729 1377 (utpote
1750 1321 1864 1376 quod
1917 1328 1923 1335 “

197 1384 385 1466 ἑζῖςᾞέζζῐζᾱ
404 1395 458 1435 ad
498 1408 626 1447 quam
656 1394 861 1447 plurimos
893 1393 944 1434 ab
977 1394 1077 1434 Orci
1106 1393 1300 1433 faucibus
1339 1392 1580 1433 h'berandos
1619 1390 1859 1445 pertineat,)

201 1478 252 1498 arn
268 1478 371 1508 usque
404 1462 530 1516 quod,
547 1477 635 1503 non
656 1461 923 1502 obstantibus
943 1461 994 1501 iis
1013 1475 1119 1515 quae
1141 1475 1267 1514 supra
1282 1462 1373 1515 jam
1396 1460 1662 1509 tradidimus,
1679 1459 1863 1512 quoties-

199 1511 370 1592 ξξξιῇἒῗῖ
405 1544 572 1583 cunque
592 1529 807 1582 praedicta
825 1529 985 1569 ventris
1011 1529 1197 1569 tormina
1223 1529 1276 1568 ad
1297 1528 1583 1581 dysenteriam
1611 1541 1743 1580 usque
1764 1539 1864 1567 con-

200 1600 385 1667 ᾍῊιῖἐξξῖἒζ»
405 1599 617 1638 firmatam
642 1596 703 1649 (in
724 1610 819 1649 qua,
837 1601 1005 1649 praeter
1025 1596 1107 1636 ista
1127 1596 1324 1645 tormina,
1342 1596 1521 1636 materia
1542 1595 1750 1649 quaedam
1769 1608 1864 1635 mu-

201 1680 283 1710 dano
300 1685 331 1710 et
405 1679 501 1706 cosa
520 1679 608 1705 una
629 1679 727 1705 cum
753 1664 960 1717 sanguine
989 1678 1064 1717 per
1085 1664 1227 1704 sedem
1253 1665 1523 1716 excernitur)
1547 1668 1864 1717 promoventur,

201 1723 378 1795 {terete‘ffiffle
404 1733 473 1774 hic
494 1733 599 1773 mihi
618 1732 1021 1786 periculosissimum
1046 1745 1134 1772 esse
1157 1737 1335 1781 constat,
1357 1732 1556 1773 morbum
1577 1731 1749 1785 aggredi
1769 1745 1864 1784 pro-

202 1817 254 1837 me
271 1807 356 1837 sisti·
405 1800 604 1841 tractiore
634 1799 707 1839 issa
736 1798 949 1848 methodo,
979 1812 1086 1851 quae
1117 1798 1380 1839 evacuandos
1411 1799 1609 1851 primum,
1637 1798 1737 1838 dein
1767 1811 1865 1838 con-

201 1854 263 1881 ω’·
405 1866 715 1920 temperandos,
740 1880 854 1906 acres
874 1860 978 1906 istos
998 1866 1198 1906 humores
1221 1880 1310 1906 esse
1333 1866 1478 1915 docet3
1512 1866 1575 1918 (ut
1598 1865 1649 1906 de
1669 1865 1866 1906 remediis

406 1934 739 1988 astringentibus
756 1934 859 1974 varii
875 1933 1054 1986 generis,
1073 1939 1114 1974 et
1135 1934 1324 1974 variante
1340 1934 1476 1974 forma
1496 1934 1609 1974 intro
1626 1933 1865 1986 assumptis,

405 2007 500 2043 tum
521 2007 565 2042 et
582 2002 834 2056 clysteribus
850 2015 966 2042 nunc
984 2001 1340 2055 abstergentibus,
1357 2016 1474 2042 nunc
1490 2000 1866 2051 consolidantibus,

407 2070 587 2111 subinde
627 2070 807 2124 injectis,
843 2070 953 2110 nihil
989 2070 1125 2111 dicam
1138 2073 1166 2123 3)
1216 2085 1314 2111 cum
1349 2070 1611 2124 experientia
1650 2070 1868 2111 didicerim

408 2139 694 2192 dysenteriam
722 2144 764 2179 et
790 2138 1022 2179 certissime
1049 2143 1091 2179 et
1117 2139 1332 2179 celerrime
1363 2140 1514 2189 curari,
1543 2140 1590 2190 si,
1607 2140 1754 2180 -missis
1779 2153 1868 2180 am-

406 2206 600 2260 bagibus,
626 2207 765 2246 fluxus
791 2206 975 2246 laudano
1008 2206 1232 2246 confestim
1259 2207 1446 2248 sistatur.
1508 2208 1577 2248 Ita
1602 2209 1717 2249 enim
1749 2214 1868 2250 atrox

408 2282 451 2317 et
481 2276 709 2316 vehemens
740 2281 802 2316 est
830 2275 950 2315 hicce
977 2275 1164 2325 morbus,
1186 2280 1247 2325 ut,
1272 2276 1306 2316 si
1334 2276 1575 2330 dysenteria
1599 2278 1689 2331 jam
1716 2278 1867 2318 confir-

409 2351 524 2386 mata
559 2345 697 2385 adhuc
732 2358 913 2398 purgare
950 2350 1129 2397 satagas,
1161 2359 1364 2398 perquam
1399 2346 1679 2386 metuendum
1714 2346 1781 2397 sit,
1813 2360 1868 2387 ne

409 2414 650 2468 dysenteria
670 2414 850 2467 sumptis
870 2413 970 2453 inde
991 2413 1150 2453 viribus
1172 2414 1219 2453 in
1243 2428 1442 2468 praeceps
1463 2415 1551 2456 lata
1571 2428 1746 2468 aegrum
1766 2428 1867 2468 prae

408 2482 645 2523 incredibili
666 2482 888 2531 fermento,
907 2495 1160 2535 quocunque
1181 2488 1224 2523 te
1245 2489 1393 2536 postca
1411 2484 1598 2534 verteris,
1617 2483 1777 2524 diutius
1798 2497 1868 2524 ex-

408 2551 579 2600 cruciet,
601 2551 668 2591 vel
689 2550 818 2590 etiam
838 2549 926 2590 vita
947 2549 1108 2602 spoliet.
1186 2550 1286 2604 ‘27.]
1323 2551 1566 2592 Advocatus
1591 2552 1747 2606 itaque,
1769 2557 1866 2605 gut-

408 2624 474 2660 tas
495 2620 606 2660 circa
635 2619 787 2672 viginti
814 2618 918 2658 duas
949 2618 1122 2658 laudaui
1147 2619 1301 2672 liquidi
1327 2620 1372 2660 in
1403 2635 1514 2674 aqua
1535 2620 1780 2674 epidemica‚
1802 2621 1868 2661 vel

410 2700 519 2738 aqua
542 2686 738 2736 mirabili,
761 2686 826 2726 vel
857 2687 938 2726 alia
968 2686 1106 2737 simili,
1128 2687 1322 2740 protinus
1353 2687 1542 2739 exhibeo,
1565 2688 1630 2729 bis
1660 2688 1774 2729 intra
1792 2688 1868 2729 ho-

408 2767 475 2793 ras
502 2754 655 2807 viginti
683 2759 864 2807 quatuor
889 2755 1141 2808 repetendas
1155 2772 1166 2805 ;
1197 2755 1263 2795 vel
1290 2756 1420 2796 etiam
1447 2756 1526 2796 hoc
1554 2757 1718 2810 saepius
1745 2757 1867 2798 statis

407 2819 652 2870 intervallis,
676 2821 710 2860 si
730 2834 884 2875 nempe
906 2822 1017 2862 dosis
1037 2823 1127 2876 jam
1148 2824 1417 2878 praescripta,
1440 2839 1565 2866 mane
1587 2839 1634 2866 ac
1659 2839 1751 2866 sero
1770 2830 1865 2865 tau-

406 2891 499 2925 tum
536 2894 750 2941 usurpata,
783 2894 871 2929 tam
907 2890 1162 2931 torminibus
1203 2892 1359 2932 ventris
1396 2907 1522 2946 quam
1559 2892 1864 2947 dejectionibus
