1985 3308
291 195 811 236 OBSERVATIONUM
845 195 1221 236 MEDICARUM
1257 203 1285 235 I.
1303 207 1338 237 4.
1487 201 1539 238 41

79 301 268 343 tionibus
299 301 550 355 stipantum,
577 306 782 343 testatum
814 302 939 352 facit,-
971 307 1119 356 utpote
1150 303 1196 343 in
1227 303 1394 356 quibus,
1417 304 1539 345 istius
1590 313 1719 343 Fzmus

79 369 339 411 ebullitionis
365 370 584 423 sanguinis
612 370 831 420 beneficio,
854 371 902 410 fit
929 371 1113 411 excretio
1146 371 1200 411 ad
1231 371 1364 412 cutim
1398 385 1537 413 excre—
1558 356 1740 428 1333&

78 438 215 479 menti
234 438 281 478 in
301 438 448 478 eodem
469 438 692 486 latitantis,
716 443 758 479 et
779 453 908 492 prava
929 438 1134 492 qualitate
1156 439 1310 479 affecti.
1581 442 1741 491 'Ol-’044-

143 506 222 559 [4.]
262 505 466 548 Quinimo
494 520 573 547 nec
610 506 720 558 (mea
746 507 918 559 quidem
951 507 1194 559 sententia,)
1226 507 1368 548 minus
1403 507 1536 561 liquet
1555 503 1741 571 ξζὶῗξξξζξῆθ

77 571 288 614 Febrilem
319 573 538 626 sanguinis
559 574 886 615 commotionem
918 588 1041 627 saepe
1076 575 1144 627 (nc
1176 575 1313 615 dicam
1343 577 1533 628 saepius)
1556 594 1629 632 nem
1647 584 1723 613 diri-

76 654 165 681 non
195 640 276 682 alio
309 641 545 691 collineare,
576 656 702 695 quam
733 647 782 682 ut
813 642 902 695 ipse
934 655 1023 682 sese
1054 642 1099 682 in
1131 656 1289 682 novum
1322 643 1536 697 quendam
1555 626 1728 698 Ξὲῗζζῼζῑι]

76 712 237 749 statum
258 713 300 750 et
322 708 534 749 diathesin
555 709 767 760 immutet,
790 710 1092 763 hominemque
1114 710 1256 760 etiam,
1275 711 1342 751 cui
1363 711 1536 764 sanguis
1555 712 1701 760 ῒᾶῦᾶᾶῐξῖ,

75 790 207 830 purus
239 781 282 817 et
312 776 593 818 intaminatus
621 783 796 831 perstat,
829 777 955 818 Febri
983 777 1136 831 corripi
1159 792 1280 832 posse
1294 796 1305 828 3
1339 779 1464 819 sicuti
1490 779 1536 819 in
1555 765 1721 827 3ῗέἕέζῖζὸ

75 843 321 897 corporibus
351 845 463 885 sanis
494 845 661 885 evenire
691 845 905 898 frequenti
936 845 1229 886 observatione
1270 851 1536 899 compertum

76 916 153 961 est,
180 911 227 952 in
262 912 415 965 quibus
450 913 594 953 nullus
627 918 854 966 apparatus
886 912 1129 953 morbificus
1170 913 1236 953 vel
1276 913 1415 966 quoad
1449 913 1536 966 ple-

75 979 246 1020 thoram
266 980 331 1021 vel
359 980 497 1034 quoad
525 980 838 1034 cacochymiam
862 981 1003 1030 fuerit,
1026 981 1144 1021 nulla
1171 980 1400 1021 insalubris
1429 981 1535 1022 aeris

76 1048 289 1089 anomalia
328 1063 436 1103 quae
477 1049 601 1090 Febri
642 1049 903 1090 occasionem
944 1049 1300 1090 subministraret.
1368 1050 1535 1090 Nihilo-

75 1115 218 1155 minus
246 1115 375 1156 etiam
407 1116 651 1170 hujusmodi
682 1117 889 1169 homines,
913 1117 1193 1170 praecedente
1215 1117 1375 1170 insigni
1396 1117 1537 1170 aliqua

75 1183 197 1233 aeris,
212 1183 360 1234 victus,
377 1189 723 1238 caeterarumque
739 1198 882 1225 rerum
903 1186 1254 1225 non-naturalium
1271 1186 1335 1238 (ut
1351 1186 1532 1239 vocant,)

74 1251 325 1302 mutatione,
359 1251 594 1292 identidem
631 1252 765 1294 Febre
802 1253 1114 1306 corripiuntur3
1159 1258 1384 1306 propterea
1424 1253 1536 1307 quod

75 1333 222 1360 eorum
253 1320 426 1373 sanguis
450 1335 608 1361 novum
633 1326 794 1361 statum
816 1325 858 1361 et
880 1321 1168 1361 conditionem
1191 1321 1365 1374 adipisci
1393 1322 1534 1374 gestit,

76 1388 244 1442 qualem
271 1388 480 1442 ejusmodi
507 1393 581 1429 ae'r
609 1394 682 1429 aut
704 1389 839 1429 victus
868 1389 1200 1443 postulaverint,
1232 1389 1409 1429 minime
1439 1403 1536 1430 vero

76 1456 189 1510 quod
227 1457 533 1510 particularum
572 1457 822 1498 vitiosarum
869 1457 917 1498 in
967 1457 1175 1510 sanguine
1227 1457 1536 1498 stabulantium

75 1524 258 1566 irritatio
274 1524 444 1565 Febrim
465 1531 668 1579 procreet.
701 1525 795 1566 Etsi
816 1539 1086 1579 nequaquam
1103 1525 1295 1566 dubitem
1313 1526 1535 1566 materiam

73 1591 119 1632 in
168 1591 388 1645 sanguinis
433 1592 755 1646 despumatione
799 1598 895 1647 post
938 1593 1151 1634 Febrilem
1192 1593 1533 1643 commotionem,

72 1660 305 1701 solenniter
334 1666 559 1711 excretam,
593 1662 787 1703 vitiosam
828 1676 930 1713 esse,
963 1663 1153 1716 quamvis
1185 1663 1358 1716 sanguis
1388 1663 1534 1703 lauda-

72 1727 200 1770 bilem
220 1733 347 1770 antea
368 1729 581 1771 diathesin
609 1730 853 1772 obtinuerat
869 1748 881 1781 3
913 1731 957 1771 id
986 1731 1099 1785 quod
1119 1731 1188 1772 vix
1215 1731 1351 1784 magis
1376 1731 1534 1771 miran-

72 1796 176 1838 dum
197 1801 261 1838 est
283 1812 410 1851 quam
427 1798 539 1852 quod
560 1798 877 1840 esculentorum
897 1799 1113 1852 portiones
1129 1799 1289 1853 aliquot
1312 1805 1534 1853 corruptae

72 1870 116 1906 et
149 1866 332 1907 foetidae
364 1867 558 1917 evadant,
584 1867 1055 1921 postquam'insignem
1090 1868 1136 1908 in
1172 1882 1345 1921 corpore
1383 1868 1533 1908 altera-

70 1933 233 1975 tionem
255 1934 476 1986 subierint,
500 1950 547 1976 ac
564 1936 654 1990 jam
677 1950 702 1975 a
721 1935 894 1989 reliquis
917 1940 1163 1988 segregatae
1184 1935 1358 1976 fuerint.

137 2002 216 2055 [5.]
257 2002 491 2053 Secundoq,
518 2003 579 2043 ita
615 2017 783 2044 mecum
813 2008 977 2056 reputo,
1011 2003 1292 2044 indicationes
1324 2017 1442 2044 veras
1485 2013 1735 2054 ac1nutroque

71 2069 292 2122 genuinas,
327 2083 433 2123 quae
465 2070 511 2109 in
542 2069 622 2110 hoe
653 2070 801 2111 morbo
834 2075 1111 2123 consurgunt,
1138 2071 1184 2110 in
1215 2084 1264 2111 eo
1295 2070 1450 2111 versari
1482 2076 1531 2111 ut
1551 2057 1672 2086 casuid

1550 2100 1690 2129 maxime

71 2137 291 2190 sanguinis
325 2137 552 2178 commotio
584 2138 699 2178 intra
730 2138 905 2179 modum
946 2138 1140 2178 Naturae
1176 2138 1391 2191 proposito
1432 2141 1709 2213 con-ilstdicatur·

1596 2195 1726 2223 sanguis

71 2210 297 2258 gruentem
333 2206 533 2256 sistatur;
571 2220 620 2246 ea
652 2205 855 2245 nimirum
891 2205 1069 2255 ratione,
1103 2211 1152 2246 ut
1188 2219 1267 2246 nee
1300 2206 1400 2246 hinc
1437 2206 1531 2259 plus
1549 2226 1630 2256 intra
1643 2237 1712 2257 mo-

70 2287 205 2327 aequo
236 2274 397 2327 gliscat,
429 2274 543 2314 unde
584 2273 818 2328 periculosa
861 2278 1145 2327 symptomata
1180 2274 1347 2327 insequi
1379 2274 1529 2324 solent,
1550 2269 1731 2342 ‘tlllffleNZ—

69 2355 149 2383 nec
168 2342 286 2383 illinc
306 2342 489 2383 nimium
514 2347 694 2396 torpeat,
719 2356 801 2396 quo
826 2347 950 2396 pacto
972 2342 1036 2382 vel
1057 2342 1260 2382 materiae
1288 2341 1531 2383 morbificae
1550 2323 1733 2395 positole'on-

70 2411 281 2464 protrusio
321 2411 612 2466 impediretur,
647 2411 712 2452 vel
753 2410 972 2464 sanguinis
1009 2424 1167 2451 novum
1205 2415 1365 2451 statum
1407 2411 1530 2452 affec·
1549 2402 1717 2470 ξζῖζῗίῗξξζῗ

70 2479 202 2520 tantis
229 2479 590 2520 labefactarentur
610 2484 800 2520 conatus.
861 2478 982 2519 Adeo
1004 2483 1052 2519 ut
1081 2478 1166 2519 sive
1187 2479 1390 2519 materiae
1411 2478 1529 2520 hete-
1547 2488 1607 2513 tur.

69 2560 278 2601 rogeneae
298 2547 497 2598 irritanti,
520 2548 605 2588 sive
631 2548 770 2589 cruori
790 2561 856 2588 res
878 2561 1006 2587 novas
1028 2547 1220 2587 molienti
1243 2546 1389 2587 Febris
1411 2553 1529 2588 ortus

70 2613 288 2666 debeatur,
319 2615 521 2657 indicatio
556 2616 782 2669 utrobique
815 2615 964 2656 eadem
997 2615 1162 2655 existat.
1227 2615 1357 2656 Hisce
1382 2616 1529 2669 positis

70 2681 374 2735 fundamentis,
395 2684 611 2738 therapiae
633 2684 884 2725 methodum
905 2683 985 2724 hoc
1005 2683 1093 2724 ritu
1114 2683 1306 2724 instituo.

136 2751 215 2806 [6.]
254 2751 432 2795 Quoties
453 2753 558 2794 mihi
590 2767 688 2794 cum
716 2752 852 2806 aegris
877 2766 943 2792 res
972 2757 1035 2792 est
1057 2765 1236 2805 quorum
1265 2751 1438 2805 sanguis
1464 2751 1531 2793 vel
1547 2760 1677 2793 Quibus

71 2833 146 2873 per
173 2834 217 2861 se
237 2820 487 2862 imbecillior
514 2820 669 2871 existit,
696 2821 774 2873 (uti
800 2820 886 2861 fere
906 2820 953 2860 in
982 2820 1152 2873 pueris‚)
1178 2819 1242 2860 vel
1262 2820 1380 2874 justa
1410 2820 1528 2874 spiri-
1546 2808 1734 2880 ξζξῗξθζζξο

74 2935 130 3004 .σέ
151 2938 344 3007 (νιέἔενξὲιρτ.
369 2932 457 2972 stipa]
479 2934 679 2972 malignarum
702 2932 770 2962 edd.
877 2930 889 2948 ἦ
916 2933 1048 2961 Secundo
1065 2931 1133 2972 isne]
1162 2932 1209 2963 Cf.
1228 2933 1360 2962 process.
1380 2933 1439 2962 Int.
1458 2942 1483 2962 c.
1502 2933 1529 2962 2.

130 2997 138 3011 ,
210 2997 217 3011 ,
290 2998 297 3005 .

789 3042 813 3067 G
