1985 3308
399 135 690 179 EPISTOLA
721 137 782 178 II.
817 138 1251 180 RESPONSORIA.
1469 145 1553 184 319

93 256 265 295 possum
288 243 388 296 quid
409 243 487 284 sibi
507 243 637 283 velint
659 243 807 284 erebra
827 244 908 284 ista
928 245 1102 294 monita,
1127 245 1278 298 quibus
1305 246 1356 286 de
1378 260 1550 300 corpore
1593 261 1645 292 Di:
1664 262 1739 295 Lon

92 310 287 350 remediis
315 311 555 351 catharticis
583 315 624 351 et
653 311 942 363 digerentibus
968 311 1134 364 (balneo
1161 317 1278 365 puta,
1301 317 1343 353 et
1375 314 1548 354 caeteris
1568 304 1751 370 {fus-13:112&

92 376 136 417 id
167 379 329 431 genus,)
359 379 439 419 rite
467 378 767 432 praeparando,
789 377 850 417 ita
880 377 986 417 serio
1015 382 1211 428 cavetur,
1243 383 1292 418 ut
1318 378 1370 419 de
1397 393 1547 420 venae-
1565 362 1727 437 {gr‘fftflssnc

91 444 276 485 sectione
302 446 392 498 jam
418 450 594 495 taceam,
624 445 692 485 eui
721 444 918 485 nonnulli
944 444 1012 485 hie
1042 445 1123 485 loci
1148 445 1305 498 primas
1334 445 1544 486 deferunt.
1564 450 1702 487 corporis

91 510 238 551 Quum
274 512 400 561 enim,
435 513 469 551 si
502 512 666 552 veritati
702 511 755 552 sit
789 511 1014 561 litandum,
1049 525 1098 552 eo
1136 526 1204 552 res
1239 513 1457 565 redigatur
1496 519 1545 555 ut
1563 499 1749 572 {flmm-

88 591 250 619 veneno
271 579 458 619 salivatio
478 579 744 632 procuranda
764 579 830 629 sit,
855 579 1007 632 (neque
1023 579 1136 618 enim
1159 579 1296 620 adhuc
1316 580 1544 621 innotescit
1562 575 1746 648 ffiffilig'mr'

87 645 254 685 salubre
294 645 463 699 aliquod
503 646 861 686 medicamentum
898 660 980 698 quo
1019 646 1150 699 possit
1187 647 1370 697 excitari,
1405 662 1544 701 neque
1741 642 1746 648 ’

87 726 212 765 aeger
232 713 322 753 sine
343 714 433 767 ejus
455 728 532 767 ope
559 714 604 754 in
624 718 720 754 tuto
741 713 935 754 collocari
955 714 1124 766 potest,)
1151 715 1368 766 quaeritur
1395 720 1544 756 utrum

85 779 261 832 corpori,
285 780 579 820 constantibus
606 781 743 821 adhue
763 780 921 820 viribus
941 786 1090 834 vegeto
1119 786 1160 822 et
1182 782 1350 834 valenti,
1374 798 1422 824 ae
1446 799 1542 837 pro-

83 843 183 886 inde
222 846 468 899 frangendis
507 847 668 887 inimiei
708 848 930 888 conatibus
965 848 1080 888 haud
1115 849 1279 903 impari,
1313 866 1368 891 an
1405 851 1542 893 eidem

83 913 281 954 missione
302 913 520 966 sanguinis
542 918 583 954 et
600 915 720 954 tenui
741 915 880 955 diaeta
895 916 984 968 jam
1002 916 1232 967 debilitato,
1250 918 1406 959 rectius
1427 933 1540 959 eom-

82 981 279 1022 mittatur
298 995 523 1021 venenum.
588 980 717 1021 Haud
749 982 876 1021 dubie
904 983 1035 1022 satius
1064 997 1152 1024 esse
1184 984 1349 1025 duxerit
1380 1000 1539 1039 aequus

81 1062 224 1089 rerum
246 1048 490 1089 aestimator
510 1048 616 1088 nihil
642 1063 778 1101 agere,
802 1063 929 1102 quam
950 1050 1010 1089 ita
1039 1050 1281 1104 importune
1307 1054 1539 1105 satagendo

80 1131 245 1159 nocere.
308 1118 424 1160 Quid
452 1117 565 1170 quod
590 1117 848 1170 experientia
875 1122 1070 1168 testatur,
1098 1119 1225 1158 nullis
1257 1120 1536 1161 evacuationi-

80 1184 160 1225 bus
201 1191 275 1227 aut
310 1186 391 1226 alio
423 1185 549 1225 modo
584 1185 820 1224 infirmatos
861 1184 1115 1224 salivationis
1150 1185 1358 1238 impetum
1398 1187 1536 1228 multo

78 1253 228 1294 melius
251 1254 471 1303 sustinere,
491 1266 617 1306 quam
639 1266 708 1292 eos
731 1265 912 1304 quorum
934 1251 1052 1304 quasi
1069 1256 1167 1292 ante
1188 1253 1395 1305 praelium
1414 1253 1535 1294 incisi

79 1325 179 1362 sunt
199 1321 346 1362 nervi?

143 1389 249 1443 [26]
288 1389 424 1430 Misso
458 1389 602 1441 itaque
634 1387 837 1428 damnoso
872 1385 990 1426 omni
1019 1385 1265 1439 hujusmodi
1299 1387 1532 1439 praeludio,

47 1489 50 1491 Α
77 1457 222 1497 statim
262 1460 390 1510 atque
426 1468 615 1496 accersor
647 1457 922 1505 unguentum
960 1452 1201 1506 praescribo
1236 1466 1288 1493 ex
1323 1455 1531 1508 axungiae

74 1523 271 1576 porcinae
291 1523 429 1563 unciis
451 1521 628 1572 duabus,
646 1525 688 1561 et
708 1520 908 1561 mercurii
929 1520 1049 1560 crudi
1069 1520 1197 1560 uncia
1215 1535 1315 1561 una.
1375 1522 1531 1576 Neque

74 1590 214 1632 oleum
230 1591 401 1644 aliquod
422 1604 444 1631 e
465 1589 748 1639 calidioribus,
766 1602 905 1641 neque
926 1587 1041 1628 aliud
1058 1587 1171 1641 quid,
1190 1588 1412 1640 admisceo,
1431 1604 1530 1630 eum

73 1657 257 1699 deterius
287 1660 362 1699 fiat
391 1662 664 1711 unguentum
695 1657 729 1696 si
761 1656 874 1709 quod
904 1655 1070 1709 adjecta
1098 1655 1181 1695 ista
1206 1656 1402 1697 fraenum
1431 1657 1529 1711 inji-

72 1723 201 1774 ciant,
230 1729 273 1765 et
300 1724 433 1765 nihilo
464 1723 672 1765 efficacius
701 1723 735 1763 si
762 1723 870 1763 nihil
899 1737 1069 1776 prorsus
1098 1728 1251 1776 agant:
1284 1729 1326 1764 et
1350 1725 1528 1766 fortasse

70 1790 362 1831 additamenta
400 1791 608 1845 ejusmodi
643 1790 720 1830 sub
755 1790 929 1830 nomine
964 1793 1274 1832 correctz'vorum
1310 1792 1425 1834 idem
1458 1793 1528 1834 hie
1546 1810 1581 1835 ut
1598 1810 1628 1836 et
1644 1817 1711 1838 cor-

69 1863 287 1912 praestant
327 1859 377 1911 (si
417 1858 518 1911 quid
557 1863 703 1898 tamen
742 1858 989 1911 praestant,)
1030 1858 1143 1911 quod
1177 1859 1420 1899 cathartieis
1455 1860 1526 1900 ad·
1544 1851 1717 1931 {elfgtffefflffi

65 1924 229 1978 juncta,
250 1924 393 1977 judice
424 1924 694 1977 experientia,
721 1925 857 1964 solent
887 1929 1101 1978 praestare
1114 1942 1125 1974 3
1158 1927 1345 1966 tormina
1374 1941 1526 1981 nempe
1544 1938 1575 1981 e}
1590 1935 1716 1982 pathar-

68 1992 268 2042 exeitant‚
295 1997 336 2033 et
365 1992 578 2033 eatharsin
607 1991 792 2032 reddunt
818 1991 1146 2042 laboriosiorem,
1173 2006 1198 2032 a
1222 1993 1339 2032 lucta
1369 1993 1528 2036 scilicet
1545 1980 1625 2007 um·

68 2058 183 2099 inter
210 2058 451 2099 antidotum
479 2063 521 2099 et
546 2058 839 2108 catharticum,
865 2058 987 2111 cujus
1014 2059 1074 2098 vis
1100 2059 1237 2099 omnis
1264 2074 1452 2113 purgans
1479 2061 1526 2102 in

69 2135 118 2166 eo
144 2125 281 2178 posita
311 2131 374 2166 est
403 2125 516 2179 quod
545 2130 723 2165 naturae
749 2124 936 2165 hominis
964 2125 1220 2166 inimicetur.
1280 2127 1445 2168 Verum
1474 2134 1524 2170 ut

67 2195 196 2235 tertia
224 2199 344 2248 parte
378 2194 480 2234 dieti
509 2193 721 2246 unguenti
748 2192 932 2242 brachia,
961 2205 1097 2242 crura,
1127 2196 1168 2233 et
1195 2192 1320 2234 tibias
1353 2194 1407 2235 ad
1436 2199 1522 2236 tres
1541 2207 1647 2256 Aeger
1661 2214 1710 2242 ter

67 2265 212 2301 noctes
243 2261 466 2302 continuas
501 2261 696 2314 (primam
732 2274 814 2313 qua
844 2273 1033 2300 accersor
1062 2260 1347 2314 ineludendo,)
1386 2263 1522 2304 mani·
1538 2261 1698 2324 ffiffigen'

67 2325 146 2367 bus
168 2327 253 2368 suis
274 2341 398 2381 aeger
417 2331 642 2381 perungat,
664 2327 868 2381 injungo,
900 2327 962 2368 ita
980 2332 1127 2368 tamen
1146 2332 1196 2368 ut
1216 2343 1355 2383 neque
1377 2331 1522 2372 axillas

67 2407 204 2447 neque
238 2395 418 2447 inguina
452 2395 638 2448 attingat
672 2395 852 2448 uspiam,
883 2399 926 2435 et
962 2395 1184 2446 abdomen,
1221 2411 1364 2450 panno
1399 2399 1522 2441 laneo

65 2461 258 2502 tenuiore
283 2461 580 2516 circumposito
608 2467 650 2502 et
677 2463 886 2515 posterius
914 2468 1104 2514 consuto,
1131 2479 1155 2504 a
1181 2465 1395 2507 linimenti
1422 2481 1522 2508 eon-

65 2529 186 2567 tactu
217 2527 444 2581 diligenter
471 2529 671 2569 muniatz.
734 2530 836 2570 Post
870 2531 1042 2571 tertiam
1072 2531 1396 2574 inunctionem⁸
1426 2536 1518 2588 gin-

64 2592 183 2646 givae
222 2600 272 2635 ut
311 2595 545 2648 plurimum
583 2596 890 2646 intumescunt,
923 2601 965 2637 et
1004 2598 1254 2651 ptyalismus
1287 2599 1516 2643 suboritur.
1535 2628 1664 2661 Quibus

67 2659 142 2700 Sib
171 2675 270 2702 vero
304 2662 419 2703 intra
451 2667 539 2703 tres
580 2662 667 2703 djes
706 2668 802 2716 post
841 2663 1038 2704 ultimam
1076 2664 1372 2708 inunctionem
1403 2669 1517 2711 idem
1534 2674 1683 2705 remediis

104 2764 116 2778 ²
138 2761 269 2802 muniat]
289 2762 359 2792 add.
377 2762 424 2792 ed.
443 2763 495 2792 ’80
513 2772 594 2801 quae
615 2772 757 2801 sequun-
818 2774 953 2792 rosarum
970 2765 1139 2794 rubrarum.

63 2805 302 2835 tum—Aurora
327 2807 380 2834 illa
408 2816 483 2844 quae
505 2810 684 2843 postremam
710 2807 756 2834 in-
861 2809 874 2822 ¹¹
919 2805 1051 2845 immacu]
1070 2809 1116 2836 rel
1130 2809 1235 2837 sallem
1248 2814 1316 2847 post
1333 2817 1515 2851 assumptum

62 2848 227 2877 unctionem
259 2849 394 2886 proxime
429 2849 606 2886 insequitur,
636 2848 758 2877 emhibeo
818 2850 936 2877 luz-him
955 2851 1108 2879 minet-alis
1125 2849 1194 2879 add.
1214 2851 1260 2880 ed.
1279 2853 1340 2883 '80.

60 2897 160 2926 grana
176 2895 239 2919 octo
262 2891 377 2919 turbillz
397 2891 550 2919 minorans
571 2892 600 2919 in
618 2900 757 2919 conserva
863 2889 874 2907 ¹³
900 2890 1091 2930 Si——ine‹›p.]
1110 2902 1170 2922 om.
1189 2893 1234 2924 ed.
1254 2895 1316 2924 ¹80.
