<?xml version="1.0" encoding="UTF-8"?>
<!DOCTYPE html PUBLIC "-//W3C//DTD XHTML 1.0 Transitional//EN"
    "http://www.w3.org/TR/xhtml1/DTD/xhtml1-transitional.dtd">
<html xmlns="http://www.w3.org/1999/xhtml" xml:lang="en" lang="en">
 <head>
  <title>
</title>
<meta http-equiv="Content-Type" content="text/html;charset=utf-8" />
  <meta name='ocr-system' content='tesseract 3.04.00' />
  <meta name='ocr-capabilities' content='ocr_page ocr_carea ocr_par ocr_line ocrx_word'/>
</head>
<body>
  <div class='ocr_page' id='page_1' title='image "./thomaesydenhammd00sydeuoft_0410.png"; bbox 0 0 1985 3308; ppageno 0'>
   <div class='ocr_carea' id='block_1_1' title="bbox 226 274 404 393">
    <p class='ocr_par' dir='ltr' id='par_1_1' title="bbox 226 274 404 393">
     <span class='ocr_line' id='line_1_1' title="bbox 246 274 382 308; baseline -0.029 -2"><span class='ocrx_word' id='word_1_1' title='bbox 246 279 298 308; x_wconf 80' lang='lat' dir='ltr'>DE</span> <span class='ocrx_word' id='word_1_2' title='bbox 317 274 382 304; x_wconf 64' lang='lat' dir='ltr'>Ap-</span> 
     </span>
     <span class='ocr_line' id='line_1_2' title="bbox 226 317 404 352; baseline -0.028 -1"><span class='ocrx_word' id='word_1_3' title='bbox 226 317 404 352; x_wconf 61' lang='lat' dir='ltr'>memh-</span> 
     </span>
     <span class='ocr_line' id='line_1_3' title="bbox 237 369 393 393; baseline -0.032 0"><span class='ocrx_word' id='word_1_4' title='bbox 237 369 393 393; x_wconf 61' lang='lat' dir='ltr'>s‘rnmcx.</span> 
     </span>
    </p>
   </div>
   <div class='ocr_carea' id='block_1_2' title="bbox 237 403 407 411">
    <p class='ocr_par' dir='ltr' id='par_1_2' title="bbox 237 403 407 411">
     <span class='ocr_line' id='line_1_4' title="bbox 237 403 407 411; baseline 0 2897"><span class='ocrx_word' id='word_1_5' title='bbox 237 403 407 411; x_wconf 95' lang='lat' dir='ltr'> </span> 
     </span>
    </p>
   </div>
   <div class='ocr_carea' id='block_1_3' title="bbox 220 419 380 501">
    <p class='ocr_par' dir='ltr' id='par_1_3' title="bbox 220 419 380 501">
     <span class='ocr_line' id='line_1_5' title="bbox 221 419 330 449; baseline -0.037 0"><span class='ocrx_word' id='word_1_6' title='bbox 221 419 330 449; x_wconf 85' lang='lat' dir='ltr'>urinae</span> 
     </span>
     <span class='ocr_line' id='line_1_6' title="bbox 220 460 380 501; baseline -0.019 -10"><span class='ocrx_word' id='word_1_7' title='bbox 220 460 380 501; x_wconf 81' lang='lat' dir='ltr'><strong>limpidae.</strong></span> 
     </span>
    </p>
   </div>
   <div class='ocr_carea' id='block_1_4' title="bbox 220 1234 369 1264">
    <p class='ocr_par' dir='ltr' id='par_1_4' title="bbox 220 1234 369 1264">
     <span class='ocr_line' id='line_1_7' title="bbox 220 1234 369 1264; baseline 0.007 -1"><span class='ocrx_word' id='word_1_8' title='bbox 220 1234 369 1264; x_wconf 77' lang='lat' dir='ltr'>Historia.</span> 
     </span>
    </p>
   </div>
   <div class='ocr_carea' id='block_1_5' title="bbox 207 2314 381 2432">
    <p class='ocr_par' dir='ltr' id='par_1_5' title="bbox 207 2314 381 2432">
     <span class='ocr_line' id='line_1_8' title="bbox 215 2314 381 2354; baseline 0.012 -11"><span class='ocrx_word' id='word_1_9' title='bbox 215 2314 381 2354; x_wconf 69' lang='lat' dir='ltr'>Ptyalisnii</span> 
     </span>
     <span class='ocr_line' id='line_1_9' title="bbox 211 2360 358 2398; baseline -0.007 -9"><span class='ocrx_word' id='word_1_10' title='bbox 211 2360 358 2398; x_wconf 72' lang='lat' dir='ltr'>Hysteri-</span> 
     </span>
     <span class='ocr_line' id='line_1_10' title="bbox 207 2402 346 2432; baseline 0.014 -2"><span class='ocrx_word' id='word_1_11' title='bbox 207 2402 234 2430; x_wconf 66' lang='grc' dir='ltr'>οἱ</span> <span class='ocrx_word' id='word_1_12' title='bbox 253 2403 346 2432; x_wconf 85' lang='lat' dir='ltr'>unde.</span> 
     </span>
    </p>
   </div>
   <div class='ocr_carea' id='block_1_6' title="bbox 427 149 1473 192">
    <p class='ocr_par' dir='ltr' id='par_1_6' title="bbox 427 149 1473 192">
     <span class='ocr_line' id='line_1_11' title="bbox 427 149 1473 192; baseline -0.001 -1"><span class='ocrx_word' id='word_1_13' title='bbox 427 152 512 192; x_wconf 82' lang='lat'>374</span> <span class='ocrx_word' id='word_1_14' title='bbox 841 149 1098 190; x_wconf 84' lang='lat' dir='ltr'>THOMAE</span> <span class='ocrx_word' id='word_1_15' title='bbox 1133 149 1473 190; x_wconf 86' lang='lat' dir='ltr'>SYDENHAM</span> 
     </span>
    </p>
   </div>
   <div class='ocr_carea' id='block_1_7' title="bbox 421 256 1941 1470">
    <p class='ocr_par' dir='ltr' id='par_1_7' title="bbox 422 256 1941 1198">
     <span class='ocr_line' id='line_1_12' title="bbox 427 256 1886 312; baseline 0 -14"><span class='ocrx_word' id='word_1_16' title='bbox 427 258 601 312; x_wconf 86' lang='lat' dir='ltr'>guinem</span> <span class='ocrx_word' id='word_1_17' title='bbox 625 256 902 311; x_wconf 81' lang='lat' dir='ltr'>perturbante</span> <span class='ocrx_word' id='word_1_18' title='bbox 923 257 1110 298; x_wconf 85' lang='lat' dir='ltr'>exoritur</span> <span class='ocrx_word' id='word_1_19' title='bbox 1135 261 1373 310; x_wconf 74' lang='lat' dir='ltr'>symptoma</span> <span class='ocrx_word' id='word_1_20' title='bbox 1392 256 1511 306; x_wconf 85' lang='lat' dir='ltr'>illud,</span> <span class='ocrx_word' id='word_1_21' title='bbox 1532 261 1622 296; x_wconf 88' lang='lat' dir='ltr'>tam</span> <span class='ocrx_word' id='word_1_22' title='bbox 1651 256 1886 310; x_wconf 79' lang='lat' dir='ltr'>Hystericis</span> 
     </span>
     <span class='ocr_line' id='line_1_13' title="bbox 428 323 1885 380; baseline -0.001 -14"><span class='ocrx_word' id='word_1_23' title='bbox 428 340 555 380; x_wconf 88' lang='lat' dir='ltr'>quam</span> <span class='ocrx_word' id='word_1_24' title='bbox 578 324 971 379; x_wconf 76' lang='lat' dir='ltr'>Hypochondriacis</span> <span class='ocrx_word' id='word_1_25' title='bbox 987 324 1101 364; x_wconf 89' lang='lat' dir='ltr'>haud</span> <span class='ocrx_word' id='word_1_26' title='bbox 1122 324 1321 373; x_wconf 89' lang='lat' dir='ltr'>insolens,</span> <span class='ocrx_word' id='word_1_27' title='bbox 1343 324 1406 376; x_wconf 93' lang='lat' dir='ltr'>(ut</span> <span class='ocrx_word' id='word_1_28' title='bbox 1428 337 1553 376; x_wconf 89' lang='lat' dir='ltr'>supra</span> <span class='ocrx_word' id='word_1_29' title='bbox 1581 324 1624 378; x_wconf 63' lang='grc' dir='ltr'>[ξ</span> <span class='ocrx_word' id='word_1_30' title='bbox 1649 323 1736 377; x_wconf 83' lang='grc'><strong>73.]</strong></span> <span class='ocrx_word' id='word_1_31' title='bbox 1765 328 1885 365; x_wconf 87' lang='lat' dir='ltr'>nota-</span> 
     </span>
     <span class='ocr_line' id='line_1_14' title="bbox 426 395 1885 452; baseline -0.001 -13"><span class='ocrx_word' id='word_1_32' title='bbox 426 399 591 452; x_wconf 54' lang='lat' dir='ltr'>vimus)</span> <span class='ocrx_word' id='word_1_33' title='bbox 613 398 725 452; x_wconf 90' lang='lat' dir='ltr'>quod</span> <span class='ocrx_word' id='word_1_34' title='bbox 745 411 897 451; x_wconf 81' lang='lat' dir='ltr'>nempe</span> <span class='ocrx_word' id='word_1_35' title='bbox 914 410 1215 450; x_wconf 82' lang='lat' dir='ltr'>saepenumero</span> <span class='ocrx_word' id='word_1_36' title='bbox 1231 395 1399 435; x_wconf 72' lang='lat' dir='ltr'>minam</span> <span class='ocrx_word' id='word_1_37' title='bbox 1420 395 1599 436; x_wconf 84' lang='lat' dir='ltr'>reddant</span> <span class='ocrx_word' id='word_1_38' title='bbox 1616 396 1771 436; x_wconf 86' lang='lat' dir='ltr'>claram</span> <span class='ocrx_word' id='word_1_39' title='bbox 1791 397 1885 437; x_wconf 91' lang='lat' dir='ltr'>lim-</span> 
     </span>
     <span class='ocr_line' id='line_1_15' title="bbox 426 463 1887 521; baseline -0.002 -13"><span class='ocrx_word' id='word_1_40' title='bbox 426 468 652 521; x_wconf 88' lang='lat' dir='ltr'>pidamque</span> <span class='ocrx_word' id='word_1_41' title='bbox 673 466 800 506; x_wconf 88' lang='lat' dir='ltr'>simul</span> <span class='ocrx_word' id='word_1_42' title='bbox 821 471 862 505; x_wconf 93' lang='lat' dir='ltr'>et</span> <span class='ocrx_word' id='word_1_43' title='bbox 884 465 1112 517; x_wconf 85' lang='lat' dir='ltr'>copiosam:</span> <span class='ocrx_word' id='word_1_44' title='bbox 1146 477 1244 503; x_wconf 90' lang='lat' dir='ltr'>cum</span> <span class='ocrx_word' id='word_1_45' title='bbox 1265 463 1381 503; x_wconf 88' lang='lat' dir='ltr'>enim</span> <span class='ocrx_word' id='word_1_46' title='bbox 1403 463 1620 516; x_wconf 81' lang='lat' dir='ltr'>sanguinis</span> <span class='ocrx_word' id='word_1_47' title='bbox 1641 465 1887 505; x_wconf 89' lang='lat' dir='ltr'>oeconomia</span> 
     </span>
     <span class='ocr_line' id='line_1_16' title="bbox 427 531 1883 586; baseline -0.002 -11"><span class='ocrx_word' id='word_1_48' title='bbox 427 535 605 575; x_wconf 85' lang='lat' dir='ltr'>subinde</span> <span class='ocrx_word' id='word_1_49' title='bbox 630 533 937 586; x_wconf 78' lang='lat' dir='ltr'>interpellatm·,</span> <span class='ocrx_word' id='word_1_50' title='bbox 966 531 1079 584; x_wconf 90' lang='lat' dir='ltr'>quod</span> <span class='ocrx_word' id='word_1_51' title='bbox 1105 531 1361 583; x_wconf 79' lang='lat' dir='ltr'>importatur</span> <span class='ocrx_word' id='word_1_52' title='bbox 1389 545 1530 571; x_wconf 90' lang='lat' dir='ltr'>serum</span> <span class='ocrx_word' id='word_1_53' title='bbox 1558 531 1659 572; x_wconf 88' lang='lat' dir='ltr'>satis</span> <span class='ocrx_word' id='word_1_54' title='bbox 1686 531 1759 571; x_wconf 88' lang='lat' dir='ltr'>diu</span> <span class='ocrx_word' id='word_1_55' title='bbox 1784 532 1883 572; x_wconf 85' lang='lat' dir='ltr'>reti-</span> 
     </span>
     <span class='ocr_line' id='line_1_17' title="bbox 424 598 1884 655; baseline -0.002 -12"><span class='ocrx_word' id='word_1_56' title='bbox 424 618 526 644; x_wconf 87' lang='lat' dir='ltr'>nere</span> <span class='ocrx_word' id='word_1_57' title='bbox 554 602 702 655; x_wconf 89' lang='lat' dir='ltr'>nequit</span> <span class='ocrx_word' id='word_1_58' title='bbox 729 614 865 653; x_wconf 85' lang='lat' dir='ltr'>aeger,</span> <span class='ocrx_word' id='word_1_59' title='bbox 899 599 972 639; x_wconf 90' lang='lat' dir='ltr'>sed</span> <span class='ocrx_word' id='word_1_60' title='bbox 998 598 1104 638; x_wconf 81' lang='lat' dir='ltr'>fflud</span> <span class='ocrx_word' id='word_1_61' title='bbox 1129 598 1245 651; x_wconf 89' lang='lat' dir='ltr'>prius</span> <span class='ocrx_word' id='word_1_62' title='bbox 1273 598 1451 639; x_wconf 84' lang='lat' dir='ltr'>dimittit</span> <span class='ocrx_word' id='word_1_63' title='bbox 1483 613 1610 652; x_wconf 91' lang='lat' dir='ltr'>quam</span> <span class='ocrx_word' id='word_1_64' title='bbox 1636 599 1728 640; x_wconf 90' lang='lat' dir='ltr'>istis</span> <span class='ocrx_word' id='word_1_65' title='bbox 1755 600 1884 653; x_wconf 83' lang='lat' dir='ltr'>parti-</span> 
     </span>
     <span class='ocr_line' id='line_1_18' title="bbox 425 669 1934 723; baseline -0.001 -11"><span class='ocrx_word' id='word_1_66' title='bbox 425 672 529 712; x_wconf 86' lang='lat' dir='ltr'>culis</span> <span class='ocrx_word' id='word_1_67' title='bbox 551 671 707 720; x_wconf 88' lang='lat' dir='ltr'>salinis,</span> <span class='ocrx_word' id='word_1_68' title='bbox 731 684 911 723; x_wconf 87' lang='lat' dir='ltr'>quarum</span> <span class='ocrx_word' id='word_1_69' title='bbox 939 683 1016 723; x_wconf 89' lang='lat' dir='ltr'>ope</span> <span class='ocrx_word' id='word_1_70' title='bbox 1037 669 1151 710; x_wconf 91' lang='lat' dir='ltr'>color</span> <span class='ocrx_word' id='word_1_71' title='bbox 1173 669 1225 709; x_wconf 89' lang='lat' dir='ltr'>ad</span> <span class='ocrx_word' id='word_1_72' title='bbox 1253 669 1455 710; x_wconf 88' lang='lat' dir='ltr'>citrinum</span> <span class='ocrx_word' id='word_1_73' title='bbox 1480 670 1646 710; x_wconf 86' lang='lat' dir='ltr'>traduci</span> <span class='ocrx_word' id='word_1_74' title='bbox 1667 670 1884 720; x_wconf 86' lang='lat' dir='ltr'>debuerat,</span> <span class='ocrx_word' id='word_1_75' title='bbox 1931 671 1934 677; x_wconf 92' lang='lat'>&#39;</span> 
     </span>
     <span class='ocr_line' id='line_1_19' title="bbox 425 737 1883 792; baseline 0 -14"><span class='ocrx_word' id='word_1_76' title='bbox 425 738 709 792; x_wconf 82' lang='lat' dir='ltr'>impraegnari</span> <span class='ocrx_word' id='word_1_77' title='bbox 736 737 936 790; x_wconf 89' lang='lat' dir='ltr'>potuerit.</span> <span class='ocrx_word' id='word_1_78' title='bbox 999 737 1132 791; x_wconf 88' lang='lat' dir='ltr'>Cujus</span> <span class='ocrx_word' id='word_1_79' title='bbox 1159 737 1221 777; x_wconf 88' lang='lat' dir='ltr'>rei</span> <span class='ocrx_word' id='word_1_80' title='bbox 1252 737 1549 790; x_wconf 89' lang='lat' dir='ltr'>quotidianum</span> <span class='ocrx_word' id='word_1_81' title='bbox 1579 737 1785 778; x_wconf 88' lang='lat' dir='ltr'>habemus</span> <span class='ocrx_word' id='word_1_82' title='bbox 1814 752 1883 778; x_wconf 78' lang='lat' dir='ltr'>ex-</span> 
     </span>
     <span class='ocr_line' id='line_1_20' title="bbox 424 805 1941 859; baseline 0 -13"><span class='ocrx_word' id='word_1_83' title='bbox 424 806 709 859; x_wconf 85' lang='lat' dir='ltr'>perimentum</span> <span class='ocrx_word' id='word_1_84' title='bbox 730 806 774 844; x_wconf 89' lang='lat' dir='ltr'>in</span> <span class='ocrx_word' id='word_1_85' title='bbox 796 805 867 855; x_wconf 86' lang='lat' dir='ltr'>eis,</span> <span class='ocrx_word' id='word_1_86' title='bbox 891 805 975 858; x_wconf 89' lang='lat' dir='ltr'>qui,</span> <span class='ocrx_word' id='word_1_87' title='bbox 993 819 1089 845; x_wconf 90' lang='lat' dir='ltr'>cum</span> <span class='ocrx_word' id='word_1_88' title='bbox 1112 805 1207 858; x_wconf 92' lang='lat' dir='ltr'>plus</span> <span class='ocrx_word' id='word_1_89' title='bbox 1233 805 1334 844; x_wconf 87' lang='lat' dir='ltr'>satis</span> <span class='ocrx_word' id='word_1_90' title='bbox 1354 805 1540 858; x_wconf 87' lang='lat' dir='ltr'>liquoris,</span> <span class='ocrx_word' id='word_1_91' title='bbox 1557 805 1739 846; x_wconf 85' lang='lat' dir='ltr'>maxime</span> <span class='ocrx_word' id='word_1_92' title='bbox 1759 810 1883 846; x_wconf 86' lang='lat' dir='ltr'>tenu-</span> <span class='ocrx_word' id='word_1_93' title='bbox 1939 853 1941 856; x_wconf 27' lang='grc' dir='ltr'>Ι</span> 
     </span>
     <span class='ocr_line' id='line_1_21' title="bbox 424 872 1883 926; baseline 0 -13"><span class='ocrx_word' id='word_1_94' title='bbox 424 873 521 913; x_wconf 90' lang='lat' dir='ltr'>ioris</span> <span class='ocrx_word' id='word_1_95' title='bbox 543 878 668 925; x_wconf 89' lang='lat' dir='ltr'>atque</span> <span class='ocrx_word' id='word_1_96' title='bbox 690 873 966 922; x_wconf 89' lang='lat' dir='ltr'>attenuantis,</span> <span class='ocrx_word' id='word_1_97' title='bbox 989 872 1360 926; x_wconf 69' lang='lat' dir='ltr'>ingmgitaverint,</span> <span class='ocrx_word' id='word_1_98' title='bbox 1382 873 1534 913; x_wconf 89' lang='lat' dir='ltr'>lotium</span> <span class='ocrx_word' id='word_1_99' title='bbox 1561 887 1659 913; x_wconf 83' lang='lat' dir='ltr'>mox</span> <span class='ocrx_word' id='word_1_100' title='bbox 1679 873 1883 926; x_wconf 81' lang='lat' dir='ltr'>limpidis-</span> 
     </span>
     <span class='ocr_line' id='line_1_22' title="bbox 424 940 1883 994; baseline 0.001 -14"><span class='ocrx_word' id='word_1_101' title='bbox 424 941 579 981; x_wconf 90' lang='lat' dir='ltr'>simum</span> <span class='ocrx_word' id='word_1_102' title='bbox 610 945 857 981; x_wconf 88' lang='lat' dir='ltr'>excernunt.</span> <span class='ocrx_word' id='word_1_103' title='bbox 921 940 1018 982; x_wconf 79' lang='lat' dir='ltr'>Quo</span> <span class='ocrx_word' id='word_1_104' title='bbox 1045 941 1091 980; x_wconf 91' lang='lat' dir='ltr'>in</span> <span class='ocrx_word' id='word_1_105' title='bbox 1119 954 1218 981; x_wconf 85' lang='lat' dir='ltr'>casu</span> <span class='ocrx_word' id='word_1_106' title='bbox 1247 941 1419 994; x_wconf 84' lang='lat' dir='ltr'>sanguis</span> <span class='ocrx_word' id='word_1_107' title='bbox 1447 940 1499 981; x_wconf 89' lang='lat' dir='ltr'>ab</span> <span class='ocrx_word' id='word_1_108' title='bbox 1529 954 1577 981; x_wconf 89' lang='lat' dir='ltr'>ea</span> <span class='ocrx_word' id='word_1_109' title='bbox 1605 941 1686 981; x_wconf 90' lang='lat' dir='ltr'>seri</span> <span class='ocrx_word' id='word_1_110' title='bbox 1717 941 1883 994; x_wconf 89' lang='lat' dir='ltr'>quanti-</span> 
     </span>
     <span class='ocr_line' id='line_1_23' title="bbox 422 1008 1884 1061; baseline 0.001 -13"><span class='ocrx_word' id='word_1_111' title='bbox 422 1014 523 1058; x_wconf 84' lang='lat' dir='ltr'>tate,</span> <span class='ocrx_word' id='word_1_112' title='bbox 556 1009 625 1048; x_wconf 90' lang='lat' dir='ltr'>cui</span> <span class='ocrx_word' id='word_1_113' title='bbox 654 1008 879 1049; x_wconf 84' lang='lat' dir='ltr'>retinendo</span> <span class='ocrx_word' id='word_1_114' title='bbox 910 1022 1080 1061; x_wconf 88' lang='lat' dir='ltr'>prorsus</span> <span class='ocrx_word' id='word_1_115' title='bbox 1110 1008 1248 1061; x_wconf 85' lang='lat' dir='ltr'>impar</span> <span class='ocrx_word' id='word_1_116' title='bbox 1278 1014 1354 1058; x_wconf 91' lang='lat' dir='ltr'>est,</span> <span class='ocrx_word' id='word_1_117' title='bbox 1386 1008 1511 1061; x_wconf 90' lang='lat' dir='ltr'>plane</span> <span class='ocrx_word' id='word_1_118' title='bbox 1543 1008 1745 1059; x_wconf 67' lang='lat' dir='ltr'>devictus,</span> <span class='ocrx_word' id='word_1_119' title='bbox 1776 1009 1884 1049; x_wconf 90' lang='lat' dir='ltr'>illud</span> 
     </span>
     <span class='ocr_line' id='line_1_24' title="bbox 423 1075 1931 1133; baseline 0 -16"><span class='ocrx_word' id='word_1_120' title='bbox 423 1077 596 1117; x_wconf 88' lang='lat' dir='ltr'>omnino</span> <span class='ocrx_word' id='word_1_121' title='bbox 612 1076 836 1130; x_wconf 87' lang='lat' dir='ltr'>limpidum</span> <span class='ocrx_word' id='word_1_122' title='bbox 854 1076 1025 1126; x_wconf 88' lang='lat' dir='ltr'>amittit,</span> <span class='ocrx_word' id='word_1_123' title='bbox 1047 1075 1232 1116; x_wconf 88' lang='lat' dir='ltr'>necdum</span> <span class='ocrx_word' id='word_1_124' title='bbox 1257 1090 1282 1116; x_wconf 89' lang='lat' dir='ltr'>a</span> <span class='ocrx_word' id='word_1_125' title='bbox 1302 1076 1486 1129; x_wconf 89' lang='lat' dir='ltr'>corporis</span> <span class='ocrx_word' id='word_1_126' title='bbox 1508 1076 1640 1116; x_wconf 87' lang='lat' dir='ltr'>succis</span> <span class='ocrx_word' id='word_1_127' title='bbox 1662 1076 1881 1127; x_wconf 88' lang='lat' dir='ltr'>infectum,</span> <span class='ocrx_word' id='word_1_128' title='bbox 1928 1129 1931 1133; x_wconf 28' lang='grc' dir='ltr'>Ι</span> 
     </span>
     <span class='ocr_line' id='line_1_25' title="bbox 423 1142 1941 1198; baseline -0.003 -13"><span class='ocrx_word' id='word_1_129' title='bbox 423 1145 475 1185; x_wconf 84' lang='grc'>01)</span> <span class='ocrx_word' id='word_1_130' title='bbox 497 1159 660 1185; x_wconf 91' lang='lat' dir='ltr'>moram</span> <span class='ocrx_word' id='word_1_131' title='bbox 677 1145 793 1198; x_wconf 84' lang='lat' dir='ltr'>justo</span> <span class='ocrx_word' id='word_1_132' title='bbox 814 1144 1064 1184; x_wconf 69' lang='lat' dir='ltr'>breviorem.</span> <span class='ocrx_word' id='word_1_133' title='bbox 1939 1142 1941 1148; x_wconf 83' lang='grc'>’</span> 
     </span>
    </p>

    <p class='ocr_par' dir='ltr' id='par_1_8' title="bbox 421 1210 1941 1470">
     <span class='ocr_line' id='line_1_26' title="bbox 488 1210 1941 1267; baseline 0 -14"><span class='ocrx_word' id='word_1_134' title='bbox 488 1213 595 1266; x_wconf 67' lang='lat'>[86]</span> <span class='ocrx_word' id='word_1_135' title='bbox 633 1212 801 1253; x_wconf 85' lang='lat' dir='ltr'>Tertius</span> <span class='ocrx_word' id='word_1_136' title='bbox 824 1212 914 1265; x_wconf 80' lang='lat' dir='ltr'>jam</span> <span class='ocrx_word' id='word_1_137' title='bbox 936 1212 1078 1265; x_wconf 87' lang='lat' dir='ltr'>agitur</span> <span class='ocrx_word' id='word_1_138' title='bbox 1110 1226 1248 1252; x_wconf 88' lang='lat' dir='ltr'>annus</span> <span class='ocrx_word' id='word_1_139' title='bbox 1270 1225 1294 1251; x_wconf 93' lang='lat' dir='ltr'>a</span> <span class='ocrx_word' id='word_1_140' title='bbox 1320 1225 1402 1264; x_wconf 88' lang='lat' dir='ltr'>quo</span> <span class='ocrx_word' id='word_1_141' title='bbox 1422 1210 1591 1251; x_wconf 88' lang='lat' dir='ltr'>Nobilis</span> <span class='ocrx_word' id='word_1_142' title='bbox 1620 1211 1793 1264; x_wconf 88' lang='lat' dir='ltr'>quidam</span> <span class='ocrx_word' id='word_1_143' title='bbox 1813 1226 1882 1253; x_wconf 88' lang='lat' dir='ltr'>me</span> <span class='ocrx_word' id='word_1_144' title='bbox 1937 1255 1941 1267; x_wconf 33' lang='lat' dir='ltr'>ff</span> 
     </span>
     <span class='ocr_line' id='line_1_27' title="bbox 422 1275 1919 1333; baseline 0 -12"><span class='ocrx_word' id='word_1_145' title='bbox 422 1280 502 1321; x_wconf 86' lang='lat' dir='ltr'>sibi</span> <span class='ocrx_word' id='word_1_146' title='bbox 531 1281 753 1321; x_wconf 84' lang='lat' dir='ltr'>Medicum</span> <span class='ocrx_word' id='word_1_147' title='bbox 783 1280 963 1330; x_wconf 79' lang='lat' dir='ltr'>volebat,</span> <span class='ocrx_word' id='word_1_148' title='bbox 1002 1279 1073 1333; x_wconf 87' lang='lat' dir='ltr'>qui</span> <span class='ocrx_word' id='word_1_149' title='bbox 1105 1279 1291 1320; x_wconf 88' lang='lat' dir='ltr'>Colicam</span> <span class='ocrx_word' id='word_1_150' title='bbox 1324 1279 1752 1332; x_wconf 69' lang='lat' dir='ltr'>Hypochondriacam</span> <span class='ocrx_word' id='word_1_151' title='bbox 1792 1280 1882 1333; x_wconf 87' lang='lat' dir='ltr'>pati</span> <span class='ocrx_word' id='word_1_152' title='bbox 1912 1275 1919 1278; x_wconf 59' lang='grc'><em>”</em></span> 
     </span>
     <span class='ocr_line' id='line_1_28' title="bbox 421 1347 1879 1401; baseline 0 -13"><span class='ocrx_word' id='word_1_153' title='bbox 421 1349 526 1389; x_wconf 89' lang='lat' dir='ltr'>mihi</span> <span class='ocrx_word' id='word_1_154' title='bbox 556 1349 790 1396; x_wconf 67' lang='lat' dir='ltr'>videbatur,</span> <span class='ocrx_word' id='word_1_155' title='bbox 823 1348 877 1388; x_wconf 91' lang='lat' dir='ltr'>ad</span> <span class='ocrx_word' id='word_1_156' title='bbox 907 1348 1146 1401; x_wconf 84' lang='lat' dir='ltr'>passionem</span> <span class='ocrx_word' id='word_1_157' title='bbox 1176 1348 1342 1388; x_wconf 80' lang='lat' dir='ltr'>iliacam</span> <span class='ocrx_word' id='word_1_158' title='bbox 1372 1348 1459 1387; x_wconf 88' lang='lat' dir='ltr'>fere</span> <span class='ocrx_word' id='word_1_159' title='bbox 1491 1347 1776 1398; x_wconf 87' lang='lat' dir='ltr'>accedentem,</span> <span class='ocrx_word' id='word_1_160' title='bbox 1809 1347 1879 1389; x_wconf 88' lang='lat' dir='ltr'>do-</span> 
     </span>
     <span class='ocr_line' id='line_1_29' title="bbox 421 1415 1881 1470; baseline -0.001 -13"><span class='ocrx_word' id='word_1_161' title='bbox 421 1418 591 1470; x_wconf 88' lang='lat' dir='ltr'>loreque</span> <span class='ocrx_word' id='word_1_162' title='bbox 627 1422 669 1457; x_wconf 88' lang='lat' dir='ltr'>et</span> <span class='ocrx_word' id='word_1_163' title='bbox 699 1417 862 1457; x_wconf 78' lang='lat' dir='ltr'>vomitu</span> <span class='ocrx_word' id='word_1_164' title='bbox 893 1416 1145 1465; x_wconf 73' lang='lat' dir='ltr'>enormiori,</span> <span class='ocrx_word' id='word_1_165' title='bbox 1189 1431 1272 1469; x_wconf 90' lang='lat' dir='ltr'>quo</span> <span class='ocrx_word' id='word_1_166' title='bbox 1312 1415 1461 1456; x_wconf 91' lang='lat' dir='ltr'>morbo</span> <span class='ocrx_word' id='word_1_167' title='bbox 1502 1415 1575 1455; x_wconf 88' lang='lat' dir='ltr'>diu</span> <span class='ocrx_word' id='word_1_168' title='bbox 1611 1416 1881 1469; x_wconf 84' lang='lat' dir='ltr'>multumque</span> 
     </span>
    </p>
   </div>
   <div class='ocr_carea' id='block_1_8' title="bbox 420 1484 1937 1534">
    <p class='ocr_par' dir='ltr' id='par_1_9' title="bbox 420 1484 1956 1534">
     <span class='ocr_line' id='line_1_30' title="bbox 420 1484 1937 1534; baseline -0.003 -9"><span class='ocrx_word' id='word_1_169' title='bbox 420 1486 559 1526; x_wconf 86' lang='lat' dir='ltr'>fuerat</span> <span class='ocrx_word' id='word_1_170' title='bbox 588 1491 773 1534; x_wconf 79' lang='lat' dir='ltr'>vexatus,</span> <span class='ocrx_word' id='word_1_171' title='bbox 803 1490 844 1524; x_wconf 89' lang='lat' dir='ltr'>et</span> <span class='ocrx_word' id='word_1_172' title='bbox 875 1490 1047 1524; x_wconf 75' lang='lat' dir='ltr'>tantimi</span> <span class='ocrx_word' id='word_1_173' title='bbox 1076 1498 1163 1524; x_wconf 92' lang='lat' dir='ltr'>non</span> <span class='ocrx_word' id='word_1_174' title='bbox 1194 1484 1366 1524; x_wconf 86' lang='lat' dir='ltr'>fractus.</span> <span class='ocrx_word' id='word_1_175' title='bbox 1430 1484 1512 1523; x_wconf 90' lang='lat' dir='ltr'>Per</span> <span class='ocrx_word' id='word_1_176' title='bbox 1542 1498 1712 1524; x_wconf 88' lang='lat' dir='ltr'>omnem</span> <span class='ocrx_word' id='word_1_177' title='bbox 1743 1484 1881 1524; x_wconf 90' lang='lat' dir='ltr'>morbi</span> <span class='ocrx_word' id='word_1_178' title='bbox 1932 1522 1937 1528; x_wconf 79' lang='grc'><strong>,</strong></span> 
     </span>
    </p>
   </div>
   <div class='ocr_carea' id='block_1_9' title="bbox 422 1551 1878 1605">
    <p class='ocr_par' dir='ltr' id='par_1_10' title="bbox 422 1551 1878 1605">
     <span class='ocr_line' id='line_1_31' title="bbox 422 1551 1878 1605; baseline -0.001 -12"><span class='ocrx_word' id='word_1_179' title='bbox 422 1553 645 1594; x_wconf 88' lang='lat' dir='ltr'>decursum</span> <span class='ocrx_word' id='word_1_180' title='bbox 668 1553 838 1593; x_wconf 86' lang='lat' dir='ltr'>sedulus</span> <span class='ocrx_word' id='word_1_181' title='bbox 855 1552 1146 1600; x_wconf 80' lang='lat' dir='ltr'>animadverti,</span> <span class='ocrx_word' id='word_1_182' title='bbox 1165 1552 1290 1605; x_wconf 88' lang='lat' dir='ltr'>quod,</span> <span class='ocrx_word' id='word_1_183' title='bbox 1308 1551 1381 1591; x_wconf 91' lang='lat' dir='ltr'>ubi</span> <span class='ocrx_word' id='word_1_184' title='bbox 1401 1552 1581 1605; x_wconf 87' lang='lat' dir='ltr'>pessime</span> <span class='ocrx_word' id='word_1_185' title='bbox 1603 1565 1646 1591; x_wconf 89' lang='lat' dir='ltr'>se</span> <span class='ocrx_word' id='word_1_186' title='bbox 1667 1552 1878 1602; x_wconf 89' lang='lat' dir='ltr'>habuerit,</span> 
     </span>
    </p>
   </div>
   <div class='ocr_carea' id='block_1_10' title="bbox 419 1618 1956 1673">
    <p class='ocr_par' dir='ltr' id='par_1_11' title="bbox 419 1618 1956 1673">
     <span class='ocr_line' id='line_1_32' title="bbox 419 1618 1956 1673; baseline -0.001 -12"><span class='ocrx_word' id='word_1_187' title='bbox 419 1622 543 1661; x_wconf 89' lang='lat' dir='ltr'>urina</span> <span class='ocrx_word' id='word_1_188' title='bbox 576 1620 750 1673; x_wconf 88' lang='lat' dir='ltr'>limpida</span> <span class='ocrx_word' id='word_1_189' title='bbox 787 1626 827 1660; x_wconf 90' lang='lat' dir='ltr'>et</span> <span class='ocrx_word' id='word_1_190' title='bbox 860 1634 979 1660; x_wconf 91' lang='lat' dir='ltr'>exors</span> <span class='ocrx_word' id='word_1_191' title='bbox 1015 1619 1164 1660; x_wconf 88' lang='lat' dir='ltr'>coloris</span> <span class='ocrx_word' id='word_1_192' title='bbox 1202 1633 1367 1672; x_wconf 88' lang='lat' dir='ltr'>semper</span> <span class='ocrx_word' id='word_1_193' title='bbox 1401 1619 1543 1668; x_wconf 88' lang='lat' dir='ltr'>fuerit,</span> <span class='ocrx_word' id='word_1_194' title='bbox 1577 1618 1746 1672; x_wconf 88' lang='lat' dir='ltr'>quando</span> <span class='ocrx_word' id='word_1_195' title='bbox 1780 1631 1879 1660; x_wconf 78' lang='lat' dir='ltr'>vero</span> <span class='ocrx_word' id='word_1_196' title='bbox 1914 1647 1918 1651; x_wconf 87' lang='lat'><em>-</em></span> <span class='ocrx_word' id='word_1_197' title='bbox 1954 1623 1956 1634; x_wconf 71' lang='lat'>³</span> 
     </span>
    </p>
   </div>
   <div class='ocr_carea' id='block_1_11' title="bbox 414 1687 1878 2549">
    <p class='ocr_par' dir='ltr' id='par_1_12' title="bbox 414 1687 1878 2284">
     <span class='ocr_line' id='line_1_33' title="bbox 418 1687 1878 1742; baseline 0 -14"><span class='ocrx_word' id='word_1_198' title='bbox 418 1689 543 1742; x_wconf 87' lang='lat' dir='ltr'>paulo</span> <span class='ocrx_word' id='word_1_199' title='bbox 573 1689 736 1738; x_wconf 88' lang='lat' dir='ltr'>melius,</span> <span class='ocrx_word' id='word_1_200' title='bbox 759 1688 810 1728; x_wconf 88' lang='lat' dir='ltr'>ad</span> <span class='ocrx_word' id='word_1_201' title='bbox 840 1688 1041 1728; x_wconf 87' lang='lat' dir='ltr'>eitrinum</span> <span class='ocrx_word' id='word_1_202' title='bbox 1062 1692 1253 1741; x_wconf 77' lang='lat' dir='ltr'>vergeret</span> <span class='ocrx_word' id='word_1_203' title='bbox 1285 1688 1369 1727; x_wconf 85' lang='lat' dir='ltr'>illa.</span> <span class='ocrx_word' id='word_1_204' title='bbox 1433 1687 1564 1727; x_wconf 88' lang='lat' dir='ltr'>Hunc</span> <span class='ocrx_word' id='word_1_205' title='bbox 1596 1687 1663 1727; x_wconf 87' lang='lat' dir='ltr'>die</span> <span class='ocrx_word' id='word_1_206' title='bbox 1695 1687 1878 1740; x_wconf 88' lang='lat' dir='ltr'>quodam</span> 
     </span>
     <span class='ocr_line' id='line_1_34' title="bbox 418 1754 1877 1808; baseline 0 -12"><span class='ocrx_word' id='word_1_207' title='bbox 418 1757 576 1806; x_wconf 77' lang='lat' dir='ltr'>adiens,</span> <span class='ocrx_word' id='word_1_208' title='bbox 607 1756 776 1796; x_wconf 88' lang='lat' dir='ltr'>urinam</span> <span class='ocrx_word' id='word_1_209' title='bbox 807 1756 1003 1808; x_wconf 79' lang='lat' dir='ltr'>conspexi</span> <span class='ocrx_word' id='word_1_210' title='bbox 1035 1769 1161 1808; x_wconf 90' lang='lat' dir='ltr'>quam</span> <span class='ocrx_word' id='word_1_211' title='bbox 1192 1754 1328 1795; x_wconf 91' lang='lat' dir='ltr'>tribus</span> <span class='ocrx_word' id='word_1_212' title='bbox 1359 1755 1519 1795; x_wconf 69' lang='lat' dir='ltr'>vicibus</span> <span class='ocrx_word' id='word_1_213' title='bbox 1551 1761 1800 1806; x_wconf 75' lang='lat' dir='ltr'>excreverat,</span> <span class='ocrx_word' id='word_1_214' title='bbox 1831 1756 1877 1796; x_wconf 90' lang='lat' dir='ltr'>in</span> 
     </span>
     <span class='ocr_line' id='line_1_35' title="bbox 418 1823 1877 1876; baseline -0.001 -11"><span class='ocrx_word' id='word_1_215' title='bbox 418 1825 588 1865; x_wconf 87' lang='lat' dir='ltr'>matulis</span> <span class='ocrx_word' id='word_1_216' title='bbox 610 1824 788 1864; x_wconf 85' lang='lat' dir='ltr'>totidem</span> <span class='ocrx_word' id='word_1_217' title='bbox 816 1829 1085 1873; x_wconf 72' lang='lat' dir='ltr'>reservatam,</span> <span class='ocrx_word' id='word_1_218' title='bbox 1109 1823 1261 1863; x_wconf 86' lang='lat' dir='ltr'>citrino</span> <span class='ocrx_word' id='word_1_219' title='bbox 1283 1823 1421 1863; x_wconf 91' lang='lat' dir='ltr'>colore</span> <span class='ocrx_word' id='word_1_220' title='bbox 1449 1823 1707 1876; x_wconf 84' lang='lat' dir='ltr'>praeditam:</span> <span class='ocrx_word' id='word_1_221' title='bbox 1740 1824 1877 1864; x_wconf 88' lang='lat' dir='ltr'>laetus</span> 
     </span>
     <span class='ocr_line' id='line_1_36' title="bbox 416 1889 1877 1946; baseline 0.001 -15"><span class='ocrx_word' id='word_1_222' title='bbox 416 1893 503 1946; x_wconf 91' lang='lat' dir='ltr'>ipse</span> <span class='ocrx_word' id='word_1_223' title='bbox 539 1892 763 1944; x_wconf 83' lang='lat' dir='ltr'>hilarisque</span> <span class='ocrx_word' id='word_1_224' title='bbox 799 1891 941 1931; x_wconf 89' lang='lat' dir='ltr'>eibum</span> <span class='ocrx_word' id='word_1_225' title='bbox 978 1904 1027 1931; x_wconf 85' lang='lat' dir='ltr'>ex</span> <span class='ocrx_word' id='word_1_226' title='bbox 1065 1889 1285 1934; x_wconf 80' lang='grc' dir='ltr'>εὐπέπτοις</span> <span class='ocrx_word' id='word_1_227' title='bbox 1320 1891 1502 1944; x_wconf 87' lang='lat' dir='ltr'>aliquem</span> <span class='ocrx_word' id='word_1_228' title='bbox 1538 1892 1627 1945; x_wconf 85' lang='lat' dir='ltr'>jam</span> <span class='ocrx_word' id='word_1_229' title='bbox 1664 1906 1877 1933; x_wconf 83' lang='lat' dir='ltr'>assumere</span> 
     </span>
     <span class='ocr_line' id='line_1_37' title="bbox 416 1959 1876 2014; baseline 0.001 -14"><span class='ocrx_word' id='word_1_230' title='bbox 416 1961 713 2010; x_wconf 86' lang='lat' dir='ltr'>meditabatur,</span> <span class='ocrx_word' id='word_1_231' title='bbox 736 1959 940 1999; x_wconf 77' lang='lat' dir='ltr'>imitante</span> <span class='ocrx_word' id='word_1_232' title='bbox 971 1960 1099 2012; x_wconf 87' lang='lat' dir='ltr'>(quod</span> <span class='ocrx_word' id='word_1_233' title='bbox 1120 1959 1224 1999; x_wconf 91' lang='lat' dir='ltr'>mihi</span> <span class='ocrx_word' id='word_1_234' title='bbox 1252 1959 1447 2011; x_wconf 88' lang='lat' dir='ltr'>dicebat,)</span> <span class='ocrx_word' id='word_1_235' title='bbox 1473 1960 1665 2013; x_wconf 89' lang='lat' dir='ltr'>appetitu</span> <span class='ocrx_word' id='word_1_236' title='bbox 1678 1977 1689 2010; x_wconf 90' lang='lat'>;</span> <span class='ocrx_word' id='word_1_237' title='bbox 1721 1961 1765 2000; x_wconf 89' lang='lat' dir='ltr'>in</span> <span class='ocrx_word' id='word_1_238' title='bbox 1793 1975 1876 2014; x_wconf 93' lang='lat' dir='ltr'>quo</span> 
     </span>
     <span class='ocr_line' id='line_1_38' title="bbox 415 2026 1874 2082; baseline -0.001 -13"><span class='ocrx_word' id='word_1_239' title='bbox 415 2029 616 2082; x_wconf 86' lang='lat' dir='ltr'>temporis</span> <span class='ocrx_word' id='word_1_240' title='bbox 653 2028 828 2068; x_wconf 87' lang='lat' dir='ltr'>articulo</span> <span class='ocrx_word' id='word_1_241' title='bbox 861 2027 1158 2080; x_wconf 74' lang='lat' dir='ltr'>superveniens</span> <span class='ocrx_word' id='word_1_242' title='bbox 1188 2026 1359 2079; x_wconf 91' lang='lat' dir='ltr'>quidam</span> <span class='ocrx_word' id='word_1_243' title='bbox 1387 2041 1571 2080; x_wconf 88' lang='lat' dir='ltr'>eousque</span> <span class='ocrx_word' id='word_1_244' title='bbox 1598 2026 1727 2067; x_wconf 90' lang='lat' dir='ltr'>bilem</span> <span class='ocrx_word' id='word_1_245' title='bbox 1762 2042 1874 2069; x_wconf 89' lang='lat' dir='ltr'>com-</span> 
     </span>
     <span class='ocr_line' id='line_1_39' title="bbox 416 2095 1874 2150; baseline 0.002 -16"><span class='ocrx_word' id='word_1_246' title='bbox 416 2095 623 2145; x_wconf 79' lang='lat' dir='ltr'>movebat,</span> <span class='ocrx_word' id='word_1_247' title='bbox 650 2099 700 2135; x_wconf 86' lang='lat' dir='ltr'>ut</span> <span class='ocrx_word' id='word_1_248' title='bbox 729 2095 940 2148; x_wconf 83' lang='lat' dir='ltr'>extemplo</span> <span class='ocrx_word' id='word_1_249' title='bbox 970 2100 1194 2147; x_wconf 79' lang='lat' dir='ltr'>aegrotans</span> <span class='ocrx_word' id='word_1_250' title='bbox 1225 2095 1432 2135; x_wconf 88' lang='lat' dir='ltr'>matulam</span> <span class='ocrx_word' id='word_1_251' title='bbox 1461 2095 1719 2149; x_wconf 90' lang='lat' dir='ltr'>deposceret,</span> <span class='ocrx_word' id='word_1_252' title='bbox 1748 2111 1874 2150; x_wconf 90' lang='lat' dir='ltr'>quam</span> 
     </span>
     <span class='ocr_line' id='line_1_40' title="bbox 414 2162 1874 2217; baseline 0.001 -13"><span class='ocrx_word' id='word_1_253' title='bbox 414 2164 540 2204; x_wconf 74' lang='lat' dir='ltr'>mina</span> <span class='ocrx_word' id='word_1_254' title='bbox 577 2163 882 2217; x_wconf 88' lang='lat' dir='ltr'>limpidissima,</span> <span class='ocrx_word' id='word_1_255' title='bbox 920 2163 1166 2216; x_wconf 74' lang='lat' dir='ltr'>crystallum</span> <span class='ocrx_word' id='word_1_256' title='bbox 1207 2162 1345 2202; x_wconf 88' lang='lat' dir='ltr'>colore</span> <span class='ocrx_word' id='word_1_257' title='bbox 1385 2164 1638 2214; x_wconf 78' lang='lat' dir='ltr'>aemulante,</span> <span class='ocrx_word' id='word_1_258' title='bbox 1669 2164 1756 2205; x_wconf 89' lang='lat' dir='ltr'>fere</span> <span class='ocrx_word' id='word_1_259' title='bbox 1796 2164 1874 2204; x_wconf 90' lang='lat' dir='ltr'>im-</span> 
     </span>
     <span class='ocr_line' id='line_1_41' title="bbox 415 2231 556 2284; baseline 0 -13"><span class='ocrx_word' id='word_1_260' title='bbox 415 2231 556 2284; x_wconf 67' lang='lat' dir='ltr'>plexit.</span> 
     </span>
    </p>

    <p class='ocr_par' dir='ltr' id='par_1_13' title="bbox 414 2298 1873 2549">
     <span class='ocr_line' id='line_1_42' title="bbox 480 2298 1873 2353; baseline 0.003 -14"><span class='ocrx_word' id='word_1_261' title='bbox 480 2299 587 2353; x_wconf 63' lang='lat'><em>[87]</em></span> <span class='ocrx_word' id='word_1_262' title='bbox 617 2299 743 2339; x_wconf 86' lang='lat' dir='ltr'>Forte</span> <span class='ocrx_word' id='word_1_263' title='bbox 765 2298 893 2338; x_wconf 89' lang='lat' dir='ltr'>etiam</span> <span class='ocrx_word' id='word_1_264' title='bbox 915 2312 940 2338; x_wconf 89' lang='lat' dir='ltr'>a</span> <span class='ocrx_word' id='word_1_265' title='bbox 960 2298 1177 2352; x_wconf 88' lang='lat' dir='ltr'>spiritibus</span> <span class='ocrx_word' id='word_1_266' title='bbox 1199 2299 1450 2352; x_wconf 85' lang='lat' dir='ltr'>sanguinem</span> <span class='ocrx_word' id='word_1_267' title='bbox 1471 2299 1533 2340; x_wconf 89' lang='lat' dir='ltr'>ita</span> <span class='ocrx_word' id='word_1_268' title='bbox 1547 2300 1873 2343; x_wconf 88' lang='lat' dir='ltr'>molestantibus</span> 
     </span>
     <span class='ocr_line' id='line_1_43' title="bbox 414 2366 1872 2421; baseline 0.003 -13"><span class='ocrx_word' id='word_1_269' title='bbox 414 2368 570 2421; x_wconf 88' lang='lat' dir='ltr'>pendet</span> <span class='ocrx_word' id='word_1_270' title='bbox 600 2366 852 2421; x_wconf 74' lang='lat' dir='ltr'>ptyalismus</span> <span class='ocrx_word' id='word_1_271' title='bbox 882 2366 952 2406; x_wconf 85' lang='lat' dir='ltr'>ille</span> <span class='ocrx_word' id='word_1_272' title='bbox 985 2366 1220 2420; x_wconf 83' lang='lat' dir='ltr'>Hysterieis</span> <span class='ocrx_word' id='word_1_273' title='bbox 1251 2368 1481 2418; x_wconf 83' lang='lat' dir='ltr'>familiaris,</span> <span class='ocrx_word' id='word_1_274' title='bbox 1504 2382 1602 2408; x_wconf 90' lang='lat' dir='ltr'>eum</span> <span class='ocrx_word' id='word_1_275' title='bbox 1633 2370 1687 2410; x_wconf 90' lang='lat' dir='ltr'>ad</span> <span class='ocrx_word' id='word_1_276' title='bbox 1716 2371 1872 2412; x_wconf 84' lang='lat' dir='ltr'>multas</span> 
     </span>
     <span class='ocr_line' id='line_1_44' title="bbox 415 2435 1872 2492; baseline 0.003 -16"><span class='ocrx_word' id='word_1_277' title='bbox 415 2437 671 2490; x_wconf 88' lang='lat' dir='ltr'>septimanas</span> <span class='ocrx_word' id='word_1_278' title='bbox 702 2435 873 2475; x_wconf 77' lang='lat' dir='ltr'>salivam</span> <span class='ocrx_word' id='word_1_279' title='bbox 895 2440 1081 2487; x_wconf 88' lang='lat' dir='ltr'>expuant</span> <span class='ocrx_word' id='word_1_280' title='bbox 1101 2439 1288 2486; x_wconf 89' lang='lat' dir='ltr'>tenuem,</span> <span class='ocrx_word' id='word_1_281' title='bbox 1311 2436 1486 2489; x_wconf 88' lang='lat' dir='ltr'>perinde</span> <span class='ocrx_word' id='word_1_282' title='bbox 1508 2451 1556 2477; x_wconf 89' lang='lat' dir='ltr'>ac</span> <span class='ocrx_word' id='word_1_283' title='bbox 1586 2438 1621 2478; x_wconf 87' lang='lat' dir='ltr'>si</span> <span class='ocrx_word' id='word_1_284' title='bbox 1650 2446 1872 2492; x_wconf 86' lang='lat' dir='ltr'>unguento</span> 
     </span>
     <span class='ocr_line' id='line_1_45' title="bbox 414 2502 1871 2549; baseline 0.003 -5"><span class='ocrx_word' id='word_1_285' title='bbox 414 2520 464 2545; x_wconf 87' lang='lat' dir='ltr'>ex</span> <span class='ocrx_word' id='word_1_286' title='bbox 499 2504 715 2544; x_wconf 83' lang='lat' dir='ltr'>Mercurio</span> <span class='ocrx_word' id='word_1_287' title='bbox 748 2503 906 2542; x_wconf 89' lang='lat' dir='ltr'>fuerint</span> <span class='ocrx_word' id='word_1_288' title='bbox 943 2502 1179 2543; x_wconf 88' lang='lat' dir='ltr'>delibutae:</span> <span class='ocrx_word' id='word_1_289' title='bbox 1218 2503 1399 2544; x_wconf 78' lang='lat' dir='ltr'>dm&#39;ante</span> <span class='ocrx_word' id='word_1_290' title='bbox 1436 2505 1550 2545; x_wconf 89' lang='lat' dir='ltr'>enim</span> <span class='ocrx_word' id='word_1_291' title='bbox 1586 2504 1665 2547; x_wconf 75' lang='lat' dir='ltr'>hoe</span> <span class='ocrx_word' id='word_1_292' title='bbox 1700 2507 1871 2549; x_wconf 90' lang='lat' dir='ltr'>turbido</span> 
     </span>
    </p>
   </div>
   <div class='ocr_carea' id='block_1_12' title="bbox 414 2571 1942 2626">
    <p class='ocr_par' dir='ltr' id='par_1_14' title="bbox 414 2571 1942 2626">
     <span class='ocr_line' id='line_1_46' title="bbox 414 2571 1942 2626; baseline 0.003 -13"><span class='ocrx_word' id='word_1_293' title='bbox 414 2572 632 2626; x_wconf 81' lang='lat' dir='ltr'>sanguinis</span> <span class='ocrx_word' id='word_1_294' title='bbox 658 2577 786 2621; x_wconf 86' lang='lat' dir='ltr'>statu,</span> <span class='ocrx_word' id='word_1_295' title='bbox 808 2571 853 2611; x_wconf 92' lang='lat' dir='ltr'>in</span> <span class='ocrx_word' id='word_1_296' title='bbox 879 2585 962 2624; x_wconf 92' lang='lat' dir='ltr'>quo</span> <span class='ocrx_word' id='word_1_297' title='bbox 990 2571 1301 2612; x_wconf 86' lang='lat' dir='ltr'>excretionibus</span> <span class='ocrx_word' id='word_1_298' title='bbox 1330 2572 1384 2613; x_wconf 89' lang='lat' dir='ltr'>ad</span> <span class='ocrx_word' id='word_1_299' title='bbox 1404 2573 1596 2615; x_wconf 73' lang='lat' dir='ltr'>Natiuae</span> <span class='ocrx_word' id='word_1_300' title='bbox 1620 2575 1871 2617; x_wconf 90' lang='lat' dir='ltr'>methodum</span> <span class='ocrx_word' id='word_1_301' title='bbox 1904 2576 1909 2577; x_wconf 45' lang='lat'><em>⁷</em></span> <span class='ocrx_word' id='word_1_302' title='bbox 1940 2574 1942 2580; x_wconf 71' lang='grc'>’</span> 
     </span>
    </p>
   </div>
   <div class='ocr_carea' id='block_1_13' title="bbox 413 2639 1870 2967">
    <p class='ocr_par' dir='ltr' id='par_1_15' title="bbox 413 2639 1870 2967">
     <span class='ocr_line' id='line_1_47' title="bbox 413 2639 1870 2694; baseline 0.003 -13"><span class='ocrx_word' id='word_1_303' title='bbox 413 2641 630 2694; x_wconf 81' lang='lat' dir='ltr'>exigendis</span> <span class='ocrx_word' id='word_1_304' title='bbox 660 2641 796 2693; x_wconf 86' lang='lat' dir='ltr'>impar</span> <span class='ocrx_word' id='word_1_305' title='bbox 826 2639 861 2679; x_wconf 91' lang='lat' dir='ltr'>is</span> <span class='ocrx_word' id='word_1_306' title='bbox 892 2643 968 2689; x_wconf 90' lang='lat' dir='ltr'>est,</span> <span class='ocrx_word' id='word_1_307' title='bbox 992 2653 1145 2689; x_wconf 89' lang='lat' dir='ltr'>serum,</span> <span class='ocrx_word' id='word_1_308' title='bbox 1177 2645 1342 2680; x_wconf 90' lang='lat' dir='ltr'>motum</span> <span class='ocrx_word' id='word_1_309' title='bbox 1372 2641 1487 2682; x_wconf 89' lang='lat' dir='ltr'>hunc</span> <span class='ocrx_word' id='word_1_310' title='bbox 1518 2642 1732 2684; x_wconf 77' lang='lat' dir='ltr'>inversum</span> <span class='ocrx_word' id='word_1_311' title='bbox 1762 2644 1870 2686; x_wconf 87' lang='lat' dir='ltr'>forte</span> 
     </span>
     <span class='ocr_line' id='line_1_48' title="bbox 414 2707 1868 2762; baseline 0.003 -13"><span class='ocrx_word' id='word_1_312' title='bbox 414 2709 493 2749; x_wconf 85' lang='lat' dir='ltr'>sibi</span> <span class='ocrx_word' id='word_1_313' title='bbox 516 2708 756 2758; x_wconf 79' lang='lat' dir='ltr'>vendicans,</span> <span class='ocrx_word' id='word_1_314' title='bbox 779 2722 867 2747; x_wconf 89' lang='lat' dir='ltr'>non</span> <span class='ocrx_word' id='word_1_315' title='bbox 889 2707 1044 2761; x_wconf 87' lang='lat' dir='ltr'>jamin</span> <span class='ocrx_word' id='word_1_316' title='bbox 1072 2722 1193 2748; x_wconf 89' lang='lat' dir='ltr'>renes</span> <span class='ocrx_word' id='word_1_317' title='bbox 1223 2723 1299 2761; x_wconf 86' lang='lat' dir='ltr'>pro</span> <span class='ocrx_word' id='word_1_318' title='bbox 1326 2709 1419 2762; x_wconf 85' lang='lat' dir='ltr'>lege</span> <span class='ocrx_word' id='word_1_319' title='bbox 1449 2710 1643 2752; x_wconf 84' lang='lat' dir='ltr'>Naturae</span> <span class='ocrx_word' id='word_1_320' title='bbox 1670 2726 1868 2753; x_wconf 83' lang='lat' dir='ltr'>exonera-</span> 
     </span>
     <span class='ocr_line' id='line_1_49' title="bbox 414 2775 1866 2833; baseline 0.004 -18"><span class='ocrx_word' id='word_1_321' title='bbox 414 2782 496 2824; x_wconf 87' lang='lat' dir='ltr'>tur,</span> <span class='ocrx_word' id='word_1_322' title='bbox 520 2776 592 2816; x_wconf 87' lang='lat' dir='ltr'>sed</span> <span class='ocrx_word' id='word_1_323' title='bbox 620 2790 694 2829; x_wconf 89' lang='lat' dir='ltr'>per</span> <span class='ocrx_word' id='word_1_324' title='bbox 715 2775 964 2815; x_wconf 83' lang='lat' dir='ltr'>arteriarum</span> <span class='ocrx_word' id='word_1_325' title='bbox 993 2776 1281 2816; x_wconf 81' lang='lat' dir='ltr'>extremitates</span> <span class='ocrx_word' id='word_1_326' title='bbox 1309 2776 1355 2816; x_wconf 91' lang='lat' dir='ltr'>in</span> <span class='ocrx_word' id='word_1_327' title='bbox 1383 2777 1605 2829; x_wconf 81' lang='lat' dir='ltr'>glandulas</span> <span class='ocrx_word' id='word_1_328' title='bbox 1628 2779 1866 2833; x_wconf 89' lang='lat' dir='ltr'>deponitur,</span> 
     </span>
     <span class='ocr_line' id='line_1_50' title="bbox 415 2843 1868 2900; baseline 0.005 -19"><span class='ocrx_word' id='word_1_329' title='bbox 415 2848 455 2881; x_wconf 86' lang='lat' dir='ltr'>et</span> <span class='ocrx_word' id='word_1_330' title='bbox 479 2858 551 2895; x_wconf 81' lang='lat' dir='ltr'>per</span> <span class='ocrx_word' id='word_1_331' title='bbox 573 2843 724 2883; x_wconf 82' lang='lat' dir='ltr'>duetus</span> <span class='ocrx_word' id='word_1_332' title='bbox 747 2843 933 2882; x_wconf 81' lang='lat' dir='ltr'>salivales</span> <span class='ocrx_word' id='word_1_333' title='bbox 956 2843 1107 2883; x_wconf 69' lang='lat' dir='ltr'>salix-ae</span> <span class='ocrx_word' id='word_1_334' title='bbox 1131 2845 1263 2884; x_wconf 87' lang='lat' dir='ltr'>forma</span> <span class='ocrx_word' id='word_1_335' title='bbox 1284 2845 1435 2898; x_wconf 87' lang='lat' dir='ltr'>prodit.</span> <span class='ocrx_word' id='word_1_336' title='bbox 1487 2846 1604 2886; x_wconf 86' lang='lat' dir='ltr'>Idem</span> <span class='ocrx_word' id='word_1_337' title='bbox 1627 2847 1708 2887; x_wconf 83' lang='lat' dir='ltr'>diei</span> <span class='ocrx_word' id='word_1_338' title='bbox 1730 2853 1868 2900; x_wconf 85' lang='lat' dir='ltr'>potest</span> 
     </span>
     <span class='ocr_line' id='line_1_51' title="bbox 415 2909 1866 2967; baseline 0.007 -20"><span class='ocrx_word' id='word_1_339' title='bbox 415 2909 464 2948; x_wconf 77' lang='lat' dir='ltr'>de</span> <span class='ocrx_word' id='word_1_340' title='bbox 488 2911 703 2949; x_wconf 81' lang='lat' dir='ltr'>nocturnis</span> <span class='ocrx_word' id='word_1_341' title='bbox 725 2910 815 2950; x_wconf 81' lang='lat' dir='ltr'>istis</span> <span class='ocrx_word' id='word_1_342' title='bbox 838 2911 1074 2961; x_wconf 80' lang='lat' dir='ltr'>sudoribus,</span> <span class='ocrx_word' id='word_1_343' title='bbox 1093 2912 1244 2964; x_wconf 86' lang='lat' dir='ltr'>quibus</span> <span class='ocrx_word' id='word_1_344' title='bbox 1267 2913 1474 2953; x_wconf 79' lang='lat' dir='ltr'>foeminae</span> <span class='ocrx_word' id='word_1_345' title='bbox 1496 2912 1744 2967; x_wconf 67' lang='lat' dir='ltr'>Hystericae</span> <span class='ocrx_word' id='word_1_346' title='bbox 1762 2930 1866 2956; x_wconf 91' lang='lat' dir='ltr'>non-</span> 
     </span>
    </p>
   </div>
   <div class='ocr_carea' id='block_1_14' title="bbox 1913 0 1985 3308">
    <p class='ocr_par' dir='ltr' id='par_1_16' title="bbox 1913 0 1985 3308">
     <span class='ocr_line' id='line_1_52' title="bbox 1913 0 1985 3308; baseline 0 0"><span class='ocrx_word' id='word_1_347' title='bbox 1913 0 1985 3308; x_wconf 95' lang='lat' dir='ltr'> </span> 
     </span>
    </p>
   </div>
  </div>
 </body>
</html>
