1985 3308
292 195 817 236 OBSERVATIONUM
849 195 1225 235 MEDICARUM
1264 201 1291 234 1.
1319 205 1350 234 4.
1493 199 1547 235 43

86 302 281 355 nunquid
303 315 476 354 aegrum
497 302 562 341 vel
585 301 766 342 vomitus
795 302 859 342 vel
886 302 1026 342 inanis
1059 303 1200 356 aliqua
1229 305 1423 343 vomendi
1451 320 1545 358 pro—
1593 320 1720 350 Fumus

84 370 231 423 pensio
262 369 339 410 sub
372 369 516 410 Febris
547 369 720 410 initium
750 369 1110 411 intertmbaverit.
1173 371 1223 411 Id
1248 372 1282 411 si
1304 373 1543 426 contigerit,
1566 362 1748 435 32³3}ng

85 438 259 478 omnino
275 437 537 477 medicamen
551 437 778 477 emeticum
798 437 1048 491 praescribo,
1066 439 1149 479 nisi
1162 440 1227 479 vel
1244 444 1358 480 aetas
1374 441 1543 491 tenella,
1591 447 1724 478 ’ϋΙ-’ϋ-ι.

84 506 149 546 vel
178 506 357 558 insignis
389 506 529 558 aliqua
559 505 752 546 debilitas
784 506 898 559 aegri
930 506 981 547 ab
1014 521 1062 546 eo
1093 507 1417 560 temperandum
1451 523 1544 548 sua·
1566 495 1746 554 Quil'jssfl

84 574 197 615 serit.
262 575 372 615 Sane
393 575 663 615 vomitorium
684 575 918 628 propinare,
941 575 1015 616 ubi
1036 576 1276 616 istiusmodi
1303 591 1547 630 praegressa
1565 554 1739 631 {lsssztrlgfiiil

85 646 148 682 est
169 642 366 683 vomendi
396 643 646 696 proclivitas,
670 642 774 683 adeo
795 647 858 683 est
880 643 1176 694 necessarium,
1198 649 1260 694 ut,
1283 644 1366 684 nisi
1392 634 1749 714 1111m01232¹5¹51¹1¹8¹1¹gb

84 710 154 750 ille
179 711 424 764 expellatur,
446 711 493 751 111
518 711 730 751 sentinam
759 711 1040 764 complm’ium
1071 712 1281 752 malorum
1313 712 1547 752 difficilium
1567 728 1602 747 eo
1618 719 1716 749 absti-

85 779 138 819 sit
167 778 372 828 abitruus,
396 793 502 832 quae
527 792 695 819 crucem
726 779 860 831 figent
888 778 1060 820 Medico
1085 784 1176 820 toto
1206 779 1387 821 dmante
1414 780 1547 820 medi·
1566 761 1717 792 nendum.

83 847 261 887 cationis
289 851 490 900 tempore,
520 861 777 899 aegrumque
803 846 848 886 in
878 847 993 887 haud
1024 847 1113 888 leve
1143 848 1380 901 periculum
1414 849 1546 903 conji-

84 915 210 955 cient.
272 915 337 954 Ex
357 915 510 955 horum
530 914 764 968 praecipuis
793 919 835 954 et
856 915 1038 955 maxime
1061 915 1194 956 solitis
1223 921 1286 956 est
1313 916 1545 967 diarrhoea,
1567 923 1606 953 Id
1619 924 1752 973 sioprae·

85 996 191 1035 quae
212 986 261 1022 ut
286 982 517 1035 plurimum
543 982 590 1022 111
618 982 946 1022 defervescentia
966 982 1112 1022 Febris
1134 984 1421 1037 consequitur,
1445 998 1546 1037 quo·
1566 970 1750 1040 ξῇἳζζζῗζῗ

83 1049 332 1102 tiescunque
373 1049 561 1099 emetica,
605 1049 774 1102 quando
815 1063 864 1089 ea
897 1049 1101 1090 suadebat
1138 1050 1354 1101 indicatio,
1393 1051 1548 1092 omissa
1565 1051 1728 1101 indica-ba-

83 1116 213 1157 fuere.
275 1117 329 1157 In
351 1117 497 1158 Febris
525 1118 678 1171 quippe
704 1131 941 1171 progressu,
963 1117 1038 1158 ubi
1059 1118 1297 1170 malignum
1323 1118 1370 1158 in
1391 1119 1546 1159 ventri·
1565 1096 1751 1168 ξζὲρὲξὲξξ-

83 1185 178 1225 01110
213 1185 435 1225 111111101·0111
468 1185 665 1226 110111111111
706 1185 919 1237 subegerit
956 1185 1136 1235 Natura,
1174 1190 1216 1226 et
1258 1185 1311 1226 ad
1342 1186 1548 1227 intestina
1566 1180 1692 1219 quitum

83 1252 384 1303 amandaverit,
406 1253 479 1293 illa
514 1253 565 1293 ab
595 1253 680 1293 aeri
709 1253 888 1293 humore
921 1266 972 1293 ex
1001 1253 1081 1293 hoe
1109 1253 1154 1293 in
1181 1254 1398 1295 stomacho
1428 1254 1548 1295 fonte

82 1320 290 1374 perpetim
317 1321 575 1361 seatiu'iente
602 1335 735 1373 usque
764 1320 868 1361 adeo
897 1320 1193 1371 corroduntur,
1222 1325 1272 1362 ut
1296 1335 1383 1362 non
1414 1322 1548 1375 possit

82 1401 170 1429 non
210 1389 377 1442 insequi
405 1389 637 1429 diarrhoea.
701 1388 931 1429 Observam·
960 1388 1240 1428 nihilominus
1273 1389 1319 1428 in
1341 1389 1548 1430 Febribus

82 1456 439 1498 inflammatoriis⁵
471 1471 577 1510 quae
606 1457 819 1510 malignae
851 1456 978 1509 vulgo
1011 1456 1247 1496 habenturt
1275 1457 1548 1497 omissionem
1567 1469 1599 1494 at
1614 1475 1677 1495 non
1708 1509 1714 1515 ι

82 1525 306 1575 vomitorii,
327 1525 498 1566 tametsi
527 1525 624 1565 talis
654 1524 853 1565 vomendi
873 1524 1098 1578 propensio
1127 1525 1413 1577 praecesserit,
1437 1525 1546 1565 diar-
1567 1517 1738 1581 {fgssffirussn

82 1592 267 1643 rhoeam,
284 1593 642 1646 quemadmodum
658 1593 703 1632 in
719 1593 798 1633 hae
815 1592 951 1633 Febre
959 1600 992 1642 ¹¹,
1011 1592 1246 1632 necessario
1259 1606 1347 1633 non
1360 1593 1517 1634 inferre
1530 1610 1542 1643 ς
1563 1593 1729 1633 malignis.

83 1660 154 1701 sed
177 1660 228 1701 de
248 1661 332 1701 ista
351 1675 396 1702 re
416 1662 562 1715 plm‘ax
583 1661 628 1701 in
651 1660 939 1714 sequentibus.
997 1660 1068 1715 [ἕξ
1093 1662 1161 1710 51,
1185 1660 1275 1714 52]

146 1729 254 1783 [10.]
293 1730 320 1770 J
323 1744 392 1770 am
431 1734 575 1770 autem
615 1729 661 1769 in
697 1743 746 1770 eo
784 1734 976 1769 versatur
1015 1728 1256 1769 istiusmodi
1298 1728 1544 1770 diarrhoeae
1567 1742 1606 1772 In
1625 1749 1708 1783 quoy

80 1797 326 1850 perieulum,
350 1797 463 1850 quod
484 1811 620 1851 aeger,
637 1797 737 1837 satis
754 1797 844 1850 jam
864 1796 1013 1837 morbo
1035 1796 1295 1847 debilitatus,
1319 1801 1545 1837 enervatur
1562 1787 1725 1868 ffljlzissffi-

81 1864 272 1916 ulterius,
300 1870 342 1906 et
372 1870 590 1919 praeterea
615 1865 672 1918 (id
709 1865 822 1919 quod
851 1865 1021 1919 majoris
1053 1869 1117 1906 est
1147 1865 1193 1905 in
1223 1865 1354 1918 ipsius
1385 1879 1542 1905 noxam
1560 1871 1710 1920 arrhoeae

81 1934 316 1987 momenti,)
340 1934 386 1974 in
411 1934 556 1975 Febris
579 1934 874 1985 declinatione,
897 1948 980 1987 quo
1001 1939 1192 1987 tempore
1214 1933 1465 1975 contrahere
1497 1947 1541 1974 se
1559 1925 1580 1955 p
1583 1915 1748 1945 enculum.

81 2001 267 2054 sanguis,
304 2016 351 2042 ac
390 2002 476 2041 vim
517 2016 637 2042 suam
677 2015 846 2042 exerere
888 2001 1070 2042 debebat
1111 2001 1164 2042 ad
1205 2001 1540 2055 despumationis

81 2069 265 2109 officium
285 2069 588 2123 peragendum,
609 2069 779 2123 penitus
800 2069 1070 2123 praepeditur
1090 2070 1170 2110 hae
1191 2070 1428 2110 emissione.

146 2137 253 2191 [11.]
292 2138 319 2177 J
323 2152 391 2177 am
418 2151 515 2178 vero
542 2136 701 2190 nequid
727 2136 895 2177 dubites
921 2137 1145 2177 humorem
1175 2137 1291 2177 hune
1321 2137 1367 2177 in
1387 2137 1544 2177 ventri-

80 2205 175 2246 culo
208 2205 490 2255 nidulantem,
516 2205 600 2245 nisi
627 2205 735 2245 forte
762 2204 925 2245 vomitu
950 2204 1205 2254 eliminetur,
1234 2204 1346 2245 hanc
1377 2208 1544 2257 tragoe-

81 2273 195 2314 diam
220 2273 501 2326 (diarrhoeam
523 2273 645 2326 dico,)
667 2272 786 2326 quasi
808 2286 858 2313 ex
882 2271 1047 2312 insidiis
1069 2272 1287 2325 aliquanto
1302 2276 1398 2325 post
1420 2271 1542 2312 datu-

79 2355 176 2382 rum
187 2359 199 2392 ,
229 2342 505 2395 inquisitione
526 2341 726 2382 instituta
749 2354 971 2394 nunquam
992 2340 1078 2380 fere
1099 2354 1188 2380 non
1213 2340 1455 2393 comperieS‚
1488 2340 1541 2380 si-

81 2409 250 2462 quando
266 2409 436 2450 Febrim
459 2409 680 2450 diarrhoea
701 2409 940 2460 comitetm,
964 2423 1139 2462 aegrum
1160 2409 1205 2448 in
1226 2408 1364 2449 morbi
1384 2408 1540 2462 princi-

78 2476 148 2530 pio
168 2477 215 2517 in
235 2478 442 2518 vomitum
468 2478 695 2531 proclivem
724 2477 866 2528 fuisse,
889 2491 967 2518 nec
998 2483 1143 2518 tamen
1165 2476 1391 2516 emetieum
1412 2476 1543 2517 fuisse

78 2545 363 2598 propinatum.
425 2546 557 2587 Porro
588 2547 716 2586 etiam
748 2551 1011 2599 compertum
1042 2544 1231 2594 habebis,
1254 2543 1421 2584 etiamsi
1447 2558 1541 2597 pro·
1562 2556 1612 2587 Ea
1627 2559 1666 2589 ab
1683 2571 1738 2591 ex-

80 2612 240 2654 clivitas
259 2614 333 2655 illa
353 2613 406 2655 ad
426 2614 682 2655 vomendum
699 2614 953 2668 jampridem
974 2612 1251 2668 praeterierit,
1274 2611 1540 2652 diarrhoeam
1560 2599 1662 2631 hibito

1559 2644 1702 2683 emetico,

122 2712 134 2726 ¹'
155 2705 279 2747 quibus]
299 2707 328 2735 ἰη
345 2707 452 2745 quibas
468 2705 514 2735 ed.
535 2705 596 2737 ''76-
838 2704 906 2734 edd.
926 2705 988 2741 ¹68,
1007 2704 1067 2735 ’76.

123 2754 134 2768 ⁸
156 2747 313 2788 iustarum]
332 2758 394 2778 om.
411 2748 481 2778 edd.
501 2748 563 2783 ’66,
582 2748 644 2783 ’(18,
662 2747 722 2779 ⁸76.
882 2745 896 2759 ¹
920 2749 973 2777 sed
996 2748 1031 2776 de
1057 2749 1115 2775 ista
1143 2744 1213 2785 δὶα]
1240 2757 1327 2785 quam
1355 2750 1452 2775 lamen
1476 2747 1540 2775 alia

124 2794 133 2810 ‘
155 2794 223 2822 mal.
242 2793 329 2830 vulgo
345 2790 430 2830 hab.]
458 2793 576 2820 ineunte
598 2801 663 2820 vere
685 2800 774 2829 gras·
837 2791 940 2829 quavis
964 2791 1035 2819 anni
1060 2793 1232 2827 tempestate
1258 2786 1372 2826 infern
1392 2790 1536 2826 proinde-

79 2840 186 2866 santur
201 2834 248 2865 ed.
265 2835 317 2864 ’66
332 2846 338 2867 ;
364 2845 430 2864 vere
443 2835 592 2873 malignae
608 2834 712 2862 haberi
727 2834 778 2862 de·
837 2843 893 2871 que
909 2837 978 2861 lunc
998 2833 1137 2870 temporis
1159 2842 1213 2860 ηοιι
1234 2832 1307 2860 adeo
1330 2833 1538 2865 necessarium,

82 2879 150 2908 bont
166 2877 234 2907 edd.
248 2877 311 2911 ⁵68,
328 2876 389 2907 ’76-
837 2876 955 2904 etlamsi
971 2876 1055 2904 valde
1068 2875 1231 2912 proficuam
1247 2884 1308 2903 esse
1321 2875 1437 2903 emetiei
1455 2885 1537 2903 usum

124 2923 138 2938 '¹
161 2930 254 2959 quem.
279 2921 308 2949 in
333 2921 389 2949 hac
414 2917 528 2957 Febre]
549 2928 611 2948 om.
632 2917 677 2948 ed.
702 2918 774 2951 ‘66;
838 2919 971 2947 arbitror
986 2917 1034 2946 ed.
1053 2916 1115 2945 ‘66.

81 2964 320 3002 quemadmodum
337 2963 366 2991 in
383 2963 453 2991 aliis
468 2963 618 3000 quibusvis
630 2961 777 2990 Febribas
879 2965 892 2983 5
918 2961 952 2989 Ιη
969 2971 1025 2999 quo
1042 2958 1110 2999 δἐι]
1129 2969 1189 2988 om.
1207 2958 1253 2988 ed.
1273 2958 1333 2989 ¹76.
