1985 3308
606 122 952 164 TRACTATUS
986 122 1022 163 Ι.
1459 122 1544 161 453

233 233 359 266 Tamen
377 231 625 276 etiampraeter
641 241 730 274 spem
746 226 981 261 accidentibus
997 226 1088 260 viam
1106 226 1260 259 invenire
1274 225 1356 258 solet
1373 225 1476 259 Deus.
1505 229 1546 259 10
1577 232 1631 262 D1:
1651 233 1741 264 Pon-

231 289 355 328 Quivis
371 288 536 322 sustineat
554 286 715 330 Podayra
731 283 963 318 laborantium
1611 285 1716 306 AGRA-

228 345 360 380 Delucli
379 351 409 378 et
427 343 599 383 clerideri;

280 402 373 435 Talis
390 401 479 435 enim
498 400 601 447 liujus
617 399 728 434 morbi
745 405 871 432 natura
888 405 945 432 est.

154 508 262 562 [71.]
301 508 363 548 Ut
389 507 519 548 semel
549 507 719 548 finiam:
751 505 978 547 methodus
1007 519 1135 560 quam
1162 505 1232 546 hic
1259 503 1381 546 trado
1407 506 1549 560 φαινο-

87 573 221 627 μένων
244 574 557 628 praedictorum
591 573 777 614 examini
820 573 1045 624 innititur,
1078 587 1289 627 quamque
1323 587 1402 626 ego
1435 586 1551 613 seeu-

88 647 160 683 tus
185 646 276 682 tam
306 641 352 682 in
382 642 473 694 ipso
503 656 582 691 mc,
612 655 739 694 quam
770 641 816 681 in
845 640 949 691 aliis,
977 640 1116 681 morbi
1145 640 1338 681 levamen
1368 640 1548 694 percepi.

89 708 323 762 Therapeia
342 708 536 748 radicalis
568 712 611 748 ot
635 722 938 761 usquequaque
965 708 1163 762 perfecta,
1187 723 1270 762 qua
1295 709 1388 762 quis
1420 709 1549 749 etiam
1569 719 1746 760 Therapeia

90 791 116 818 a
135 776 317 817 diathesi
338 776 392 816 ad
417 775 533 816 hunc
560 775 758 816 morbum
785 775 894 815 foret
915 774 1132 825 liberatus,
1155 775 1294 816 adhuc
1321 775 1367 815 in
1392 775 1549 816 Demo·
1567 763 1720 836 {ffijgsslffi

89 844 186 886 criti
218 848 373 897 puteog
402 843 521 892 latet,
545 847 672 895 atque
699 842 745 882 in
775 842 970 883 Naturae
1001 842 1097 882 sinu
1126 842 1385 893 reconditur,
1408 843 1548 884 nescio
1568 848 1746 879 Democriti

90 910 260 964 quando
291 913 366 950 aut
397 924 422 950 a
458 909 610 962 quibus
645 909 692 949 in
727 910 866 950 lucem
897 910 1170 951 extrahenda.
1235 911 1366 964 Spero
1396 911 1549 952 nihilo·
1567 892 1758 973 ξὲξῗξιῗὲῗῒ’

89 977 232 1020 minus
277 991 346 1018 me
391 977 472 1017 hoc
513 977 668 1029 scripto
712 977 901 1017 humano
949 978 1095 1030 generi
1140 979 1352 1019 commodi
1393 979 1550 1032 aliquid
1568 987 1642 1006 men
1653 987 1755 1016 quan-

89 1046 332 1097 contulisse,
368 1046 403 1087 si
431 1046 535 1086 istos
567 1046 759 1099 scopulos
795 1046 978 1087 fideliter
1006 1046 1322 1100 indigitaverim
1359 1048 1413 1088 ad
1448 1062 1551 1102 quos
1569 1019 1775 1093 11ξὲζὲῗέῃῖτί-

89 1119 183 1156 tum
217 1114 397 1168 ipsemet
437 1118 532 1154 tum
573 1113 643 1154 alii
682 1113 855 1167 plurimi
893 1114 1166 1167 naufragium
1201 1115 1391 1166 fecimus,
1425 1120 1552 1169 atque
1570 1105 1757 1178 fflffi‘s’rdu-

89 1183 264 1236 insuper
291 1182 496 1235 optimam
525 1195 632 1235 quae
662 1181 870 1222 hactenus
898 1182 1128 1223 innotescit
1155 1183 1404 1224 methodum
1433 1198 1552 1238 prae-
1570 1189 1761 1221 bitatmnde

91 1251 430 1292 monstraverim.
491 1252 596 1292 Non
623 1251 688 1292 his
713 1252 875 1306 majora
901 1253 1105 1306 promitto
1117 1270 1129 1304 ,-
1162 1255 1350 1308 quamxis
1375 1269 1400 1295 a
1425 1256 1554 1309 longa
1571 1232 1731 1315 {fffftsfiffi

92 1321 402 1374 cogitationum
442 1321 561 1371 serie,
600 1335 702 1374 quas
743 1321 843 1361 huic
877 1321 939 1361 rei
977 1321 1224 1375 impendere
1258 1327 1431 1363 tantum
1465 1337 1554 1363 non
1571 1318 1761 1390 halluflinati

91 1403 188 1429 sum
208 1393 392 1439 coactus,
414 1388 594 1428 inducar
614 1388 785 1429 credere
807 1389 1017 1442 ejusmodi
1040 1389 1278 1429 remedium
1300 1390 1555 1443 quandoque
1573 1366 1744 1434 111ιὲ110ὶῖ11

89 1456 313 1497 inventum
347 1455 412 1496 iri.
476 1455 603 1497 Quod
638 1455 673 1495 si
711 1469 903 1509 unquam
940 1455 1153 1506 acciderit,
1184 1456 1398 1497 inscitiam
1434 1472 1555 1498 suam
1573 1447 1759 1520 ξζξζὲἓζξῑῃ

91 1524 342 1578 dogmaticis
378 1523 661 1578 exprobrabit,
694 1528 821 1577 atque
857 1523 1009 1564 exinde
1043 1523 1223 1577 liquebit
1260 1538 1387 1578 quam
1422 1524 1552 1578 insig-
1572 1530 1762 1581 dignoscen-

91 1593 216 1644 niter,
251 1598 342 1634 tam
381 1593 428 1633 in
469 1592 767 1646 dignoscendis
807 1591 1055 1632 morborum
1096 1592 1303 1643 essentiis,
1341 1607 1469 1646 quam
1508 1593 1555 1633 in
1574 1576 1760 1652 {lgss’ggssffis

91 1659 414 1702 medicamentis
436 1659 589 1713 quibus
611 1672 681 1700 eos
703 1659 1026 1713 aggrediuntur,
1048 1659 1379 1700 hallucinentur.
1423 1661 1556 1715 Cujus
1575 1662 1761 1694 cisPeruvi.

91 1727 154 1768 rei
175 1727 415 1780 exemplum
437 1726 537 1767 satis
558 1726 828 1767 luculentum
848 1726 1055 1767 habemus
1071 1727 1118 1767 in
1138 1728 1378 1781 repertione
1401 1729 1557 1769 summi
1575 1715 1627 1778 {¹12¹
1635 1716 1744 1779 {33⁶1

92 1795 206 1836 illius
238 1794 292 1835 ad
326 1793 465 1835 febres
495 1793 833 1834 intermittentes
865 1794 1059 1848 specifiei,
1099 1794 1278 1836 Corticis
1314 1797 1554 1838 Peruviani.
1574 1791 1730 1864 P¹¹¹,¹¹¹l‘-'⁵t

93 1863 178 1904 Per
209 1866 311 1916 quot
342 1862 432 1915 jam
466 1862 632 1902 saecula
661 1861 857 1903 homines
894 1862 1051 1916 quique
1083 1863 1348 1904 solertissimi
1382 1865 1557 1918 ingenia
1575 1839 1759 1918 ῗέιῒιῗιιιΕΟ-Ξι

96 1935 374 1972 exercuerant
404 1930 451 1970 in
484 1930 789 1983 investigandis
820 1930 972 1971 harum
1003 1930 1188 1971 febrium
1223 1932 1372 1983 causis,
1404 1933 1557 1986 quibus
1575 1924 1757 2002 {³1}a‘{1}²1²)¹i¹2a-

93 1998 245 2052 praxin
277 1997 453 2051 quilibet
481 1997 640 2050 aptavit
668 1997 857 2038 theoriae
891 2012 915 2038 a
943 2012 986 2038 se
1013 1999 1276 2052 excogitatae
1301 2000 1461 2053 optime
1490 2015 1557 2041 re-
1576 2008 1607 2034 to
1618 2005 1651 2034 in
1665 2006 1759 2055 febri-

96 2066 402 2121 spondentem!
467 2065 692 2107 Quomodo
719 2080 818 2106 vero
848 2065 928 2106 hae
958 2066 1262 2107 medieationes
1290 2068 1557 2110 theoremata
1574 2057 1754 2121 gazzi-ism

94 2135 291 2176 valebant
322 2133 561 2184 defendere,
588 2147 639 2174 ex
665 2133 716 2173 iis
745 2137 912 2174 constat
941 2148 1122 2188 quorum
1154 2135 1292 2176 adhuc
1318 2150 1464 2177 recens
1492 2142 1555 2178 est
1574 2134 1688 2183 gandi?
1704 2135 1754 2184 vuel

95 2203 314 2253 memoria,
340 2202 388 2242 in
415 2201 568 2255 quibus
595 2201 729 2242 varias
756 2201 1139 2243 intermittentium
1172 2203 1330 2256 species
1360 2204 1406 2244 in
1433 2205 1556 2245 variis
1576 2175 1763 2259 issiiiigtiia

95 2270 347 2312 humoribus
371 2270 418 2310 in
439 2283 612 2324 corpore
637 2269 978 2310 redundantibus
1003 2270 1270 2321 collocantes,
1293 2272 1557 2313 curationem
1575 2271 1741 2336 {ffir‘g‘sser‘

97 2339 152 2380 ad
174 2339 405 2380 humorum
428 2339 609 2380 istorum
635 2338 931 2379 alterationem
959 2343 1087 2392 atque
1112 2339 1430 2381 evacuationem
1458 2340 1557 2381 diri-

98 2421 196 2462 gere
227 2407 433 2448 solebant.
494 2407 712 2460 At-quam
741 2406 1007 2460 inauspicato
1037 2406 1082 2446 id
1113 2412 1305 2460 egerunt,
1335 2422 1481 2448 corum
1511 2409 1558 2449 in

97 2475 164 2517 his
185 2476 460 2517 conaminum
480 2475 712 2526 frustratio,
734 2475 958 2529 praecipue
979 2489 1077 2516 vero
1102 2475 1230 2529 hujus
1253 2476 1431 2517 Corticis
1455 2492 1558 2518 usus

98 2543 271 2593 felicior,
303 2543 444 2596 palam
473 2543 661 2583 faciunt:
709 2543 829 2597 cujus
861 2557 939 2596 ope
970 2557 1047 2583 nos
1078 2556 1194 2583 nunc
1224 2544 1428 2597 temporis
1463 2550 1558 2586 tum

99 2611 299 2653 humores
330 2610 574 2665 hujusmodi
605 2625 765 2661 omnes,
794 2615 888 2652 tum
920 2610 1049 2651 ctiam
1080 2610 1265 2651 diaetam
1296 2617 1337 2652 et
1365 2613 1558 2666 regimen

100 2679 396 2734 quodcunque,
419 2693 573 2733 susque
598 2678 733 2733 deque
753 2678 973 2729 habentes,
997 2692 1043 2719 ac
1068 2679 1176 2719 nihil
1200 2679 1283 2720 nisi
1307 2681 1559 2722 methodum

144 2823 161 2847 3
183 2821 213 2849 in
227 2816 482 2857 Demaenpateo]
500 2817 706 2847 Democritus
719 2816 799 2846 dixit
861 2827 927 2857 sup.
956 2818 1054 2855 Epist.
1079 2818 1218 2856 Respons.
1235 2819 1278 2848 II.
1303 2818 1317 2855 ᾗ
1344 2819 1401 2853 3ος
1429 2819 1558 2850 Dissert.

103 2861 167 2892 “in
193 2861 350 2902 profundo
381 2861 549 2891 veritatem
580 2870 648 2890 osse
676 2860 798 2890 demer-
861 2861 959 2898 Epist.
979 2863 993 2897 ᾗ
1015 2860 1069 2893 17;
1097 2860 1244 2890 Lac-tant.
1266 2862 1369 2890 Divin.
1397 2862 1498 2891 lnslir.
1516 2862 1559 2892 iii.

103 2907 202 2935 sam.'’
251 2904 336 2944 (Cic.
362 2905 457 2935 Acad.
486 2904 607 2936 Quaesl.
633 2903 650 2934 i.
678 2904 730 2941 12)
751 2903 799 2933 Cf.
861 2904 924 2938 28;
952 2902 1045 2942 Diog.
1066 2902 1170 2933 La'ert.
1194 2904 1251 2934 Vil.
1273 2904 1382 2934 Philas.
1401 2903 1441 2935 ix.
1461 2906 1475 2943 ξ
1497 2904 1546 2936 72.
