1985 3308
323 153 846 195 OBSERVATIONUM
878 151 1253 193 MEDICARUM
1287 157 1351 190 VI.
1378 161 1410 191 3.
1510 154 1590 192 251

137 264 180 300 et
215 260 443 313 praeterita
453 276 464 310 ;
497 273 594 300 cum
623 272 786 313 semper
816 258 1144 299 existimaverim
1173 257 1220 298 in
1251 270 1417 297 summo
1449 256 1591 297 discri-
1647 265 1758 295 Pmo-

137 327 253 368 mine
273 328 428 368 versari
446 327 540 369 illos
561 327 633 381 qui
653 327 850 367 morbum
870 327 986 367 hunc
1013 325 1345 380 expectorationi
1370 325 1591 365 climinan-
1630 317 1753 395 rurus.

138 393 240 434 dum
271 395 598 436 committerent.
659 395 775 435 Nam
810 399 858 435 ut
888 395 1078 435 taedium
1114 394 1242 448 hujus
1274 392 1478 444 methodi,
1512 407 1594 446 qua
1611 376 1780 438 ῗιιιιὲᾞῗιῃ

137 462 307 502 Natura
341 463 542 503 materiae
578 462 819 503 morbificae
850 462 1081 516 ejiciendae
1121 461 1289 514 satagit,
1332 461 1592 509 omittamus,
1612 451 1800 532 ζῇῐᾎξέζιὶξζιῗζ)

135 528 318 568 nimium
358 529 616 582 periculosae
653 529 827 583 insuper
867 543 933 570 res
969 535 1033 570 cst
1070 530 1210 580 aleae3
1243 543 1342 570 cum
1376 543 1464 569 non
1499 542 1594 568 raro
1613 536 1759 585 qommit-

137 596 316 646 eveniat,
338 601 456 649 parte
489 597 629 650 aliqua
649 598 852 638 materiae
878 597 969 651 jam
997 602 1210 648 concocta,
1233 597 1342 638 forte
1364 597 1494 637 etiam
1522 609 1597 649 per
1613 582 1701 608 ‘stur'

136 661 426 717 ἀνακάθαρσιν
455 664 624 717 rejecta,
646 665 855 718 reliquam
889 664 1028 706 adhuc
1053 664 1230 705 crudam
1253 677 1441 714 manere,
1470 662 1597 716 idque

138 730 380 782 successive,
402 732 777 784 praestantissimis
800 731 1037 785 quibusque
1057 731 1255 772 remediis
1280 729 1598 770 maturantibus

138 797 591 852 expectorantibusque
639 798 854 839 incassum
900 798 1128 852 usurpatis,
1171 812 1269 840 cum
1311 797 1599 852 expectoratio

139 879 255 905 nunc
287 864 457 918 quidem
478 866 578 906 satis
609 865 826 919 auspicato
857 865 1068 919 procedat,
1092 879 1206 906 nunc
1233 866 1405 919 penitus
1434 864 1598 918 suppri-

142 937 307 983 mann-3
346 947 473 986 aegro
504 932 677 973 iuterim
708 946 1012 987 usquequaque
1039 932 1317 985 periclitante,
1352 936 1493 985 atque,
1524 945 1600 984 pro

140 1015 235 1041 meo
255 1001 301 1040 in
329 1001 713 1054 expectorationem
739 1001 928 1054 imperio,
956 1000 1086 1053 (quod
1111 1014 1212 1040 sane
1239 999 1408 1040 nullum
1427 1012 1598 1052 prorsus

140 1068 233 1120 cst‚)
255 1068 338 1108 sive
352 1068 464 1118 vixis,
481 1068 565 1108 sive
580 1068 708 1108 etiam
725 1068 916 1118 mortuis,
935 1067 1217 1121 adjudicando
1233 1083 1240 1106 :
1269 1080 1366 1106 cum
1383 1080 1405 1106 e
1420 1065 1597 1115 diverso,

142 1135 356 1176 mediante
377 1136 729 1186 venae-sectione,
758 1135 976 1175 morbifica
1005 1135 1184 1176 materia
1210 1148 1339 1188 penes
1369 1148 1515 1176 meum
1546 1134 1600 1174 sit

143 1203 378 1253 arbitrium,
401 1209 443 1244 et
475 1203 682 1243 orificium
713 1217 737 1243 a
764 1201 1036 1256 phlebotomo
1064 1202 1246 1242 incisum
1274 1201 1471 1242 tracheae
1491 1201 1601 1241 vices

143 1269 284 1310 subire
305 1274 493 1322 cogatur.
542 1268 746 1310 Quinimo
763 1274 1008 1309 constanter
1028 1283 1180 1319 assero,
1202 1269 1367 1310 huncce
1387 1268 1600 1318 morbum,

142 1336 227 1389 qui,
262 1336 297 1376 si
331 1336 454 1389 juxta
491 1340 716 1389 praecepta
756 1350 781 1377 a
819 1335 942 1376 nobis
983 1336 1186 1377 damnata
1223 1341 1444 1386 tractetur,
1485 1336 1601 1377 inter

140 1403 456 1457 patentissimas
478 1403 578 1444 Orci
603 1404 758 1457 januas
787 1403 940 1444 merito
967 1408 1225 1454 recensetur,
1254 1417 1387 1456 aeque
1412 1408 1526 1443 certo
1555 1417 1603 1443 36

141 1475 238 1511 tuto
266 1470 466 1511 methodo
493 1471 584 1524 jam
612 1484 637 1510 a
665 1484 734 1511 me
768 1470 1027 1523 praescripta
1058 1470 1122 1523 (ut
1155 1470 1207 1510 de
1242 1469 1489 1510 brevissimo
1521 1484 1604 1523 quo

141 1538 393 1592 profligatur
421 1543 612 1591 tempore
647 1537 756 1578 nihil
790 1537 881 1591 jam
912 1537 1078 1590 dicam,)
1114 1551 1162 1577 ac
1200 1537 1331 1577 alium
1370 1536 1604 1591 quemlibet

142 1606 340 1647 morbum
373 1605 586 1646 debellari.
648 1605 743 1645 Nec
779 1604 882 1644 dum
918 1603 1025 1644 mihi
1055 1603 1246 1644 innotuit
1281 1603 1347 1643 vel
1378 1602 1605 1642 minimum

143 1673 290 1714 damni
322 1688 347 1714 a
377 1678 467 1714 tam
502 1673 621 1726 larga
662 1672 882 1725 sanguinis
923 1672 986 1725 (ut
1020 1670 1229 1725 imperitis
1264 1670 1395 1710 videri
1433 1670 1603 1723 potest,)

145 1741 408 1782 detractione
430 1741 628 1795 cuiquam
648 1740 778 1781 fuisse
798 1740 978 1780 illatum.

205 1808 315 1864 [la]
357 1809 489 1862 Saepe
519 1809 690 1863 quidem
716 1822 940 1862 aggressus
969 1821 1077 1857 sum,
1105 1807 1152 1847 in
1181 1805 1409 1847 tractando
1436 1804 1517 1844 hoc
1548 1803 1608 1843 af-

145 1878 262 1918 fectu
273 1884 303 1927 g,
331 1876 554 1931 θεραπείας
583 1878 794 1918 rationem
825 1877 1012 1930 aliquam
1040 1875 1242 1925 stabilire,
1273 1888 1380 1928 quae
1411 1873 1518 1913 citra
1546 1872 1610 1911 in-

148 1949 322 1998 gentem
347 1945 458 1984 hanc
487 1945 708 1998 sanguinis
730 1945 944 1998 jacturam
972 1943 1234 1993 subsisteret,
1256 1955 1410 1995 nempe
1436 1941 1503 1981 vel
1532 1940 1611 1979 hu-

147 2026 309 2053 morem
330 2012 590 2062 resolvendo,
612 2013 679 2053 vel
700 2012 1054 2066 expectorationis
1078 2011 1346 2065 promotione
1375 2010 1496 2049 illum
1519 2022 1612 2049 eva-

149 2079 331 2121 cuando.
391 2080 476 2120 Sed
509 2080 702 2120 nondum
738 2094 788 2120 ea
820 2094 909 2120 sors
940 2079 1047 2119 mihi
1080 2078 1274 2130 contigit,
1306 2082 1355 2117 ut
1387 2077 1487 2117 huic
1520 2076 1611 2129 ipsi,

151 2162 281 2201 supra
310 2153 581 2198 memoratae,
610 2148 743 2201 praxi,
771 2161 916 2200 parem
949 2147 1134 2199 aliquam
1164 2145 1348 2199 reperire
1378 2144 1587 2198 potuerim
1603 2160 1613 2192 3

149 2216 271 2268 cujus
292 2214 498 2255 beneficio
518 2216 621 2268 (non
643 2215 840 2255 obstante
856 2214 970 2254 tristi
986 2214 1060 2254 illa
1076 2213 1190 2267 apud
1208 2212 1515 2265 Hippocratem
1528 2210 1545 2234 ¹¹
1563 2210 1615 2250 de

150 2283 379 2323 Pleuritz'cle
408 2284 517 2323 sicca
547 2281 800 2336 prognosii,)
826 2296 1016 2335 aegrum,
1044 2281 1175 2322 ctiam
1206 2294 1296 2320 non
1326 2284 1515 2320 moratus
1547 2292 1615 2318 ex-

151 2351 499 2404 pectorationem,
519 2351 570 2391 ab
594 2351 759 2390 insultu
781 2350 920 2390 morbi
939 2349 1120 2399 vindico,
1137 2362 1212 2401 per
1232 2348 1371 2401 ipsum
1394 2352 1532 2387 sectae
1547 2359 1614 2386 ve·

151 2432 231 2458 nae
253 2419 460 2459 orificium
482 2424 524 2459 et
547 2418 772 2459 Pleuritidi
792 2419 939 2470 sugam
960 2431 1128 2471 parans,
1143 2421 1185 2457 et
1207 2415 1380 2456 sanitati
1401 2412 1616 2455 reditumj.

199 2507 214 2527 Ε
236 2502 362 2542 affectu]
382 2508 576 2543 symptomate
593 2503 660 2533 edd.
679 2504 742 2536 ³66,
760 2503 823 2532 ¹68.
911 2504 1132 2541 progrederer;
1157 2503 1210 2531 sed
1231 2503 1296 2539 ipsa
1313 2503 1357 2529 rei
1372 2502 1548 2530 necessitate
1564 2502 1619 2530 ad-

202 2548 216 2568 '1
239 2548 322 2583 apud
338 2545 451 2585 Hipp.]
470 2556 531 2575 om.
548 2546 617 2575 edd.
633 2546 693 2581 ’66,
712 2547 777 2581 ‘(5S‚
794 2545 855 2576 ³76.
916 2551 1002 2574 actus
1016 2546 1169 2574 Naturam
1189 2546 1291 2573 ducem
1307 2548 1425 2572 secutus
1441 2553 1514 2579 sum,
1531 2544 1622 2572 etiam

199 2587 205 2606 ⁵
230 2587 268 2618 At
283 2588 369 2627 ξηραὶ
385 2589 448 2618 τῶν
463 2587 670 2627 πλευριτίδων
691 2587 740 2618 καὶ
758 2587 856 2617 ἅπτυ-
918 2589 987 2616 dum
1004 2589 1099 2617 eidem
1117 2587 1258 2616 Naturae
1276 2587 1331 2615 vim
1353 2584 1464 2624 inferre
1488 2586 1621 2614 videbar.

155 2643 228 2662 στοι
262 2630 499 2669 χαλεπώταται.
539 2632 642 2670 (Coae.
676 2632 785 2661 Praen.
813 2630 857 2660 iii.
923 2631 1050 2662 Quando
1072 2640 1138 2659 vero
1159 2634 1226 2667 post
1251 2629 1442 2665 suffitientem
1465 2630 1623 2667 sanguinis

158 2675 229 2705 126.
247 2678 268 2702 t.
286 2674 304 2703 i.
319 2684 348 2714 p.
368 2674 456 2712 293.)
921 2674 1087 2702 missionem
1103 2675 1301 2710 symptomata
1315 2672 1462 2705 remisere,
1476 2681 1623 2709 aegerque

233 2715 315 2746 Add.
345 2716 417 2746 edd.
443 2717 505 2751 ’66,
530 2716 582 2745 ’68
611 2725 692 2755 quae
719 2725 859 2754 sequuu-
922 2717 960 2744 ab
986 2717 1039 2744 hoc
1066 2714 1177 2752 affeetu
1203 2724 1340 2751 magnum
1365 2717 1481 2750 partem
1510 2714 1624 2741 lev-atus

153 2764 207 2788 tur
220 2760 367 2788 z—Certe
396 2761 456 2789 nisi
477 2760 678 2798 phlebotomia
704 2759 863 2797 aliquoties
923 2759 1054 2791 videtur,
1070 2758 1270 2786 catharticum
1287 2757 1436 2794 quoddam
1458 2766 1493 2784 cut
1510 2756 1622 2785 lenien-

154 2803 308 2831 celebrata
329 2803 398 2831 huic
424 2812 527 2840 nempe
549 2802 682 2830 methodo
707 2801 857 2830 insistenti
918 2801 997 2830 tibus
1018 2804 1061 2829 est
1085 2800 1304 2831 exhibemtunm
1337 2808 1420 2827 secus
1444 2799 1521 2828 enim
1539 2800 1624 2836 peri-

154 2855 308 2883 nunquam
324 2846 469 2873 hactenus
486 2845 557 2873 mihi
573 2845 733 2873 subsistere
751 2844 858 2875 licuit,-
919 2844 1015 2871 culum
1041 2846 1084 2871 est
1110 2852 1146 2871 ne
1170 2842 1328 2875 Pleuritis,
1346 2851 1411 2869 cum
1435 2851 1489 2869 sua
1515 2845 1626 2869 nutura

156 2887 226 2916 licet
249 2897 340 2925 neque
369 2888 446 2916 illud
470 2888 649 2916 intentatum
676 2887 858 2924 reliquerim,
919 2886 1074 2913 admodum
1107 2886 1147 2913 sit
1179 2885 1314 2920 recidua,
1349 2885 1457 2913 iterum
1489 2884 1627 2912 recrude-

155 2934 188 2958 ιιι
216 2929 297 2959 ultra
323 2931 483 2959 secundam
510 2930 664 2958 tertianwe
689 2930 779 2958 vicem
805 2938 861 2956 non
921 2932 995 2956 scut.
