1985 3308
390 171 477 210 410
795 170 1051 211 ΤΗΟΜΑΕ
1084 170 1278 211 SYDEN
1287 170 1425 211 HAM

201 286 255 316 DE
273 286 364 317 Pon·
390 276 569 318 tioribus
608 276 842 318 utebantur
854 294 865 327 3
917 277 1127 318 edaciores
1168 277 1341 330 insuper
1381 275 1539 316 fuerint
1579 280 1622 317 et
1661 276 1844 331 liquores

237 338 340 360 ΛΟΜ·
393 344 638 398 spirit-nosos
662 344 981 384 immoderatius
1005 343 1238 393 hauserint,
1269 347 1415 396 postea
1445 342 1672 397 derepente
1708 345 1762 386 ad
1795 345 1845 384 li-

395 426 544 466 quores
563 417 715 453 tenues
736 417 778 453 et
798 412 1097 465 refrigerantes
1120 425 1162 451 se
1183 410 1455 451 contulerint.

190 484 346 532 Diversus
459 480 538 534 [4]
579 480 623 520 Si
645 495 770 533 quem
790 494 877 520 non
903 479 984 519 nisi
1010 480 1100 532 jam
1132 478 1248 519 sem'o
1276 477 1517 518 confectum
1540 478 1727 532 primum
1748 479 1846 520 ado-

190 536 377 608 {ffisrfft'sssne
393 547 540 597 riatur,
574 561 793 600 nunquam
826 553 972 599 postea
1003 546 1068 585 vel
1100 550 1190 585 tam
1226 550 1357 585 statas
1386 545 1516 586 habet
1546 545 1752 599 periodos,
1782 547 1848 587 vel

190 611 336 650 subjecti,
348 617 378 642 et
394 620 484 655 tarn
518 615 761 654 immaniter
787 614 930 663 saevit,
969 627 1097 665 quam
1126 613 1160 653 si
1188 613 1403 666 juniorem
1434 613 1722 666 occupaverit3
1753 617 1848 654 tum

191 658 375 727 ῒῑῖἲὲῗέξᾱῑ
395 682 507 736 quod
526 682 613 722 vita
628 687 676 721 ut
697 681 929 735 plurimum
944 680 1126 721 elabitur
1148 684 1378 734 antequam
1393 680 1565 721 morbus
1580 680 1848 721 naturalibus

395 749 688 803 symptomatis
724 748 904 801 stipatus
933 747 986 788 ad
1020 747 1158 799 ἀκμήν
1183 748 1434 801 pervenerit,
1466 753 1561 789 turn
1592 749 1721 789 etiam
1752 749 1851 802 quia

394 816 531 856 calore
552 815 694 856 nativo
716 820 758 855 et
779 815 920 867 vigore
941 815 1124 868 corporis
1144 815 1397 866 imminutis,
1414 829 1493 856 nec
1513 816 1575 856 ita
1590 816 1752 870 jugiter
1771 829 1851 856 nec

393 883 664 923 vehementer
693 882 739 922 in
768 882 967 923 articulos
999 882 1179 936 displodi
1208 887 1362 936 potest.
1422 884 1481 923 At
1508 883 1543 923 si
1565 897 1691 936 quem
1711 888 1850 924 matu-

393 950 480 990 rius
505 950 694 1000 lacessat,
721 950 911 1003 quamvis
937 964 1016 991 nec
1049 951 1192 991 sedem
1226 951 1364 992 adhuc
1397 951 1513 1004 figat,
1547 966 1626 993 nec
1659 966 1758 993 eum
1789 952 1852 993 ita

394 1017 504 1058 male
536 1022 704 1067 tractet,
742 1017 815 1058 sed
846 1018 1010 1058 incerta
1048 1019 1221 1072 periodo
1261 1033 1337 1072 pro
1382 1019 1482 1060 data
1522 1034 1625 1060 ansa
1663 1020 1851 1073 ingruat,

395 1085 543 1126 leviter
571 1085 624 1125 ad
655 1099 811 1138 paucos
840 1086 928 1126 dies
958 1091 1175 1140 torquens,
1199 1091 1241 1127 et
1271 1087 1390 1128 nulla
1419 1087 1621 1129 methodo
1647 1087 1853 1128 invadens

395 1154 681 1207 recedensque
688 1171 699 1204 3
724 1155 882 1195 sensim
897 1159 1044 1196 tamen
1060 1160 1198 1196 castra
1213 1160 1413 1206 metatur,
1427 1156 1567 1209 legem
1583 1155 1663 1196 sibi
1675 1169 1852 1209 ponens,

396 1226 630 1275 typumque
657 1222 958 1276 praeformans,
983 1227 1074 1264 tam
1108 1223 1247 1277 quoad
1282 1223 1384 1264 anni
1416 1228 1586 1277 tempus
1622 1237 1705 1277 quo
1735 1237 1855 1264 arma

396 1290 626 1342 quotannis
650 1290 848 1340 movebit,
877 1305 1004 1343 quam
1033 1291 1172 1344 quoad
1201 1291 1441 1345 paroxysmi
1472 1291 1767 1332 durationem:
1801 1290 1855 1331 ad

396 1357 513 1407 haec,
534 1357 714 1398 ferocius
736 1372 864 1411 quam
884 1358 1022 1411 primo
1042 1359 1206 1399 insultu
1228 1358 1524 1399 debacchatur.

462 1424 540 1478 [5.]
579 1425 644 1465 De
678 1425 758 1465 hoc
793 1425 940 1465 morbo
977 1426 1079 1465 dum
1113 1427 1174 1466 ita
1208 1426 1400 1479 regulam
1431 1431 1668 1479 typumque
1703 1430 1854 1475 servat,

397 1491 501 1532 libet
528 1492 664 1544 primo
690 1492 915 1542 disserere3
947 1498 1095 1546 postea
1120 1493 1171 1533 de
1202 1493 1392 1546 ejusdem
1419 1492 1724 1545 phaenomenis
1755 1506 1854 1533 ano-

396 1558 518 1598 malis
559 1564 685 1612 atque
724 1560 1035 1610 incertioribus,
1078 1561 1241 1613 quotics
1284 1561 1442 1601 scilicet
1482 1560 1547 1601 vel
1586 1567 1856 1613 praepostero

396 1626 692 1666 inidoneorum
733 1627 1139 1668 medicamentorum
1181 1643 1263 1668 usu
1303 1627 1354 1668 de
1396 1633 1510 1668 statu
1551 1642 1626 1668 suo
1667 1628 1857 1681 dejectus

397 1693 492 1743 fuit,
515 1694 579 1733 vel
609 1694 663 1734 ob
689 1694 868 1748 subjecti
890 1695 1154 1736 debilitatem
1185 1701 1228 1736 et
1259 1696 1509 1748 languorem
1541 1695 1594 1735 ad
1623 1695 1793 1748 propria
1813 1700 1856 1736 et

197 1768 272 1799 Quo
287 1772 367 1797 tem·
399 1761 585 1814 genuina
616 1767 901 1815 symptomata
935 1763 1083 1816 nequit
1115 1777 1346 1815 assurgere.
1409 1763 1587 1804 Quoties
1617 1763 1762 1816 itaque
1791 1776 1856 1803 re-

195 1816 382 1882 ffifgoelfiod,
401 1829 557 1881 gularis
597 1835 661 1869 est
702 1829 907 1882 Podagra,
949 1830 1029 1870 hoc
1069 1831 1156 1871 fere
1201 1830 1328 1870 modo
1375 1844 1550 1883 aegrum
1595 1830 1855 1883 aggreditur.

195 1905 269 1933 agra
286 1906 334 1943 rp-
401 1897 606 1937 Januario
646 1902 841 1947 exeunte,
876 1904 949 1938 aut
985 1898 1215 1951 incipiente
1256 1897 1498 1948 Februario,
1542 1897 1771 1951 derepente
1813 1902 1856 1938 et

195 1938 299 2019 {¹1¹1ss
304 1948 383 2019 {ge
399 1964 519 2004 nulla
548 1965 634 2005 fere
662 1965 958 2017 praesensione
990 1966 1267 2006 antecedente
1297 1966 1474 2019 ingruit,
1502 1965 1585 2006 nisi
1616 1965 1727 2019 quod
1758 1979 1857 2006 ven-

196 2023 348 2062 greditur.
399 2032 542 2072 triculi
572 2032 782 2073 cruditate
814 2038 940 2086 atque
970 2032 1143 2089 ἀπεψίᾳ
1170 2034 1223 2073 ad
1255 2033 1512 2087 septimanas
1543 2033 1703 2087 aliquot
1734 2047 1860 2086 aeger

198 2107 271 2139 Quo
289 2108 372 2156 ordis
400 2099 664 2150 laboraverit,
695 2101 878 2154 corporis
908 2101 1080 2155 insuper
1109 2102 1439 2142 intumescentia
1469 2102 1588 2154 quasi
1612 2106 1787 2142 ventosa
1815 2105 1858 2142 et

198 2155 380 2232 ζζᾈζξίἱξζῖ
402 2168 620 2220 gravitate,
644 2182 751 2221 quae
781 2168 916 2209 indies
948 2175 1129 2222 augetur
1155 2170 1289 2210 donec
1319 2169 1494 2209 tandem
1516 2169 1691 2209 detonet
1710 2182 1859 2222 parox-

198 2240 229 2264 ta
243 2235 382 2283 1³¹}210110-
401 2250 545 2289 ysmus
559 2253 570 2285 5
604 2250 729 2290 quem
766 2237 910 2290 paucis
942 2237 1090 2277 djebus
1121 2238 1255 2290 praeit
1288 2242 1432 2290 torpor
1459 2242 1502 2277 et
1530 2237 1649 2290 quasi
1678 2237 1860 2277 flatuum

196 2287 383 2350 ῗζξῐῖζέῐῗῦἷ
403 2303 628 2344 descensus
658 2318 733 2357 per
762 2304 973 2344 femorum
1004 2319 1163 2354 carnes,
1186 2319 1284 2345 cum
1315 2304 1538 2345 affectione
1569 2301 1859 2355 σπασμοειδεῖ,

199 2362 247 2392 sit.
401 2376 496 2411 tum
528 2372 656 2412 etiam
686 2372 821 2425 pridie
851 2373 1092 2426 paroxysmi
1123 2373 1334 2426 appetitus
1365 2372 1564 2422 voracior,
1595 2385 1684 2412 non
1713 2377 1860 2412 tamen

203 2448 360 2488 Paroxys-
402 2440 622 2480 naturalis.
687 2439 825 2479 Sanus
861 2441 970 2480 lecto
1007 2454 1238 2494 somnoque
1273 2440 1580 2489 committitur3
1623 2439 1728 2480 hora
1762 2453 1860 2480 vero

200 2500 362 2571 ’Ῑζῖζξῖἕᾎὶζ
403 2507 589 2547 secunda
623 2513 719 2561 post
759 2507 942 2548 mediam
977 2514 1145 2548 noctem
1181 2508 1390 2548 excitatur
1424 2522 1448 2547 a
1483 2507 1626 2547 dolore
1664 2507 1860 2560 pollicem

203 2577 354 2615 pingitur.
402 2577 520 2631 pedis
552 2582 601 2618 ut
634 2577 865 2631 plurimum
901 2582 1147 2631 occupante,
1183 2577 1436 2630 quandoque
1468 2590 1566 2617 vero
1600 2576 1859 2626 calcaneum,

404 2659 559 2695 suram,
583 2652 655 2685 aut
678 2645 826 2685 talum.
890 2645 974 2685 Hic
1006 2644 1124 2685 dolor
1151 2658 1249 2685 eum
1279 2644 1408 2684 refert
1439 2644 1511 2697 qui
1541 2643 1700 2684 ossium
1727 2642 1860 2684 dicto-

403 2726 498 2751 rum
520 2712 839 2753 dislocationem
860 2713 1099 2762 comitatur,
1122 2726 1220 2752 cum
1242 2726 1369 2752 sensu
1390 2712 1510 2765 quasi
1537 2724 1670 2765 aquae
1690 2715 1861 2751 tantum

404 2793 490 2818 non
511 2780 689 2832 frigidae
710 2780 841 2833 partis
871 2780 1045 2820 affectae
1076 2779 1334 2820 membranis
1363 2780 1534 2819 affusae.
1596 2778 1702 2818 Mox
1722 2778 1860 2830 sequi—

405 2851 475 2884 tur
496 2847 608 2898 rigor
629 2861 726 2887 cum
747 2847 918 2887 horrore
940 2852 982 2887 et
1004 2847 1313 2887 febricitatione
1335 2845 1519 2899 aliquali.
1561 2845 1694 2885 Dolor
1715 2849 1859 2885 autem

405 2912 473 2952 hic
494 2914 628 2965 primo
650 2915 861 2955 remissior
887 2915 1094 2968 gradatim
1116 2915 1368 2964 intenditur,
1395 2915 1452 2965 (et
1483 2913 1573 2966 pari
1599 2912 1860 2966 passurigor
