1985 3308
214 289 343 319 Fennis

212 332 360 361 Cox‘rix.

192 374 375 404 Ausonum

218 418 286 448 ‘-67
291 418 353 447 ’69.

191 464 378 506 Naturahic

191 528 227 548 ev
231 520 370 549 acuatio-

191 571 263 591 nem
282 572 337 601 per

191 604 325 644 ptyalis-

193 657 284 676 11111111
302 647 355 677 de-

194 689 336 727 signiasse

192 732 327 763 videtur.

196 781 290 812 I'nde
306 783 366 813 ori-

193 830 244 854 tur
260 826 343 855 ‹liar-

192 869 296 904 rhoea,
313 874 377 898 tam

194 912 225 941 in
243 912 302 942 boe

194 955 314 991 morbo,

194 1008 290 1036 quani
311 996 381 1026 aliis

194 1040 372 1070 inflamma-

195 1083 293 1113 toriis.

200 1243 237 1272 In
255 1243 340 1273 febre

198 1287 351 1316 constitu-

199 1329 294 1358 tionis
308 1329 356 1358 in-

199 1372 377 1401 terxnitten-

202 1414 287 1443 tibus
304 1415 369 1454 epi-

201 1457 350 1493 demicae,

199 1500 332 1529 materia

200 1548 263 1572 erat
281 1553 365 1572 cras-

198 1585 273 1622 sior,
285 1596 350 1615 non

200 1628 260 1657 nisi
278 1637 366 1667 prae-

202 1671 252 1699 via
269 1671 374 1709 diges-

201 1713 286 1742 tione
294 1724 311 1742 a
320 1724 387 1743 san-

202 1756 299 1795 guine
312 1767 360 1786 se-

201 1799 359 1839 parauda;

393 181 478 220 154
807 175 1064 218 THOMAE
1099 173 1439 216 SYDENHAM

394 280 538 322 matici
559 285 693 331 erant,
715 293 802 320 non
830 279 987 328 critici5
1019 292 1117 318 011111
1137 277 1307 318 Natura
1333 291 1420 317 non
1442 275 1567 316 aliam
1587 275 1657 316 hic
1678 288 1851 316 evacua-

394 350 556 390 tionem
596 349 810 389 videretur
854 346 1149 399 designan'sse,
1192 359 1320 398 quam
1360 344 1460 384 salix
1464 343 1674 392 ationem,
1725 355 1852 395 quam

396 426 542 461 tamen
569 420 660 473 ipsa
690 418 836 460 eadem
867 417 1036 458 Natura
1065 430 1164 469 perx
1167 416 1265 456 ertit
1297 421 1346 455 ut
1376 414 1621 468 pliuimum,
1648 412 1715 452 vel
1745 411 1853 452 diar-

396 489 537 539 111003,
570 502 676 541 quae
713 485 953 560 saepissime
991 499 1015 525 a
1046 483 1173 524 iadiis
1204 480 1539 523 inflammatoriis
1569 494 1646 534 per
1680 478 1854 520 arterias

397 562 610 596 mesentei
612 569 695 595 icas
715 554 760 593 in
783 552 987 593 intestina
1008 552 1157 592 delatis
1179 557 1306 604 atque
1328 550 1475 591 eadem
1497 548 1550 589 ad
1571 547 1854 589 excletionem

398 622 707 663 solicitantibus
735 621 934 670 exoritur,
968 618 1096 672 (quod
1128 619 1255 659 etiam
1283 619 1329 658 in
1358 617 1584 671 pleuritide
1613 630 1696 656 usu
1724 614 1855 664 venit,

399 691 573 743 aliisque
589 689 777 730 febribus
792 687 1142 736 inflammatoriis,
1160 687 1212 727 ob
1230 687 1448 740 sanguinis
1468 685 1856 740 particularumque

397 758 653 799 fervidarum
693 770 948 809 orgasmum,
990 761 1038 795 ut
1079 755 1364 795 eventilentur
1404 753 1688 807 satagentium
1697 753 1746 805 1’‚)
1790 751 1857 791 vel

396 826 614 866 immensis
651 824 778 865 etiam
815 822 1050 873 sudoribus,
1084 822 1157 876 qui
1191 822 1387 862 morbum
1421 821 1538 861 hunc
1571 820 1731 874 pariter
1760 833 1858 859 cum

399 893 563 934 variolis
585 907 635 933 ex
656 893 850 933 Naturae
871 890 1128 944 praescripto
1148 889 1307 943 ubique
1321 888 1634 929 comitabantur
1646 904 1658 937 3
1691 886 1857 940 quibus,

399 976 494 1002 cum
517 959 829 1015 symptomatici
851 964 991 999 essent
1011 957 1103 1010 ipsi,
1128 956 1328 1007 salivatio,
1352 969 1459 1009 quae
1480 954 1625 996 critica
1646 954 1747 994 alias
1768 957 1859 993 erat

399 1029 556 1079 futura,
580 1029 660 1069 alio
682 1026 951 1068 derivabatur
967 1042 977 1075 ;
1009 1024 1069 1065 ita
1088 1031 1150 1074 ut,
1172 1023 1255 1064 nisi
1276 1023 1593 1064 evacuationem
1614 1021 1740 1062 aliam
1761 1033 1858 1073 sug-

402 1101 565 1149 gereret
587 1097 683 1145 Ars,
707 1093 760 1134 ad
791 1093 1047 1147 septimanas
1069 1092 1228 1144 aliquot
1256 1096 1541 1145 perseveraret
1571 1088 1758 1140 morbus,
1779 1101 1860 1129 nec

406 1165 599 1218 (aliarum
619 1163 803 1204 febrium
823 1163 970 1214 more,)
996 1161 1314 1201 concoctionem
1336 1159 1511 1200 subiret.

467 1232 546 1286 [4.]
586 1232 671 1272 Sed
705 1232 768 1283 (ut
798 1230 924 1284 paulo
954 1228 1132 1269 ulterius
1162 1228 1496 1282 progrediamur,
1525 1239 1608 1280 quo
1639 1230 1682 1267 et
1712 1224 1860 1267 Febris

401 1300 529 1354 hujus
550 1305 750 1340 natm'am
776 1299 934 1339 rectius
955 1297 1183 1351 capiamus,
1207 1303 1248 1337 et
1271 1311 1321 1337 ea
1340 1296 1498 1350 pariter
1525 1295 1858 1346 substernamus,

403 1368 556 1421 quibus
576 1367 855 1408 indicationes
877 1366 1101 1415 curativae,
1117 1371 1323 1419 tanquam
1344 1363 1551 1405 immobili
1565 1363 1860 1414 fundamento,

403 1436 637 1489 superstrui
671 1435 862 1489 possint,)
899 1433 1073 1474 omnino
1109 1433 1533 1474 animadvertendum
1569 1437 1632 1473 est
1669 1431 1782 1486 quod
1815 1431 1862 1472 111

403 1504 520 1546 febre
550 1505 633 1554 illa,
661 1518 766 1557 quae
797 1503 841 1543 in
873 1502 1178 1544 constitutione
1210 1501 1595 1542 intermittentibus
1630 1500 1863 1554 epidemiea

403 1572 585 1625 vigebat,
608 1573 786 1612 materia
807 1586 913 1625 quae
935 1586 959 1611 a
981 1571 1187 1624 sanguine
1210 1576 1299 1611 erat
1322 1570 1585 1624 sejungenda
1603 1574 1750 1610 tantae
1772 1574 1863 1610 erat

405 1639 707 1690 crassitudinis,
740 1646 791 1680 ut
827 1640 1012 1693 separari
1050 1640 1244 1692 nequiret
1281 1639 1371 1680 sine
1410 1639 1579 1693 praevia
1613 1638 1862 1692 digestione,

406 1723 489 1762 qua
529 1709 582 1749 ad
622 1709 810 1749 debitam
851 1708 1168 1749 evacuationem
1214 1708 1520 1761 disponeretur,
1566 1707 1864 1760 (determinato

405 1776 563 1816 scilicet
585 1776 639 1816 ad
659 1776 738 1816 hoc
758 1777 977 1829 tempore,)
1003 1776 1130 1829 idque
1151 1776 1216 1816 vel
1243 1774 1420 1830 διαπνοῇ
1440 1776 1566 1830 paulo
1585 1775 1777 1829 pleniori,
1798 1775 1864 1816 vel

404 1843 711 1896 dejectionibus
733 1843 887 1883 criticis
900 1860 912 1893 ,-
944 1843 1004 1883 ita
1024 1850 1073 1883 ut
1094 1843 1138 1882 id
1165 1848 1335 1883 tantum
1363 1843 1525 1897 negotii
1552 1843 1723 1884 Medico
1745 1843 1863 1884 dare-

403 1916 486 1961 tur,
506 1913 563 1952 sic
586 1926 629 1952 se
646 1912 700 1952 ad
719 1911 856 1952 morbi
873 1911 1047 1965 genium
1073 1911 1402 1962 accommodare,
1424 1925 1479 1952 ne
1501 1925 1552 1952 ex
1571 1925 1660 1951 una
1678 1916 1798 1964 parte
1819 1911 1865 1951 in

404 1986 689 2035 symptomata
718 1980 952 2033 periculosa
980 1985 1217 2032 assurgeret
1249 1985 1376 2033 atque
1407 1979 1616 2030 ebulliret,
1644 1992 1784 2033 neque
1814 1993 1866 2020 ex

404 2050 538 2089 altera
558 2049 618 2089 ita
644 2062 794 2102 parum
820 2048 1122 2097 effervesceret,
1144 2052 1193 2087 ut
1220 2047 1422 2088 materiae
1443 2047 1641 2088 inimicae
1668 2046 1864 2088 extermi-

405 2115 571 2156 nandae
593 2115 728 2169 impar
757 2129 927 2169 prorsus
949 2120 1084 2165 esset,
1116 2128 1214 2156 cum
1233 2115 1363 2155 febris
1384 2115 1577 2156 Naturae
1606 2115 1865 2156 instrumen-

405 2190 499 2224 tum
520 2183 649 2224 fuerit
671 2183 724 2224 ad
744 2183 872 2238 hujus
895 2183 1140 2224 secretionis
1162 2197 1267 2237 opus
1289 2183 1431 2225 dedita
1451 2197 1579 2238 opera
1597 2183 1865 2226 fabricatum.

414 2253 493 2307 [5.]
533 2252 651 2294 Quin
673 2259 714 2293 et
734 2252 780 2292 111
801 2258 919 2306 peste
941 2252 1119 2293 materia
1144 2253 1285 2307 aliqua
1304 2252 1594 2306 reperiebatur
1615 2267 1640 2293 a
1660 2252 1867 2306 sanguine

409 2321 697 2375 segieganda3
750 2321 835 2372 sed,
878 2335 976 2362 cum
1018 2321 1390 2362 subtilissimarum
1428 2321 1557 2362 fuerit
1596 2321 1783 2375 partium
1824 2327 1867 2362 et

410 2389 591 2429 maxime
641 2388 1023 2440 inflammabilium,
1069 2389 1143 2441 (ita
1183 2396 1231 2430 ut
1282 2390 1546 2443 quandoque,
1586 2389 1662 2430 ubi
1702 2403 1867 2430 summe

412 2463 730 2507 exacuerentur,
764 2456 1029 2510 sanguinem,
1067 2457 1247 2511 fulginis
1282 2458 1429 2509 instar,
1466 2457 1756 2512 pervaderent,
1788 2471 1867 2499 nec

412 2525 703 2566 ebullitionem
725 2525 895 2579 quidem
926 2526 971 2566 in
999 2526 1147 2567 eodem
1178 2526 1286 2573 ciere
1306 2526 1523 2578 valerent)
1547 2528 1636 2568 ictu
1657 2526 1768 2568 oculi
1793 2540 1869 2581 per

413 2608 509 2633 eum
531 2593 781 2647 trajiciebat,
804 2607 882 2634 nec
904 2593 984 2633 nisi
1005 2594 1050 2634 in
1072 2594 1274 2647 glandula
1300 2600 1373 2635 aut
1394 2600 1514 2648 parte
1535 2594 1675 2648 aliqua
1695 2599 1870 2636 externa

414 2659 653 2710 sistebatm·,
704 2660 779 2700 ubi
828 2660 992 2702 irretita
1046 2676 1192 2703 earnes
1243 2662 1588 2717 circumjacentes
1638 2663 1774 2716 primo
1823 2662 1870 2703 in

415 2727 806 2779 inflammationem,
828 2736 973 2783 postea
1000 2729 1044 2770 111
1078 2735 1305 2784 apostema,
1339 2731 1555 2784 pertraxit.
1615 2732 1695 2772 Est
1725 2735 1869 2772 autem

415 2801 629 2847 apostema
660 2797 851 2838 Naturae
882 2797 1091 2849 machina,
1125 2813 1208 2851 qua
1236 2798 1318 2839 ista
1349 2812 1455 2852 quae
1488 2797 1686 2839 carnibus
1715 2797 1871 2839 infesta

416 2870 514 2903 sunt
539 2865 748 2915 amolitur,
772 2866 878 2906 sicut
910 2866 1039 2907 febris
1061 2867 1250 2921 ejusdem
1282 2873 1345 2908 est
1372 2866 1569 2908 machina
1590 2867 1643 2908 ad
1672 2867 1871 2909 difflanda

738 2947 750 2965 ¹³
775 2949 891 2990 salag.]
908 2957 996 2991 atque
1013 2955 1042 2981 ἰη
1059 2951 1313 2990 auras-facessant
1325 2951 1394 2982 add.
1411 2952 1460 2982 ed.
1477 2951 1535 2983 ’76.
