1985 3308
420 121 743 163 SCHEDULA
774 122 1125 163 MONITORIA
1155 122 1219 163 ΙΙ.
1460 126 1544 163 519

86 226 208 267 illum
229 232 465 280 sequuntur
476 244 488 278 3
519 242 598 268 nec
618 241 694 281 per
713 227 815 269 istos
843 227 971 269 etiam
997 227 1097 278 dies,
1119 227 1202 268 nisi
1223 227 1395 280 sanguis
1417 241 1442 268 a
1462 242 1545 280 quo
1565 239 1619 269 De
1630 240 1747 270 Fanni:

90 294 348 335 Secundaria
368 295 514 336 Febris
534 295 687 336 invasit
707 295 845 336 fuerat
865 295 1132 336 imminutus.
1575 282 1712 354 Pogla-11>
1716 293 1736 312 Α

154 362 285 415 [l3.]c
318 362 401 403 Sed
417 367 465 403 ut
486 364 709 416 (quantum
725 363 771 403 in
785 376 854 403 me
875 364 968 415 est,)
989 362 1106 416 praxi
1120 362 1166 402 in
1186 362 1266 403 hoc
1281 361 1430 402 morbo
1445 361 1543 402 ulti·
1563 385 1613 414 De
1629 390 1722 425 sputo

87 441 202 468 mam
226 443 402 469 manum
426 430 654 483 imponam,
676 430 857 484 paucula
882 430 934 470 de
959 434 1083 482 sputo
1104 429 1336 482 sanguiniS,
1358 433 1407 469 ut
1428 433 1471 469 et
1492 429 1543 469 de
1562 428 1736 499 ἰᾶῐῦᾗυᾶυῐθι

87 495 220 535 mictu
234 497 479 548 sanguineo,
487 497 669 538 Variolis
686 496 1092 550 supervenientibus,
1100 496 1145 536 in
1157 496 1346 536 medium
1358 496 1544 548 proferre
1562 480 1662 541 migtu
1673 480 1745 541 gean-

86 576 173 603 non
195 565 410 616 gravabor.
459 566 651 619 Utraque
672 566 776 607 haec
796 566 1119 619 haemorrhagia
1143 566 1206 618 (ut
1227 565 1327 606 olim
1356 565 1540 618 [Observ.
1560 554 1746 625 ξίῑέἰξξξῖὣ

85 631 199 671 Med.
231 631 288 672 iii.
322 634 361 673 2.
389 634 458 683 25,
490 633 578 686 26]
619 634 846 686 adnotavi,)
883 634 961 675 sub
995 633 1132 675 morbi
1161 633 1283 674 initio
1316 632 1540 685 contingit,
1561 638 1745 686 pervenien-

84 698 266 750 pustulis
290 698 483 739 nondum
508 700 840 753 erumpentibus,
863 701 941 750 vel,
964 701 998 740 si
1024 700 1069 740 in
1095 700 1348 754 quibusdam
1368 699 1470 741 locis
1498 712 1541 739 sc
1560 680 1654 711 tibus.

84 764 324 816 ostendant,
355 764 401 805 in
430 766 640 819 plerisque
675 771 820 807 tamen
853 767 943 807 aliis
979 768 1117 808 adhuc
1148 768 1226 808 sub
1257 772 1354 808 cute
1386 767 1542 807 densae

83 831 232 882 latent,
255 837 382 886 atque
410 834 501 887 ejus
530 839 630 874 sunt
658 834 822 887 generis
854 848 960 887 quae
987 835 1033 875 in
1060 835 1242 875 maxime
1268 835 1541 876 Confluentes

83 898 383 951 adolescerent,
400 900 483 940 nisi
498 901 588 954 jam
609 901 771 942 dictum
793 907 1032 955 symptoma
1052 902 1167 955 aegri
1186 908 1322 943 morte
1342 902 1542 943 morbum

82 966 260 1008 finierit:
292 967 482 1008 maculae
503 968 675 1009 interim
690 982 927 1022 purpureae
947 969 1015 1009 hic
1035 967 1145 1010 illicd
1166 969 1430 1023 superficiem
1451 982 1540 1010 cor-

81 1034 193 1087 poris
224 1035 432 1086 obsident,
460 1037 627 1077 tristem
658 1042 857 1077 eventum
884 1037 1221 1078 interminantes.
1283 1039 1447 1078 Verum
1475 1044 1539 1079 ta-

81 1102 207 1142 metsi
237 1102 382 1143 debita
411 1104 629 1157 sanguinis
657 1105 1047 1157 contemperatione
1078 1105 1268 1146 maculae
1295 1105 1540 1159 hujusmodi

15 1184 25 1218 ²„
80 1169 338 1220 auferantur,
376 1175 566 1211 attamen
605 1176 694 1212 tam
734 1172 889 1212 mictus
930 1171 1149 1224 sanguinis
1190 1186 1316 1225 quam
1355 1172 1540 1213 violenta

16 1244 25 1267 >J
80 1235 269 1289 ejusdem
297 1251 319 1278 e
343 1238 616 1290 pulmonibus
644 1239 806 1292 eruptio
831 1239 1004 1280 indubie
1030 1244 1212 1280 mortem
1237 1239 1538 1292 praenuntiare

15 1327 23 1355 3
79 1303 275 1345 solerent.
338 1304 634 1346 Veruntamen
673 1306 897 1346 tremenda
940 1306 1044 1347 haec
1084 1306 1308 1347 difficultas
1349 1306 1538 1359 superari

21 1366 23 1371 ’
80 1370 208 1410 etiam
241 1372 385 1425 possit,
417 1377 459 1412 et
490 1373 605 1425 aegri
644 1373 731 1414 xdta
764 1373 811 1413 in
846 1378 941 1414 tuto
977 1374 1192 1414 collocari:
1245 1373 1406 1414 etenim
1440 1387 1537 1414 cum

19 1438 23 1442 ⁴
78 1437 181 1478 haec
212 1444 495 1491 symptomata
524 1440 717 1480 intensae
748 1440 964 1493 sanguinis
990 1440 1330 1490 inflammationi,
1361 1454 1410 1481 ac
1439 1454 1535 1493 pro-

76 1504 177 1546 inde
201 1519 392 1547 summae
418 1507 608 1561 ejusdem
632 1508 847 1558 tenuitati,
869 1508 1078 1561 originem
1105 1522 1224 1547 suam
1252 1507 1448 1558 debeant,
1470 1522 1535 1548 re-

76 1573 216 1613 media
249 1574 331 1614 ista
356 1588 462 1627 quae
502 1575 754 1628 sanguinem
789 1580 1125 1628 contemperant,
1159 1589 1207 1616 ac
1237 1575 1395 1628 pariter
1428 1589 1535 1628 quae

75 1640 116 1680 vi
137 1655 220 1694 qua
233 1641 396 1694 pollent
417 1642 680 1695 astringendi
699 1643 1045 1696 incrassandique
1066 1657 1165 1683 eum
1186 1643 1329 1683 minus
1345 1643 1534 1682 fluxilem

74 1708 274 1759 reddunt,
305 1709 635 1763 haemorrhagiis
670 1711 784 1751 hisce
819 1710 1007 1764 apprime
1043 1715 1310 1751 succurrunt.
1373 1710 1533 1752 Quam·
1552 1715 1679 1746 Harum

75 1775 222 1816 obrem
241 1781 335 1829 post
357 1777 526 1818 unicam
546 1778 764 1831 sanguinis
784 1778 948 1819 liberali
973 1792 1104 1819 manu
1124 1777 1394 1819 eductionem
1414 1792 1532 1831 pare·
1550 1758 1734 1840 ᾓῗξέζῖᾗω

76 1843 266 1896 goricum
288 1844 563 1885 exhibeatur:
595 1850 718 1896 ut,-—-
1551 1843 1682 1875 curatio.

76 1925 211 1970 [Form.
233 1927 327 1968 114.]
379 1926 419 1977 R
446 1930 569 1972 Aquae
586 1929 774 1973 Papaveris
792 1928 980 1962 Rhoeados
996 1929 1119 1962 uncias
1136 1928 1235 1969 duas,

449 1986 610 2019 Laudaui
628 1986 769 2029 Liquidi
787 1992 904 2029 guttas
921 1984 1197 2029 quatuordecim,

447 2043 548 2076 Aceti
568 2042 745 2076 Destillati
762 2041 944 2075 drachmas
960 2047 1040 2081 tres,

449 2100 575 2144 Syrupi
594 2099 635 2133 de
653 2099 818 2133 Meconio
835 2099 1085 2138 semiunciam3

262 2156 395 2197 Misce3
421 2157 482 2190 fiat
497 2156 652 2190 haustus.

73 2236 240 2276 Deinde
265 2236 496 2289 sequentia,
519 2236 585 2276 vel
614 2235 679 2276 his
711 2235 876 2285 similia,
898 2234 1250 2289 praescribantur,
1273 2235 1407 2276 donec
1430 2235 1528 2276 hae-

73 2304 314 2357 morrhagia
333 2318 503 2357 prorsus
524 2303 739 2344 evanuerit
756 2320 825 2344 :—

74 2391 207 2436 [Form.
228 2392 322 2433 115.]
350 2391 391 2436 R
441 2393 707 2427 Trochiscorum
725 2393 767 2426 de
784 2392 891 2426 Terra
908 2392 1066 2431 Lemnia,

446 2450 526 2484 Boli
542 2451 727 2491 Armenae,
744 2461 812 2484 ana
828 2449 1031 2483 drachmam
1047 2460 1166 2490 unani,

445 2508 571 2542 Terrae
589 2508 782 2552 Sigillatae‚

445 2565 590 2610 Lapidis
608 2565 836 2605 Haematitis‚

446 2622 636 2666 Sanguinis
655 2623 836 2663 Draconis,

444 2680 586 2713 Corallii
604 2680 716 2714 Rubri
734 2680 940 2725 praeparati,
957 2690 1025 2713 ana
1041 2677 1345 2717 semidraclnnam,

446 2737 650 2778 Masfiches,

444 2795 591 2828 Gummi
609 2796 762 2835 Arabici,
780 2807 849 2829 ana
865 2794 1068 2839 scrupulum
1089 2804 1197 2826 unum
1213 2806 1220 2832 3

158 2875 168 2887 ⁶
194 2870 289 2900 Deest
306 2873 320 2908 ἦ
343 2872 378 2901 13
396 2870 429 2900 in
446 2870 492 2900 ed.
512 2871 572 2900 '802
838 2869 850 2888 ¹*
875 2869 953 2909 illic]
973 2869 1025 2899 Sic
1042 2869 1110 2899 edd.
1130 2872 1256 2902 recent„
1275 2869 1346 2897 illuc
1363 2867 1437 2906 Syd.
