1985 3308
206 2410 271 2441 ¹Cf.
291 2411 345 2441 inf.

204 2463 232 2501 p.
247 2456 322 2502 ἱΙᾷἱὶ.
339 2459 369 2504 et

203 2499 257 2525 int.
275 2507 314 2526 iv.
334 2500 362 2526 b.

206 2539 252 2568 12.

199 2581 267 2611 ⁹Cf.
286 2583 300 2619 ξ
319 2582 368 2612 46.

397 145 480 185 150

776 115 780 120 ’
807 143 1064 184 ΤΗΟΜΑΕ
1097 143 1439 185 SYDENHAM

993 279 1118 320 CAP.
1150 277 1260 320 ΙΙΙ.ιι
1546 326 1548 329 y

501 388 643 428 Febris
668 387 867 427 Continua
889 383 1101 426 annorum¹
1126 386 1249 436 1667,
1274 385 1398 435 1668,
1420 389 1458 425 et
1471 384 1612 437 partis
1634 383 1759 424 1669.

456 478 482 517 J
488 490 553 517 AM
574 482 623 517 ut
645 476 696 517 de
712 475 847 517 Febre
868 475 940 515 illa
961 475 1097 515 dicam
1115 488 1221 528 quae
1243 474 1423 515 durante
1438 473 1642 515 variolosa
1660 473 1740 513 hac
1756 486 1855 514 con-

398 545 620 585 stitutione
649 542 958 592 dominabatur,
987 548 1029 582 et
1057 556 1155 583 cum
1181 542 1346 582 variolis
1377 542 1579 595 ingressa,
1609 541 1727 582 stetit
1757 554 1856 582 cum

421 629 435 648 ¹<
462 628 559 658 Deest
574 628 634 658 boc
652 637 720 667 cap.
736 627 769 656 in
785 626 854 656 edd.
874 627 936 662 ’66‚
953 627 1014 657 ⁹68.

1074 626 1081 646 ¹
1105 637 1247 656 annor-mn
1265 625 1335 666 ἐξα]
1353 626 1443 665 hujus
1462 627 1690 657 Constitutionis
1705 625 1753 655 ed.
1771 624 1834 657 ’76-

399 765 519 790 secreta
535 759 668 789 materia
686 763 752 788 tam
773 758 929 798 profunda
950 758 1094 797 vestigia,

400 804 477 833 dum
492 813 548 843 per
563 811 672 832 carnes
688 801 773 830 viam
790 801 851 831 sibi
871 801 956 836 facit,
977 801 1009 830 in
1026 811 1094 830 cor-

399 855 474 885 pore
487 850 593 874 nostro
603 843 772 883 relinquat,
784 844 830 881 (in
843 848 999 873 ¹autumno
1009 853 1097 882 prae-

400 888 502 927 cipue,
521 892 616 926 atque
631 886 747 916 hiemis
764 886 864 921 initio,
883 886 998 925 quibus
1014 891 1095 915 tem-

399 930 528 970 poribus
558 929 654 959 altius
686 928 743 958 illa
772 929 923 967 stigmata
949 928 1098 958 Variolae

399 973 490 1002 uobis
510 972 635 1001 inurere
657 970 786 1010 solent,)
803 981 878 1000 cum
898 971 984 1000 idem
1004 970 1098 1010 plane

399 1015 528 1045 effectus
555 1024 594 1044 ex
620 1013 763 1053 cujusvis
790 1013 854 1043 fere
879 1013 996 1043 ulceris
1020 1023 1098 1052 pure

399 1062 620 1096 consequatur.
669 1056 776 1096 Atque
808 1066 871 1095 quo
901 1055 1099 1086 luculentius

399 1100 505 1130 adhuc
534 1104 641 1148 pateat
674 1109 738 1129 non
768 1098 942 1139 particulas
973 1098 1099 1138 aliquas

398 1148 570 1172 venenatas
595 1143 628 1172 in
655 1141 810 1181 sanguine
840 1141 1098 1190 praeexistentes,

400 1185 602 1224 eundemque
625 1184 665 1214 ad
688 1185 738 1214 sui
761 1184 999 1224 propulsionem
1026 1184 1097 1214 irri-

400 1233 514 1264 tantes,
529 1227 628 1267 hujus
643 1227 746 1256 morbi
757 1237 865 1256 veram
877 1237 1007 1256 causam
1020 1237 1098 1263 esse,

402 1271 457 1300 sed
473 1271 580 1310 ipsum
597 1270 797 1309 sanguinem,
814 1270 1008 1299 mutationes
1025 1269 1100 1299 istas

402 1313 612 1350 affectantem,
632 1323 668 1342 eo
691 1323 753 1352 quo
777 1312 899 1342 dictum
921 1318 968 1342 est
988 1313 1098 1347 modo·

402 1366 495 1395 saepe
515 1356 625 1385 observ
629 1365 680 1385 are
703 1355 787 1390 licet,
805 1355 957 1395 quosdam
981 1365 1018 1384 ex
1040 1355 1100 1385 hoc

403 1398 522 1434 morbo,
554 1398 611 1428 etsi
649 1398 816 1438 profundis
856 1397 999 1437 vestigiis
1036 1407 1100 1427 non

403 1441 532 1470 omnino
544 1440 708 1476 deformes,
718 1445 782 1470 tota
792 1445 899 1470 tamen
912 1450 930 1468 v
935 1440 1022 1470 ultus
1030 1450 1100 1479 spe-

403 1484 461 1519 cie,
475 1484 608 1531 ejusque
623 1483 889 1512 lineamentorum
903 1483 1011 1518 ductu,
1026 1493 1100 1522 qua·

402 1526 493 1566 sique
519 1526 621 1566 ipsius
647 1526 787 1566 corporis
813 1525 942 1562 fabrica,
962 1535 1101 1565 eousque

1154 758 1341 788 immutatos
1360 758 1468 794 fuisse,
1485 758 1615 798 perinde
1637 768 1674 788 ac
1698 757 1724 788 si
1740 757 1854 788 Vario-

1155 800 1260 830 larum
1285 800 1467 830 interventu
1493 800 1668 840 perfectam
1695 801 1858 840 quandam

1154 842 1393 873 renovationem
1431 842 1529 873 totius
1567 852 1692 873 massae
1731 842 1762 873 N
1767 848 1859 874 atura

1156 885 1361 924 designasset.

1201 928 1350 957 “Verum
1363 928 1429 957 sive
1441 927 1520 958 haec
1536 927 1616 968 ipsa,
1627 927 1666 958 de
1682 937 1746 968 qua
1757 927 1858 958 locuti

1158 980 1271 1000 sumus
1298 970 1464 1006 hactenus,
1492 970 1530 1000 de
1557 970 1759 1000 Variolarum
1786 975 1858 1001 ortu

1159 1013 1315 1043 sententia
1333 1013 1446 1052 (quam
1462 1023 1566 1053 neque
1578 1013 1750 1043 novitatem
1767 1013 1859 1043 affece

1158 1060 1229 1085 tans
1267 1056 1452 1095 amplector,
1483 1066 1587 1095 neque
1625 1055 1676 1086 cui
1717 1056 1756 1086 ab
1785 1055 1858 1086 aliis

1158 1098 1290 1128 meliora
1302 1099 1433 1128 edoctus
1442 1098 1644 1139 pertinaciter
1654 1098 1857 1138 adhaerebo,)

1158 1141 1361 1171 verisimilior
1377 1142 1428 1178 sit,
1445 1141 1511 1171 sive
1532 1141 1595 1171 alia
1611 1141 1718 1181 aliqua
1737 1141 1859 1172 ratione

1158 1184 1358 1213 commodius
1379 1184 1531 1224 explicari
1554 1184 1663 1224 possit,
1685 1193 1748 1213 non
1768 1194 1860 1224 mag-

1157 1237 1274 1266 nopere
1290 1227 1457 1267 pugnabo:
1475 1226 1615 1267 profecto
1628 1227 1713 1256 enim
1727 1227 1861 1257 curandi

1158 1269 1368 1299 indicationes
1383 1270 1513 1299 eaedem
1529 1279 1655 1309 semper
1668 1269 1857 1305 manebunt3

1159 1312 1248 1341 adest
1270 1312 1355 1342 enim
1384 1322 1508 1352 semper
1533 1312 1667 1342 materia
1689 1312 1858 1351 quaedam,

1160 1365 1239 1394 quae
1256 1355 1395 1395 separari
1411 1355 1512 1391 debet,
1526 1361 1621 1394 atque
1636 1355 1764 1394 expelli,
1779 1364 1858 1394 quo-

1159 1408 1232 1427 rum
1256 1403 1430 1437 utrumque
1445 1398 1507 1427 nisi
1531 1398 1595 1434 fiat,
1617 1403 1727 1428 actum
1749 1403 1799 1428 est
1821 1397 1861 1428 de

1160 1440 1226 1470 vita
1243 1441 1489 1479 aegrotantium.

1205 1486 1223 1499 ‘⁴
1237 1479 1460 1523 Quapropter’‘
1479 1484 1536 1514 &a
1553 1482 1612 1523 (cf.
1629 1484 1643 1522 §
1661 1482 1730 1522 30.)

419 1601 519 1641 Quae
536 1608 726 1646 sequuntur
743 1602 777 1634 in
795 1601 872 1635 edd.
892 1601 945 1633 ’66
963 1601 1008 1646 (p.
1031 1602 1122 1645 150),
1139 1600 1192 1635 ’68
1212 1600 1257 1646 (p.
1279 1602 1371 1646 154),
1388 1604 1402 1641 §
1422 1605 1462 1635 51
1486 1602 1555 1636 fere
1572 1600 1779 1647 respondent
1789 1615 1847 1635 2—-

446 1661 466 1676 “
484 1660 516 1689 Si
531 1659 725 1700 ptyalismus
742 1659 775 1689 in
790 1659 850 1689 hoc
864 1659 973 1689 morbo
990 1669 1099 1698 super-

403 1703 534 1738 venerit,
565 1703 666 1742 (quod
697 1712 789 1742 saepe
818 1702 851 1731 in
882 1702 1000 1731 adultis
1031 1706 1103 1741 post

404 1745 540 1775 calidius
556 1745 699 1784 regimen
715 1750 745 1774 et
761 1745 905 1775 cardiaca
918 1745 1101 1783 contingere

405 1787 571 1825 cernitus‚)
603 1789 685 1818 bona
720 1787 827 1817 omnia
862 1797 986 1827 sperare
1016 1786 1102 1817 licet.

407 1830 499 1860 Certe
526 1830 670 1870 plerique
695 1831 739 1860 ita
765 1829 850 1860 male
873 1829 999 1860 tractati
1026 1830 1102 1860 huic

406 1874 613 1913 symptomati
643 1872 780 1902 salutem
816 1882 907 1902 suam
937 1878 1102 1912 acceptam

405 1916 554 1945 referunt.
601 1915 735 1946 Morbus
750 1915 835 1945 enim
853 1925 869 1944 a
887 1915 936 1944 via
953 1915 1101 1951 naturali,

406 1968 468 1998 qua
484 1968 516 1988 se
532 1968 708 1998 expurgare
726 1962 911 1994 tentaverat,
929 1957 1104 1997 digressus,

405 2010 521 2030 novam
544 2001 624 2030 hanc
648 2001 788 2037 molitur,
805 2010 860 2039 per
883 2000 1101 2030 salivationem

406 2043 545 2078 scilicet;
581 2043 775 2083 proindeque
797 2043 910 2072 dehine
933 2043 1040 2072 minus
1065 2043 1101 2072 dc

404 2086 545 2125 pustulis
569 2087 745 2115 curandum
771 2090 826 2121 est,
851 2085 907 2115 sed
933 2085 1102 2125 spectanda

405 2128 610 2168 potissimum
626 2133 673 2158 est
689 2129 841 2168 expuitio,
855 2128 1102 2167 conandumque

406 2175 441 2200 ut
457 2181 553 2210 quam
569 2171 723 2201 laudabili
739 2181 826 2201 more
842 2171 998 2201 succedat.
1039 2172 1101 2201 Ca-

1160 1659 1300 1689 vendum
1332 1660 1428 1689 etiam
1464 1670 1504 1690 ne
1534 1660 1744 1700 ptyalismum
1774 1659 1861 1690 hunc

1161 1702 1274 1741 quovis
1290 1702 1384 1731 modo
1400 1702 1554 1742 impedias
1577 1708 1633 1732 aut
1657 1703 1860 1734 iuter-turbes

1163 1745 1382 1775 Quamobrem
1395 1756 1412 1774 a
1425 1746 1639 1784 gargarismis,
1651 1745 1710 1775 sub
1721 1755 1862 1785 quocun-

1161 1797 1222 1827 que
1257 1793 1434 1827 praetextu,
1469 1788 1683 1822 abstineatur;
1724 1798 1862 1828 quorum

1161 1840 1223 1859 usu
1248 1836 1382 1860 mortem
1408 1830 1580 1869 aliquando
1602 1830 1860 1860 illatam·obser-

1162 1872 1242 1907 vavi,
1259 1872 1335 1902 dum
1353 1879 1483 1913 sputum
1501 1873 1579 1903 alias
1595 1874 1757 1903 exiturum
1775 1873 1859 1903 inhi-

1162 1915 1280 1946 berent.
1335 1915 1446 1945 Solum
1464 1916 1513 1946 hic
1531 1916 1715 1946 cerevisiam
1732 1921 1862 1946 tenuem

1162 1957 1273 1987 leviter
1303 1957 1469 1988 calfactam
1499 1959 1692 1995 admiserim,
1724 1968 1789 1998 qua
1819 1958 1863 1998 (si

1162 2010 1243 2040 opus
1259 2000 1380 2040 fuerit‚)
1398 2011 1564 2041 aegrorum
1581 2011 1634 2032 ora
1650 2001 1833 2032 abluantur.

1205 2046 1223 2059 ‘¹
1238 2043 1383 2073 Pustulis
1393 2044 1650 2074 exarescentibus
1660 2054 1697 2074 ac
1709 2043 1862 2080 deciduis,

1162 2096 1255 2125 aeger
1271 2085 1380 2116 sedulo
1396 2087 1584 2126 purgandus
1599 2092 1656 2124 est,
1673 2086 1862 2127 praesertim

1161 2133 1233 2169 post
1249 2129 1395 2159 Variolas
1412 2129 1627 2160 autumnales.

1206 2171 1309 2201 “Jam
1326 2178 1361 2201 ut
1377 2172 1525 2202 calcata’'
1545 2174 1602 2202 ἃς.
1621 2171 1676 2213 (cf.
1696 2173 1711 2211 ᾗ
1728 2171 1798 2212 42.)

468 2246 603 2280 Extant
620 2257 710 2291 quae
727 2252 917 2291 sequuntur
934 2247 969 2279 in
988 2245 1040 2280 ed.
1059 2246 1113 2279 '66
1131 2245 1176 2291 (p.
1199 2248 1302 2292 151.),
1318 2253 1396 2292 post
1411 2247 1429 2291 ᾗ
1445 2250 1500 2281 51,
1519 2247 1598 2282 vide
1614 2259 1647 2293 p.
1670 2250 1802 2282 135:—

449 2317 468 2332 “
481 2315 578 2346 Nunc
593 2327 666 2346 vero
684 2317 735 2356 (ut
750 2316 884 2355 vestigia
896 2317 964 2356 jam
983 2316 1104 2346 calcata

405 2359 572 2398 repetann)
585 2369 650 2389 rem
665 2365 762 2389 totam
775 2359 819 2389 sic
835 2359 946 2398 paucis
959 2358 1100 2399 expedio.

408 2402 441 2430 Si
466 2401 552 2431 filius
576 2412 667 2432 meus
690 2401 819 2432 unicus¹
847 2401 956 2441 (cujus
976 2411 1033 2441 ego
1053 2412 1101 2431 sa-

407 2444 507 2474 lutem
539 2455 575 2474 ac
605 2445 706 2474 vitam
713 2436 787 2474 vel
824 2445 898 2484 ipsis
936 2444 1103 2473 Indiarum

408 2487 521 2526 opibus
551 2487 737 2526 longissime
760 2486 948 2527 praepono‚)
976 2497 1015 2516 ex
1044 2487 1104 2516 hoc

408 2530 517 2559 morbo
541 2535 726 2569 aegrotaret,
755 2530 814 2559 hoc
837 2529 900 2559 sere
922 2530 1026 2565 modo,
1043 2529 1105 2558 nisi

408 2572 487 2601 forte
517 2573 683 2612 quidpiam
717 2573 857 2602 insolens
893 2576 988 2612 atque
1018 2577 1107 2602 extra

409 2614 551 2644 ordinem
574 2615 787 2650 interveniret,
814 2615 951 2644 eundem
981 2615 1106 2644 tractari

404 2657 560 2695 juberem.
608 2657 652 2687 Et
667 2658 770 2697 primo
781 2658 919 2698 quidem,
933 2657 1026 2687 illum
1042 2667 1105 2687 non

409 2699 595 2729 decumbere
616 2706 739 2739 paterer
761 2706 932 2740 antequam
955 2700 1106 2740 pustulae

407 2741 577 2780 prodirent.
630 2742 725 2778 Dein,
755 2743 822 2772 illis
848 2743 916 2782 jam
948 2753 1102 2782 apparen-

408 2782 502 2818 tibus,
519 2794 581 2814 non
600 2785 735 2814 sinerem
756 2791 791 2815 ut
814 2785 977 2815 intensiori
993 2785 1106 2815 caloris

407 2828 518 2864 gradu,
546 2827 596 2856 vel
623 2827 754 2865 adjectis
780 2827 927 2868 pluribus
954 2828 1105 2868 stragulis

407 2867 438 2896 in
462 2867 543 2897 lecto
566 2869 777 2906 decumbeiqet
811 2881 908 2909 quam
931 2871 1047 2910 quibus
1072 2871 1105 2900 in

406 2919 554 2949 prospera
563 2921 580 2940 v
584 2911 744 2942 aletudine
754 2913 802 2942 uti
815 2913 949 2948 s;olebat
974 2923 1106 2943 accenso

1162 2316 1302 2353 interim,
1331 2326 1393 2346 non
1420 2317 1482 2347 nisi
1506 2317 1622 2358 hyeme
1645 2317 1863 2355 incumbente,

1162 2359 1222 2399 ipsi
1246 2360 1364 2389 usitato
1380 2358 1458 2398 foco,
1477 2360 1530 2390 sed
1557 2370 1620 2390 non
1644 2360 1741 2390 nimis
1765 2360 1860 2390 lucu-

1162 2401 1248 2432 lento
1259 2400 1278 2431 ².
1326 2402 1435 2438 Porro,
1449 2402 1568 2432 nollem
1584 2408 1620 2433 ut
1635 2402 1764 2433 brachia
1779 2413 1864 2433 sem-

1163 2455 1220 2484 per
1253 2445 1403 2484 stragulis
1433 2451 1580 2476 accurate
1609 2451 1756 2485 cooperta
1785 2445 1864 2476 deu·-

1164 2492 1262 2523 neret,
1278 2487 1376 2517 autin
1393 2488 1501 2518 eodem
1514 2488 1584 2518 loco
1599 2498 1725 2528 semper
1732 2488 1862 2528 jaceret,

1164 2540 1278 2571 nempe
1288 2540 1328 2560 ne
1340 2530 1470 2560 sudores
1479 2531 1638 2571 copiosius
1649 2535 1862 2571 erumperent,

1165 2583 1244 2612 quos
1265 2583 1322 2612 ego
1344 2578 1412 2603 tum
1430 2573 1603 2604 rationibus
1617 2574 1685 2613 jam
1703 2583 1799 2614 supra
1814 2573 1861 2604 al-

1165 2615 1248 2651 latis,
1261 2621 1331 2645 tum
1346 2616 1415 2656 ipsa
1430 2616 1625 2656 experientia
1640 2617 1748 2654 fretus,
1761 2616 1862 2646 fideu-

1165 2663 1211 2688 ter
1226 2658 1349 2688 affirmo
1366 2668 1427 2688 non
1444 2659 1564 2699 absque
1584 2659 1705 2699 ingenti
1721 2658 1863 2699 periculo

1166 2701 1368 2741 (praesertim
1397 2701 1431 2731 in
1466 2701 1747 2740 adolescentibus,j
1779 2701 1862 2732 acci-

1165 2744 1237 2773 dere
1259 2754 1359 2784 posse.
1405 2744 1531 2775 Vellem
1555 2744 1662 2784 itaque
1678 2749 1715 2774 ut
1734 2743 1814 2774 liber
1828 2744 1863 2774 in

1164 2786 1246 2816 lecto
1266 2787 1397 2825 jaceret,
1420 2786 1592 2827 locumque
1616 2786 1750 2817 subinde
1773 2791 1861 2817 c'om-

1164 2834 1310 2859 mutaret.

1209 2874 1227 2887 “
1244 2871 1295 2901 Ad
1313 2871 1450 2902 diaetam
1475 2871 1560 2912 quod
1581 2872 1703 2908 attinet,
1718 2881 1781 2902 non
1799 2871 1861 2902 im-

1165 2914 1316 2954 pedirem,
1335 2914 1526 2954 quominus
1549 2915 1726 2946 tenuiorem
1744 2913 1862 2945 cerevi-
