1985 3308
283 155 808 196 OBSERVATIONUM
841 155 1218 197 MEDICARUM
1250 166 1311 199 lV.
1332 171 1363 199 5.
1476 162 1552 202 185

92 261 266 302 Natura
293 262 551 303 destinatum
572 261 856 314 absolverint,)
882 267 924 302 et
952 268 1249 317 symptomata,
1277 278 1383 317 quae
1404 265 1552 306 iisdem
1572 279 1756 310 Monmnm

90 329 385 370 recedentibus
416 329 730 383 superveniunt,
754 344 804 370 ex
839 343 888 370 eo
918 336 1021 370 nata
1055 336 1263 381 autumat,
1294 332 1406 385 quod
1436 332 1551 386 justo
1582 322 1755 355 Axm’To.

89 396 213 437 citius
235 411 278 438 se
298 397 410 438 intro
431 397 623 437 Morbilli
643 397 877 450 receperint
889 414 901 447 ;
933 397 1151 438 observare
1173 399 1287 439 enim
1309 405 1372 440 est
1388 400 1550 441 febrem

89 468 216 518 atque
237 464 422 518 spirandi
438 464 729 505 difficultatem
749 470 854 505 tunc
870 465 1071 519 temporis
1088 466 1246 519 augeri,
1263 466 1549 520 importunius

87 545 237 585 urgere
264 532 523 582 tussiculam,
548 532 610 573 ita
635 537 684 572 ut
715 546 793 573 nec
820 532 1007 573 interdiu
1036 547 1114 574 nec
1142 533 1269 574 etiam
1301 539 1433 576 noctu
1460 536 1548 577 fere

85 613 258 640 somnus
287 601 417 654 possit
448 600 660 653 obrepere.
723 600 916 641 Infantes
951 601 1198 653 praesertim
1234 601 1310 642 sub
1342 602 1547 655 regimine
1567 616 1727 656 Regimen

84 667 283 718 calidiori,
309 674 382 708 aut
411 668 482 721 qui
509 668 775 708 calidioribus
802 668 867 708 usi
896 673 995 708 sunt
1020 668 1340 709 medicamentis
1371 670 1424 710 ad
1450 685 1545 724 pro·
1561 659 1738 742 {sffifftfgssig

83 736 336 776 movendam
357 736 655 777 Morbillorum
677 736 956 789 eruptionem,
979 736 1078 777 111110
1100 737 1211 777 malo
1234 742 1334 778 sunt
1356 738 1542 790 obnoxii,
1562 745 1613 793 {iic
1624 746 1743 776 adferat

83 804 196 857 quod
226 805 435 845 Morbillis
462 805 553 858 jam
579 805 881 845 facessentibus
913 818 956 845 se
977 805 1161 845 ostendit
1175 822 1186 855 3
1219 806 1333 847 unde
1364 807 1409 847 in
1435 808 1543 861 peri·
1561 798 1738 866 ggiommo-

81 873 383 925 pneumoniam
426 872 721 926 conjiciuntur,
765 887 870 927 quae
910 873 1051 926 plures
1090 873 1262 927 jugulat
1304 889 1430 928 quam
1470 881 1544 917 aut

80 940 258 980 variolae
292 940 418 994 ipsae,
451 947 524 981 aut
555 945 794 994 symptoma
824 941 1106 994 quodcunque
1136 941 1190 981 ad
1221 955 1319 982 011111
1350 948 1543 996 spectans

79 1007 288 1058 morbum,
311 1008 407 1049 licet
435 1008 552 1048 omni
572 1022 741 1061 prorsus
766 1009 952 1062 periculo
972 1014 1121 1050 vacent
1143 1009 1334 1051 Morbilli
1361 1010 1396 1051 si
1416 1011 1543 1053 modo

78 1075 211 1128 perite
246 1080 495 1116 tractentur.
570 1075 649 1116 His
689 1076 817 1117 etiam
857 1091 943 1118 non
984 1091 1079 1119 raro
1115 1078 1266 1119 accidit
1307 1078 1539 1131 diarrhoea,

78 1156 184 1196 quae
215 1143 279 1184 vel
309 1144 505 1184 morbum
537 1144 681 1185 statim
712 1143 876 1198 excipit,
905 1145 971 1185 vel
1001 1144 1131 1186 etiam
1158 1145 1212 1186 ad
1241 1145 1382 1199 plures
1413 1147 1540 1200 septi-

76 1224 222 1251 manas
258 1212 440 1252 excurrit
475 1217 570 1265 post
600 1212 738 1253 morbi
770 1212 1045 1266 omniumque
1076 1213 1167 1267 ejus
1204 1218 1538 1268 symptomatum

74 1277 233 1331 fugam,
255 1279 370 1320 haud
391 1280 479 1320 sine
505 1294 660 1333 magno
683 1280 798 1333 aegri
822 1280 1075 1331 discrimine,
1097 1280 1143 1321 111
1165 1295 1248 1335 quo
1273 1282 1427 1323 abhinc
1447 1288 1539 1324 orta

74 1345 298 1399 spirituum
337 1347 578 1401 profusione
619 1348 823 1389 continua
861 1353 1066 1390 versatur.
1127 1349 1370 1403 Aliquando
1411 1351 1538 1392 etiam

72 1418 166 1467 post
195 1414 386 1467 regimen
415 1414 581 1456 intense
612 1415 796 1456 calidum
824 1416 1124 1457 exanthemata
1150 1416 1357 1458 livescunt
1386 1417 1537 1472 primo,

71 1494 168 1521 mox
189 1481 436 1535 nigrescunt
449 1500 460 1533 3
492 1482 536 1523 id
562 1497 659 1524 vero
684 1483 838 1524 adultis
862 1488 1035 1524 tantum
1059 1484 1283 1538 contingit,
1307 1484 1359 1526 de
1385 1486 1537 1539 quibus
1556 1504 1586 1529 et
1602 1510 1664 1539 quo

71 1549 383 1591 conclamatum
414 1555 503 1591 estu
523 1551 599 1592 ubi
622 1551 808 1605 primum
838 1551 1015 1605 nigredo
1046 1551 1126 1592 ista
1156 1552 1426 1606 conspicitur,
1453 1553 1537 1594 nisi
1555 1544 1746 1627 Εζξξορίέζὴ

70 1617 357 1671 phlebotomia
383 1625 425 1660 et
448 1620 756 1674 temperatioris
780 1619 997 1674 regiminis
1024 1620 1241 1674 refrigerio
1265 1621 1315 1662 iis
1341 1626 1536 1665 actutum
1555 1628 1726 1660 subveniri.

71 1685 357 1728 subveniatur.

133 1754 212 1808 [5.]
251 1755 461 1796 Morbillis
489 1762 538 1796 ut
568 1760 734 1807 natura,
756 1756 817 1797 ita
847 1761 889 1797 et
916 1756 1115 1797 medendi
1141 1771 1268 1811 quam
1297 1758 1376 1799 sibi
1400 1759 1534 1812 poscit
1555 1775 1725 1806 Cusum.

67 1820 136 1862 hic
156 1823 329 1864 morbus
349 1824 524 1875 ratione,
543 1838 641 1865 cum
661 1824 825 1865 variolis
848 1824 947 1865 satis
969 1824 1166 1866 convenit
1182 1842 1190 1866 :
1222 1826 1534 1868 medicamenta
1553 1834 1713 1866 Morbillis

67 1893 110 1929 et
129 1890 320 1943 regimen
342 1892 539 1932 calidiora
564 1892 739 1946 periculi
758 1893 1003 1946 plenissima
1029 1898 1143 1944 sunt,
1166 1899 1266 1935 utut
1287 1895 1532 1949 frequenter
1551 1882 1740 1952 ssffissfiffiffdi

67 1957 111 1998 in
132 1972 256 1998 usum
272 1965 522 2000 revocentur
537 1961 589 2001 ab
605 1960 762 2014 ignaris
779 1975 1003 2014 aegrorum
1017 1963 1306 2013 curatricibus,
1323 1978 1372 2004 eo
1389 1963 1531 2006 animo
1550 1963 1672 2017 ration?
1710 2007 1716 2013 ,

66 2031 115 2066 ut
143 2027 314 2067 morbus
343 2042 367 2067 a
387 2028 511 2069 corde
531 2028 678 2082 procul
699 2028 1011 2070 submoveatur.
1074 2030 1294 2072 Faeliciter
1318 2038 1418 2085 prae
1439 2033 1530 2074 aljis
1549 2006 1734 2079 QJCEIffb

66 2094 170 2134 mihi
205 2095 327 2136 cessit
358 2096 582 2136 methodus
617 2096 701 2147 illa,
724 2111 807 2150 qua
845 2111 970 2150 aeger
1004 2097 1056 2137 ad
1093 2097 1180 2138 dies
1210 2098 1332 2139 binos
1369 2099 1531 2140 50111111ν
1549 2091 1643 2121 venit.

63 2166 257 2204 ternosve
278 2163 330 2204 ab
352 2164 572 2217 eruptione
593 2164 702 2205 lecto
728 2164 1055 2217 astringebatur,
1079 2179 1162 2218 quo
1184 2166 1356 2219 sanguis
1377 2167 1529 2208 leniter

0 2223 1 2227 ¹
62 2244 138 2284 pro
168 2231 305 2272 morbi
335 2232 458 2285 genio
488 2232 711 2286 particulas
746 2232 1027 2273 inflammatas
1058 2233 1178 2274 facile
1210 2235 1474 2288 separabiles,
1504 2251 1529 2277 a

0 2323 1 2350 3
63 2299 214 2352 quibus
231 2299 536 2351 offendebatur,
554 2314 629 2354 per
649 2300 756 2341 cutis
774 2300 981 2354 spiracula
1002 2301 1193 2353 difflaret,
1208 2316 1287 2344 1100
1303 2303 1524 2354 lodicibus,

0 2377 2 2415 ξ
61 2380 140 2408 1100
169 2367 281 2421 igne,
302 2374 469 2422 praeter
498 2369 673 2410 modum
705 2383 831 2422 quem
867 2384 994 2410 sanus
1025 2370 1211 2421 tenebat,
1235 2371 1423 2425 adjectis.
1483 2373 1525 2414 A

0 2423 2 2429 ,
61 2435 257 2476 carnibus
274 2436 592 2490 quibuscunque
614 2437 826 2487 arcebam;
854 2437 1023 2491 juscula
1043 2452 1260 2490 avenacea,
1277 2439 1521 2491 hordeacea,

60 2506 102 2543 et
119 2502 280 2554 similia,
295 2518 604 2559 nonnunquam
617 2511 659 2546 et
675 2519 850 2559 pomum
867 2511 1034 2546 coctum
1048 2506 1343 2548 concedebam.
1388 2508 1521 2549 Potus

59 2570 124 2611 vel
153 2576 241 2611 erat
277 2573 472 2613 cerevisia
501 2573 654 2623 tenuis,
683 2573 748 2614 vel
778 2573 842 2613 lac
878 2587 975 2614 cum
1011 2588 1143 2628 aquae
1179 2574 1306 2628 triplo
1335 2581 1517 2617 coctum.

58 2637 237 2690 Tussim‚
270 2654 376 2694 quae
414 2640 514 2682 111110
550 2641 698 2682 morbo
738 2641 825 2682 fere
861 2642 1029 2682 assidua
1061 2648 1136 2693 est,
1170 2643 1343 2685 decocto
1378 2644 1518 2698 aliquo

55 2707 256 2759 pectorali
277 2708 455 2750 subinde
475 2709 626 2750 hausto
643 2709 860 2750 delinitam
877 2709 1001 2760 volui,
1019 2710 1115 2750 utiw
1136 2709 1264 2751 etiam
1285 2711 1516 2765 eclegmate

56 2773 194 2828 aliquo
224 2776 408 2817 eundem
438 2791 612 2832 scopum
647 2777 899 2831 attingente.
960 2779 1019 2818 At
1050 2792 1148 2832 prae
1179 2778 1350 2833 reliquis
1380 2779 1516 2822 diaco-

99 2895 114 2910 ¹¹
137 2895 173 2923 de
187 2896 293 2933 quibus
313 2897 454 2925 com-Iam.
472 2895 533 2935 est]
549 2896 604 2925 i.e.
623 2897 659 2925 de
677 2906 749 2935 quo·
854 2899 865 2911 V
893 2893 1002 2935 solnm]
1022 2905 1083 2926 oni.
1102 2895 1149 2925 ed.
1169 2896 1230 2928 ⁹76.

57 2944 121 2965 rum
136 2939 198 2966 vita
215 2939 297 2967 nulla
313 2949 378 2977 spes
394 2944 447 2968 est.
856 2945 873 2958 ““
899 2937 1115 2978 uli-aetatis]
1134 2948 1196 2968 om.
1214 2939 1260 2969 ed.
1275 2938 1338 2970 ’76.

752 2990 824 3031 Bb
