1985 3308
431 163 518 203 320
857 157 1114 199 THOMAE
1148 155 1488 197 SYDENHAM

249 281 303 311 Dr,
321 279 397 309 Lus
431 267 546 308 haud.
575 266 788 321 procedat,
821 271 915 306 tum
951 279 1084 318 grana
1124 268 1219 304 octo
1253 262 1421 303 turbith
1453 259 1668 300 mineralis
1708 259 1754 299 in
1789 273 1888 300 con-

227 324 412 388 Vnsanm.
432 352 550 378 serva
583 350 776 377 rosarum
810 334 1037 375 rubrarum
1073 332 1354 373 exhibeantur
1390 343 1529 383 acgrO,
1567 328 1641 382 qui
1674 334 1769 382 post
1803 329 1888 368 sin-

226 383 398 456 ξῐξζζὶξζῑῑ,
434 405 553 458 gulas
585 403 836 444 vomitiones
870 406 943 441 aut
977 400 1096 440 sedes
1130 404 1269 438 sumat
1305 398 1508 437 haustum
1539 395 1714 448 liquoris
1748 409 1888 449 posse-

225 468 375 498 muletur.
432 473 507 513 tici
537 472 683 513 calide.
745 471 854 511 Cum
887 481 1066 521 expuere
1094 465 1312 518 inceperit,
1341 463 1384 503 id
1410 463 1501 516 jam
1526 462 1698 503 Medico
1729 462 1890 515 negotii

228 521 388 594 ἑζῖζζΐζξο,
432 544 603 580 tantum
632 543 708 588 est,
736 542 786 577 ut
818 536 997 589 gradum
1025 531 1281 574 salivationis
1310 531 1553 584 scrupulose
1583 529 1807 583 expendat,
1835 542 1891 569 ne

227 607 278 636 ¹¹1⁵
295 606 404 636 sedulo
433 606 634 646 invocatis
665 610 824 644 temere
861 601 1064 654 suppetiis
1097 599 1387 639 salivationem
1418 612 1466 639 eo
1496 612 1631 651 usque
1663 597 1811 638 evehat
1840 602 1891 637 ut

228 649 397 723 glffrvan-
433 687 558 727 aeger
583 672 634 712 de
654 671 741 711 vita
763 669 1039 723 periclitetur.
1101 666 1190 707 Ubi
1209 666 1299 720 jam
1319 665 1571 719 ptyalismus
1593 670 1754 705 statum
1775 662 1891 704 debi-

431 746 526 781 tum
556 738 684 779 fuerit
716 737 906 789 adeptus,
939 735 998 787 (iu
1031 748 1113 787 quo
1144 739 1389 787 expuuntur
1417 738 1467 773 ut
1496 732 1729 786 plurimum
1758 731 1892 772 librae

434 812 616 861 quatuor
637 805 772 859 spatio
798 802 1093 857 nycthemeri,)
1125 801 1191 841 vel
1212 804 1509 854 symptomata,
1532 798 1699 839 etiamsi
1724 798 1893 851 parcius

433 876 588 926 expuat
621 884 758 924 aeger,
791 868 1040 910 evanuerint
1054 884 1065 918 3
1106 868 1235 921 (quod
1264 868 1515 921 plerumque
1551 867 1761 920 contingit
1796 870 1892 920 post

435 944 630 993 quartam
647 938 759 978 diem
781 951 805 976 a
826 941 941 976 statu
962 935 1220 975 salivationis
1233 936 1261 987 ς)
1287 940 1331 975 et
1352 935 1573 975 indusium
1594 939 1636 975 et
1656 934 1740 975 tori
1760 934 1895 974 lintea

433 1010 537 1060 aliis,
557 1022 663 1062 quae
685 1022 709 1047 a
726 1020 809 1060 quo
828 1005 982 1046 ultimo
1002 1004 1254 1044 lavabantur
1274 1009 1479 1057 usurpata
1495 1002 1742 1056 aliquandiu
1760 1002 1892 1052 fuere,

434 1082 533 1116 sunt
560 1072 866 1129 permutanda:
904 1085 1003 1112 cum
1037 1072 1178 1124 priora
1208 1072 1291 1112 ista
1316 1076 1540 1124 unguento
1566 1071 1726 1112 infecta
1749 1070 1892 1110 saliva-

433 1143 595 1183 tionem
626 1147 668 1182 et
696 1140 831 1193 magis
860 1154 988 1193 quam
1018 1145 1109 1180 erat
1137 1154 1241 1194 opus
1271 1140 1507 1191 intendere,
1533 1145 1575 1181 et
1602 1140 1771 1193 longius
1798 1153 1894 1193 pro-

433 1210 602 1250 trahere
628 1223 756 1262 quam
781 1222 906 1261 aegro
935 1208 1141 1260 expediat,
1165 1213 1264 1261 apta
1286 1212 1390 1248 nata
1413 1208 1512 1249 sint.
1575 1208 1703 1250 Quod
1727 1208 1762 1248 si
1784 1207 1894 1249 forte

435 1278 551 1330 prius
580 1277 851 1329 elanguescat
879 1275 1068 1316 salivatio
1097 1290 1224 1329 quam
1250 1281 1535 1330 symptomata
1562 1276 1732 1330 penitus
1757 1276 1894 1329 dispa-

436 1346 614 1394 ruerint,
638 1342 930 1384 extimulanda
957 1342 1135 1382 subinde
1161 1348 1223 1382 est
1256 1343 1466 1383 mercurio
1495 1342 1607 1383 dulci
1640 1342 1693 1383 ad
1721 1356 1894 1396 scrupu-

438 1413 527 1452 lum
553 1426 684 1451 unum
704 1425 780 1463 pro
803 1409 893 1450 dosi
914 1409 1114 1449 exhibito.

233 1489 322 1520 Quid
338 1489 364 1518 si
503 1479 611 1532 [272]
650 1478 976 1529 Nonnunquam
1007 1476 1172 1526 accidit,
1199 1477 1448 1530 praesertim
1480 1476 1526 1516 in
1557 1476 1801 1530 corporibus
1832 1477 1896 1518 εὐ-

231 1542 334 1612 Ξξὲξᾷ
335 1536 420 1561 retur
438 1545 734 1599 μεταβλήτοις,
782 1545 894 1598 quod
938 1549 1033 1598 post
1083 1558 1215 1584 unam
1261 1544 1326 1584 vel
1378 1544 1555 1584 alteram
1600 1544 1896 1585 inunctionem

442 1614 609 1666 (nempe
646 1612 771 1652 simul
807 1625 854 1651 ac
885 1610 1149 1665 hydrargyro
1186 1610 1357 1663 sanguis
1393 1612 1500 1651 affici
1536 1611 1772 1665 inceperit,)
1805 1612 1896 1652 Na-

435 1685 535 1721 tura
554 1679 666 1720 illico
686 1692 761 1732 per
784 1678 990 1718 intestina
1012 1677 1129 1718 hune
1153 1678 1321 1718 hostem
1347 1679 1553 1732 expellere
1581 1684 1759 1732 satagat,
1780 1679 1897 1720 unde

435 1763 523 1790 non
552 1749 689 1789 solum
714 1746 970 1800 dejectiones
997 1759 1193 1786 mucosae
1222 1750 1265 1786 et
1290 1746 1478 1786 tormina
1501 1746 1673 1796 ventris,
1699 1752 1749 1787 ut
1773 1747 1819 1787 in
1846 1747 1898 1788 iis

437 1816 509 1870 qui
531 1815 771 1870 dysenteria
790 1814 999 1863 laborant,
1022 1813 1235 1863 eveniunt,
1257 1827 1404 1854 verum
1426 1813 1554 1853 etiam
1576 1814 1739 1855 curatio
1760 1815 1899 1856 morbi

436 1884 680 1937 impeditur,
708 1887 857 1936 utpote
886 1881 958 1934 qui
986 1880 1224 1921 salivationi
1250 1880 1551 1921 tantummodo
1575 1881 1724 1922 cedere
1751 1882 1897 1924 soleat.

439 1951 494 1992 In
524 1951 604 1991 hoc
634 1964 734 1991 casu
765 1963 789 1989 a
819 1948 1028 1988 merciuio
1069 1948 1154 1988 sive
1185 1953 1304 1988 extra
1334 1948 1545 2002 applicito,
1575 1949 1659 1990 sive
1688 1949 1804 1990 intra
1834 1963 1897 1989 as-

439 2023 621 2072 sumpto,
636 2031 807 2071 prorsus
829 2015 1134 2065 absistendum,
1153 2015 1286 2056 donec
1301 2015 1405 2056 haec
1427 2021 1713 2069 symptomata
1726 2016 1899 2070 penitus

439 2086 687 2127 evanuerint
700 2102 712 2136 3
749 2089 904 2137 atquec
934 2097 1060 2136 porro
1093 2083 1231 2123 dictus
1263 2083 1341 2123 alvi
1366 2083 1505 2123 fluxus
1530 2084 1619 2137 (qui
1647 2084 1899 2137 plerumque

439 2154 591 2195 accidit
620 2158 850 2206 antequam
878 2151 1066 2191 salivatio
1094 2150 1202 2191 bene
1231 2152 1453 2204 assurgat)
1486 2151 1699 2192 sistendus
1726 2156 1790 2192 est
1816 2165 1899 2192 usu

438 2221 611 2263 laudani
650 2219 814 2273 liquidi,
851 2219 913 2259 ita
943 2218 1078 2258 dosim
1114 2217 1311 2271 augendo
1346 2223 1474 2271 atque
1505 2219 1736 2272 repetendo
1770 2224 1898 2273 prout

438 2292 589 2342 urgeat
621 2293 861 2342 symptoma
873 2303 884 2336 3
927 2291 1000 2326 aut
1029 2285 1251 2326 djascordjj
1285 2286 1627 2338 sesquidrachma
1661 2287 1897 2340 aliquoties,

438 2362 565 2411 prout
605 2370 710 2409 opus
749 2354 891 2404 fuerit,
934 2353 1143 2394 devorata.
1205 2352 1441 2393 Diarrhoea
1482 2353 1659 2394 tandem
1698 2354 1897 2405 cohibita,

440 2424 629 2466 salivatio
657 2422 800 2464 debito
826 2421 954 2462 modo
980 2420 1206 2474 procedere
1237 2420 1355 2470 solet,
1385 2433 1492 2473 quae
1523 2425 1649 2462 antea
1675 2421 1743 2462 vix
1773 2435 1898 2476 appa-

439 2499 565 2535 reret.

238 2566 409 2597 Convales-
505 2559 613 2613 [28.]
652 2556 983 2598 Convalescente
1008 2554 1059 2595 de
1080 2554 1255 2595 caeteris
1281 2569 1420 2608 aegro,
1442 2555 1525 2595 m'si
1550 2556 1663 2609 quod
1687 2570 1733 2597 os
1761 2555 1900 2596 adhuc

238 2615 327 2639 cente
343 2620 394 2639 ὅθ’
440 2627 718 2675 exulceretur,
753 2624 842 2677 (qui
874 2623 1086 2676 genuinus
1121 2627 1185 2663 cst
1219 2623 1433 2676 ptyalismi
1467 2623 1661 2677 fructus)
1696 2624 1898 2674 salivatio,

237 2662 294 2691 gro
310 2652 415 2692 potius

238 2695 414 2777 Ξὲἶὲἶῡέξξὶ
442 2709 548 2749 quae
579 2695 669 2748 jam
698 2692 836 2733 indies
865 2691 1135 2741 inminuitur,
1164 2704 1243 2731 nec
1272 2690 1525 2744 purgatione
1552 2704 1632 2731 nec
1662 2691 1744 2731 alio
1773 2690 1900 2731 modo

485 2848 499 2863 ⁰
522 2841 835 2883 atque—appareret]
862 2851 938 2881 quae
962 2846 996 2870 ut
1011 2839 1143 2879 facilius
1202 2851 1258 2880 qne
1270 2851 1362 2879 porro
1373 2846 1406 2870 ut
1418 2842 1659 2871 corroborantum
1675 2851 1711 2871 ex
1726 2841 1899 2879 cephalicis,

443 2891 632 2915 amm-eantur
660 2887 732 2914 utile
753 2887 811 2913 eri!
836 2889 868 2913 ut
893 2885 1058 2913 diascordii
1080 2894 1141 2913 ses·
1201 2889 1231 2913 et
1245 2886 1277 2913 id
1289 2894 1385 2923 genus
1400 2885 1480 2919 aliis,
1492 2885 1558 2912 vino
1569 2884 1737 2922 Hispanico
1752 2887 1900 2912 coctorum

444 2929 665 2967 quidrachmam
679 2937 770 2965 aeger
780 2928 938 2965 aliquoties
954 2928 1082 2962 det-oret,
1097 2931 1143 2955 at-
1202 2937 1337 2964 vaporem
1351 2927 1478 2965 recipiat
1489 2928 1518 2955 in
1531 2927 1605 2955 sella
1613 2924 1771 2964 perforata
1784 2924 1898 2955 ed.’80.
