1985 3308
377 145 462 185 468
788 141 1046 184 THOMAE
1080 142 1423 184 SYDENHAM

198 259 252 288 Da
271 257 345 286 ΗΥ-
378 249 758 299 tumultuarentur,
794 254 942 290 venter
981 249 1164 290 maxime
1198 263 1342 290 versus
1378 250 1593 303 superiora
1632 250 1839 292 intumes-

214 309 338 330 onore.
381 316 515 366 cebat,
532 320 738 368 tanquam
759 329 867 355 novo
888 329 1093 369 aquarum
1116 321 1323 369 proventu
1339 317 1479 357 denuo
1500 318 1686 371 repletus
1707 318 1840 368 foret;

382 383 494 438 quod
521 388 667 423 tamen
695 383 786 422 fieri
814 397 901 423 non
925 397 1044 435 posse
1073 383 1270 432 sciebam,
1293 396 1392 423 cum
1415 383 1477 424 ita
1500 398 1624 437 parce
1651 384 1841 434 bibisset,

382 466 429 493 ac
449 450 626 505 proinde
651 455 863 490 tumorem
883 450 1005 489 illum
1026 463 1051 489 a
1070 449 1255 499 flatibus,
1279 464 1382 502 quos
1403 451 1567 504 peperit
1587 450 1740 503 ἀταξία
1762 451 1846 491 ista

383 535 407 560 a
427 518 668 560 catharticis
688 521 925 570 provocata,
948 521 1121 556 tantum
1145 517 1257 556 oriri.
1321 517 1448 559 Quod
1470 532 1613 559 meum
1634 518 1845 572 judicium

384 592 558 628 eventus
591 585 900 638 comprobavit:
942 584 1041 624 licet
1073 584 1188 623 enim
1219 585 1285 624 vel
1311 585 1512 638 congium
1540 599 1672 638 aquae
1701 599 1750 626 eo
1778 585 1846 625 die

385 669 467 708 quo
501 653 766 708 purgabatur
799 651 1001 705 ejecisset,
1036 665 1136 692 mox
1175 657 1321 692 tamen
1362 653 1498 708 coepit
1534 653 1818 694 intumescere
1833 669 1845 702 ς

384 737 463 763 1100
487 720 732 762 remittebat
754 724 897 759 tumor
917 719 1001 769 ille,
1025 719 1078 759 ad
1100 724 1250 772 guttur
1273 734 1408 773 usque
1436 735 1660 774 assurgens
1686 726 1729 761 et
1751 720 1846 774 dys-

384 805 521 844 pnoea
557 789 760 841 affligens,
791 787 923 827 donec
961 801 1124 840 corpus,
1157 801 1181 827 a
1207 788 1483 840 purgantium
1512 788 1708 828 molestia
1742 786 1847 827 libe-

384 863 539 906 ratum,
572 859 733 895 statum
767 854 1008 894 naturalem
1040 868 1087 894 ac
1123 855 1310 907 quietem
1340 856 1543 909 reciperet
1557 873 1568 906 ;
1607 870 1689 909 quo
1720 855 1848 905 facto,

387 930 428 965 et
463 929 607 964 tumor
648 927 690 962 et
726 926 891 962 caetera
931 926 1217 975 symptomata
1257 921 1485 975 derepente
1527 922 1848 972 evanescebant,

388 995 521 1034 donec
551 1007 575 1032 a
608 991 861 1032 succedente
887 990 1070 1030 catharsi
1096 990 1147 1031 de
1172 1005 1281 1032 novo
1304 991 1588 1032 irritarentur.
1650 990 1848 1043 Denique

388 1067 429 1101 et
461 1061 541 1100 hoc
578 1058 1003 1099 animadvertendum
1035 1063 1138 1108 erat,
1165 1058 1289 1112 quod,
1312 1073 1410 1099 cum
1444 1058 1635 1114 praefata
1663 1057 1851 1098 foemina

388 1142 550 1169 annum
577 1141 706 1180 agens
733 1126 1135 1180 quinquagesimum
1161 1127 1371 1180 quintum,
1394 1127 1557 1167 fluxum
1582 1131 1852 1167 menstruum

384 1199 474 1251 jam
493 1196 544 1237 ab
568 1195 690 1236 annis
713 1195 873 1248 aliquot
890 1209 978 1235 non
998 1194 1137 1235 fuerat
1153 1210 1286 1248 passa,
1305 1200 1496 1236 attamen
1512 1209 1678 1236 menses
1694 1207 1852 1247 magno

388 1265 507 1317 quasi
528 1263 704 1304 flumine
733 1263 1013 1316 erumpebant
1036 1262 1175 1303 denuo
1187 1280 1199 1313 ,-
1233 1264 1306 1316 qui
1331 1263 1550 1316 sanguinis
1571 1263 1710 1303 fluxus
1735 1261 1853 1302 debi-

387 1332 499 1372 litati
528 1336 570 1372 et
596 1330 942 1371 evacuationibus
969 1330 1224 1382 praegressis
1256 1330 1425 1371 additus
1445 1330 1598 1383 ingens
1619 1329 1851 1370 affectuum

391 1400 701 1454 hysterieorum
738 1412 892 1451 agmen
933 1397 1182 1447 adducebat,
1221 1397 1410 1438 dolorem
1445 1397 1604 1438 scilicet
1640 1396 1687 1436 in
1728 1395 1852 1436 dorso

390 1474 431 1508 et
458 1469 567 1508 circa
595 1467 813 1519 regionem
842 1466 998 1519 splenis
1024 1466 1332 1516 vehementem,
1355 1465 1673 1519 cephalalgiam,
1697 1469 1739 1505 et
1763 1469 1854 1504 tus-

191 1544 318 1585 Ἀταξίᾳ
334 1546 372 1575 ab
391 1535 470 1575 sim
511 1534 704 1575 ferinam.
766 1533 954 1582 Adhaec‚
986 1533 1170 1582 tametsi,
1202 1539 1296 1586 post
1337 1538 1426 1573 tam
1462 1532 1674 1585 insignem
1720 1545 1853 1585 aquae

185 1595 371 1662 Ξζᾶῖῗίῗο
393 1604 677 1656 quantitatem
717 1615 793 1655 per
826 1615 884 1650 os,
917 1601 1071 1650 sedem,
1104 1606 1147 1641 et
1182 1601 1339 1651 urinas,
1372 1600 1647 1650 eliminatam,
1681 1600 1856 1641 omnino

189 1675 304 1704 citatae
320 1679 356 1703 ut
393 1670 594 1712 credibile
617 1674 726 1710 esset
743 1683 830 1709 non
851 1669 1036 1709 multum
1052 1669 1098 1709 in
1119 1683 1290 1722 corpore
1311 1675 1482 1720 restare,
1501 1674 1691 1710 attamen
1705 1674 1855 1709 venter

187 1726 353 1789 ffifssfren‘
392 1739 508 1779 haud
529 1738 670 1778 111111118
692 1737 996 1790 protuberabat
1019 1751 1146 1789 quam
1166 1737 1285 1776 nulla
1307 1736 1444 1777 adhuc
1467 1737 1741 1778 evacuatione
1761 1741 1857 1777 ten-

393 1811 484 1846 tata
506 1805 679 1845 solebat.
734 1804 1023 1845 Quamobrem
1046 1804 1099 1844 ad
1120 1803 1196 1844 hos
1224 1809 1365 1844 motus
1387 1804 1594 1845 sedandos
1620 1805 1708 1858 (qui
1728 1804 1858 1845 etiam

396 1875 449 1915 ad
471 1874 751 1927 septimanam
773 1888 797 1912 a
810 1878 1023 1925 postrema
1043 1872 1296 1925 purgatione
1316 1872 1540 1925 negotium
1560 1872 1855 1925 facessebant,)

396 1946 567 1981 coactus
600 1955 692 1980 sum
723 1940 775 1979 ad
808 1945 989 1992 quatuor
1010 1944 1156 1979 noctes
1185 1940 1409 1980 continuas
1435 1940 1614 1981 diacodii
1639 1940 1860 1994 sesquiun-

397 2010 505 2050 ciam
526 2008 751 2062 propinare
764 2025 775 2057 3
809 2022 915 2061 quae
938 2008 1065 2048 etiam
1083 2008 1194 2048 dosis
1217 2016 1306 2049 erat
1322 2009 1565 2062 repetenda,
1582 2009 1665 2049 nisi
1687 2023 1861 2050 somnus

397 2078 511 2117 intra
550 2076 675 2116 horas
717 2080 801 2116 tres
842 2076 1151 2129 insequeretur.
1215 2076 1312 2118 Quo
1355 2077 1531 2117 tandem
1570 2081 1721 2130 pacata
1761 2082 1862 2118 sunt

399 2144 552 2193 omnia,
577 2149 618 2184 et
639 2149 782 2184 tumor
804 2143 1024 2197 disparuit.

197 2218 234 2246 1¹1
253 2226 315 2255 <1¹10
484 2212 572 2265 29]
614 2211 710 2251 Hoc
730 2211 904 2251 interim
926 2211 1138 2252 observari
1159 2212 1295 2262 velim,
1319 2213 1444 2265 quod,
1468 2213 1501 2253 81
1522 2213 1700 2254 leviculo
1722 2212 1863 2266 aliquo

195 2270 270 2289 vasu
287 2269 360 2288 COH-

196 2302 281 2331 venit
298 2307 331 2330 ut
400 2281 558 2321 ventris
589 2285 757 2320 tumore
794 2284 986 2320 tentetur
1018 2294 1154 2332 aeger,
1186 2295 1274 2321 non
1306 2281 1367 2321 ita
1396 2286 1589 2334 prompte
1621 2281 1865 2321 educuntur

196 2350 354 2416 ξῗῖἰῑςίιῖῑῃ
403 2364 535 2403 3(11130
568 2363 642 2402 per
674 2349 932 2389 infusionem
964 2349 1072 2389 croci
1105 2349 1387 2399 metallorum,
1418 2363 1464 2389 ac
1491 2349 1537 2388 in
1565 2349 1711 2390 Ascite
1739 2363 1863 2402 gran·

199 2430 355 2476 tibus-per
404 2417 517 2457 dioro
548 2416 623 2456 ubi
654 2416 807 2469 ingens
837 2430 1043 2469 aquarum
1072 2415 1190 2469 eopia
1218 2422 1392 2469 aggesta
1425 2416 1578 2456 fuerit:
1612 2416 1772 2457 etenim
1798 2415 1866 2456 vel

201 2473 348 2544 ἱῖζέξὶξζζῖζξ
404 2485 493 2538 ipsa
529 2498 734 2536 aquarum
770 2484 914 2533 moles,
952 2483 1054 2523 dum
1096 2483 1266 2523 emetici
1305 2484 1549 2536 operatione
1590 2484 1778 2536 agitatur
1817 2496 1865 2523 ac

205 2564 297 2586 mur.
405 2552 660 2601 concutitur,
690 2551 743 2591 ad
769 2551 1001 2592 earundem
1032 2551 1350 2591 evacuationem
1378 2551 1484 2591 mire
1515 2551 1677 2592 confert
1694 2568 1704 2601 3
1738 2555 1866 2604 atque

407 2634 499 2659 eam
521 2619 574 2659 ob
604 2633 788 2668 causam,
811 2619 893 2659 nisi
915 2623 1061 2659 venter
1082 2618 1127 2658 111
1154 2624 1368 2659 tumorem
1394 2619 1608 2672 insignem
1633 2619 1866 2668 attollatur,

409 2687 582 2727 0111111110
608 2687 805 2728 convenit
827 2692 875 2727 ut
896 2692 988 2728 tota
1015 2701 1080 2727 res
1107 2688 1408 2728 evacuantibus
1433 2702 1508 2741 per
1530 2688 1730 2729 iuferiora
1754 2701 1867 2728 com-

410 2755 618 2795 mittatur.

209 2830 386 2886 ¹³⁹}'05'¹¹.¹'¹¹¹
476 2823 583 2875 [30]
622 2823 698 2862 Est
716 2829 756 2863 et
781 2823 895 2863 aliud
916 2823 1275 2864 medicamentum
1298 2824 1398 2864 satis
1415 2824 1587 2877 vulgare
1609 2837 1656 2864 ac
1677 2823 1867 2876 simplex,

203 2881 390 2944 ἓζρᾞᾈῖἶῑῇ(
412 2890 521 2942 quod
547 2890 795 2943 Ilydropem
818 2892 907 2945 pari
936 2892 1100 2932 ratione
1123 2907 1204 2945 qua
1228 2892 1334 2932 illud
1367 2892 1416 2932 de
1446 2906 1527 2944 quo
1552 2890 1677 2932 modo
1703 2890 1866 2944 egimus

1946 316 1952 349 ¹.
