1985 3308
411 146 496 187 462
827 146 1083 188 THOMAE
1117 145 1458 188 SYDENHAM

229 265 282 295 Di:
301 264 374 294 ΗΥ-
407 257 593 307 purgatu
626 252 879 294 difficillimis
911 253 1063 293 unciae
1094 252 1231 305 duae,)
1267 265 1394 292 mane
1426 250 1625 301 exhibita,
1655 254 1697 292 et
1731 251 1869 304 quoti-

236 316 361 337 nnopn.
409 319 476 359 dje
503 333 579 372 pro
607 320 722 373 aegri
752 321 910 362 viribus
937 321 1149 370 reiterata,
1185 319 1417 372 quamlibet
1449 319 1586 372 prima
1612 318 1718 359 facie
1753 318 1870 358 haud

408 387 524 427 aliud
554 389 777 441 promittat
814 404 942 443 quam
977 389 1198 429 colluviem
1229 388 1276 427 in
1310 387 1546 428 ventriculo
1579 387 1868 428 stabulantem

409 470 591 509 egerere,
612 457 788 497 tandem
817 462 964 498 tamen
991 457 1142 496 efficiet
1172 460 1221 495 ut
1249 454 1461 495 abdomen
1489 455 1540 496 ab
1573 469 1778 509 aquarum
1799 470 1871 496 su-

207 538 378 587 Emetipae·
407 526 845 579 per-incumbentium
871 539 998 566 onere
1023 524 1251 564 liberetur:
1288 529 1585 577 praeterquam
1606 524 1720 563 enim
1741 523 1867 577 quod,

205 587 397 653 (rjzi't‘igaitaems
409 597 600 633 cessante
626 593 868 642 vomitione,
889 592 936 632 in
963 591 1176 632 cathal-sin
1207 589 1282 642 τὴν
1301 590 1415 631 κάτω
1442 590 1547 632 solet
1569 590 1772 641 desinere,
1793 604 1868 631 ne-

205 667 392 706 vestigatur.
409 674 522 700 cesse
543 664 607 700 est
632 659 818 709 omnino,
841 663 903 709 ut,
927 673 1025 699 cum
1055 663 1179 699 tanta
1205 659 1334 699 fuerit
1361 658 1537 711 agitatio
1565 658 1868 711 concussioque

408 732 498 768 tam
518 726 741 767 ventriculi
771 741 899 779 quam
930 726 1137 766 viseerum
1168 740 1193 766 a
1218 731 1308 766 tam
1328 726 1488 779 insigni
1514 740 1719 780 aquarum
1741 725 1868 766 corri-

408 795 575 835 vatione
607 794 725 847 quasi
753 794 1144 848 circumseptorum,
1168 795 1400 835 earundem
1425 795 1641 836 evacuatio
1671 809 1746 848 per
1767 794 1868 836 duc-

407 869 478 904 tus
509 864 726 904 communi
746 864 940 904 Naturae
961 864 1054 918 lege
1075 863 1191 904 haud
1219 863 1319 903 satis
1350 868 1545 917 patentes
1577 868 1778 904 conatum
1807 863 1869 904 ita

408 931 704 972 vehementem
743 932 1005 985 insequatur.
1067 933 1377 982 Veruntamen,
1416 933 1452 972 si
1490 932 1757 986 praedictum
1797 946 1868 973 vo-

406 1000 627 1040 mitorium
658 1000 901 1041 inferiorem
928 1005 1119 1041 ventrem
1152 1001 1271 1041 haud
1297 1001 1521 1042 efficaciter
1557 1000 1867 1054 expurgaverit,

406 1074 496 1109 tam
522 1068 799 1109 electuarium
824 1069 876 1109 de
905 1083 1028 1110 succo
1059 1083 1253 1110 rosarum
1282 1083 1410 1122 quam
1439 1083 1646 1122 syrupum
1674 1068 1726 1108 de
1747 1068 1869 1121 spina

407 1137 575 1178 cervina
610 1137 721 1178 soleo
753 1142 849 1191 post
882 1138 1054 1178 tertiam
1091 1143 1165 1178 aut
1202 1142 1396 1191 quartam
1430 1138 1552 1178 dosin
1583 1151 1724 1178 merae
1755 1137 1867 1177 infu-

406 1206 536 1247 sionis
573 1206 684 1247 croci
716 1207 988 1247 metallorum
1024 1206 1278 1261 quandoque
1313 1207 1427 1260 (licet-
1456 1206 1621 1260 rarius)
1659 1205 1839 1260 adjicere
1854 1222 1867 1256 ;

407 1274 589 1328 exempli
610 1275 749 1327 gratia
764 1291 833 1316 2—-

407 1396 540 1439 [Form.
563 1399 659 1440 100.]
711 1395 751 1439 R
779 1398 902 1441 Aquae
920 1397 1052 1431 Cardui
1072 1397 1257 1431 Benedicti
1275 1397 1397 1430 uncias
1414 1402 1494 1438 tres,

782 1454 974 1487 Infusionis
992 1454 1095 1487 Croci
1114 1454 1340 1487 Metallorum
1357 1453 1625 1497 sesquiunciam,

784 1511 910 1555 Syrupi
930 1510 971 1543 de
992 1511 1100 1555 Spina
1119 1511 1269 1544 Cervina
1287 1511 1528 1550 semiunciam,

781 1567 973 1600 Electuarii
990 1566 1032 1600 (10
1052 1567 1162 1600 Succo
1180 1566 1352 1600 Rosaruln
1371 1566 1554 1600 drachmas
1572 1565 1658 1600 duas
1674 1580 1681 1607 ;

595 1623 728 1663 Misce3
755 1624 815 1657 fiat
831 1625 937 1668 potio.

203 1748 388 1796 caecosda-
472 1740 579 1793 [19]
620 1739 746 1781 Quod
776 1754 873 1780 vero
905 1739 1062 1780 dentur
1090 1739 1297 1794 ejusmodi
1322 1740 1435 1780 caeci
1464 1742 1630 1780 meatus
1659 1752 1735 1792 per
1763 1752 1867 1792 quos

202 1796 373 1862 ξζᾞξὲζῗς
408 1822 540 1860 301130
574 1822 624 1848 ex
656 1808 894 1848 abdominis
928 1809 1105 1849 cavitate
1139 1808 1192 1849 ad
1221 1808 1428 1848 intestina
1457 1808 1782 1858 transferantur,
1815 1807 1868 1848 de

202 1876 365 1934 133111is32a-
405 1876 518 1916 facto
550 1876 709 1929 liquet3
743 1890 841 1917 cum
874 1877 1062 1929 quotidie
1103 1877 1373 1917 observemus
1413 1877 1662 1932 hydragoga
1700 1882 1867 1917 tantam

201 1923 351 1989 ἷὲζὲζῗῑζὲ
408 1958 613 1996 aquarum
634 1943 679 1982 in
701 1943 927 1984 abdomine
948 1944 1210 1984 inclusarum
1230 1945 1316 1984 vim
1343 1958 1418 1998 per
1443 1959 1652 1985 secessum
1673 1944 1865 1995 educere,

202 2002 341 2084 ἷξῑξὲῗο
406 2011 581 2064 perinde
608 2025 655 2051 ac
676 2011 711 2050 si
731 2011 927 2064 primitus
955 2012 1001 2051 in
1024 2011 1124 2065 ipsis
1154 2011 1369 2052 intestinis
1391 2013 1725 2053 continerentur.
1786 2012 1867 2053 Cui

405 2085 495 2120 tam
523 2080 629 2120 duro
656 2080 768 2120 nodo
800 2094 898 2121 cum
921 2094 1066 2134 parem
1095 2094 1279 2121 cuneum
1300 2081 1414 2120 haud
1439 2081 1561 2121 facile
1586 2081 1865 2131 inveniamus,

405 2148 451 2187 in
475 2153 665 2188 mentem
695 2149 801 2188 mihi
827 2149 943 2189 venit
971 2149 1135 2190 celebre
1160 2149 1267 2189 illud
1293 2149 1456 2190 dictum
1482 2150 1645 2190 Medici
1674 2149 1866 2190 omnium

204 2226 384 2274 Hippocra-
407 2218 670 2258 saeculorum
690 2217 851 2271 judicio
874 2217 1174 2271 sapientissimi
1210 2218 1455 2271 optimique,
1482 2217 1753 2272 Hippocratis
1787 2217 1865 2258 sci-

202 2273 369 2341 ἷιῐῗίἰῗξῗ·
406 2286 517 2335 licet,
541 2286 612 2339 qui
643 2285 689 2325 in
724 2286 832 2327 fibro
863 2287 927 2326 De
948 2287 1096 2326 Prisca
1118 2287 1330 2326 Medicina
1365 2287 1486 2340 [tom.
1515 2287 1542 2327 i.
1570 2302 1610 2341 p.
1638 2287 1728 2340 49.]
1761 2287 1866 2328 haec

203 2354 294 2384 citur.
406 2355 559 2395 habet:
597 2353 785 2408 Λέγουσι
812 2353 856 2396 δέ·
883 2371 990 2398 τινες
1018 2354 1088 2395 καὶ
1107 2354 1266 2410 Ἰητροὶ
1293 2354 1363 2395 καὶ
1391 2353 1598 2410 σοφισταὶ
1627 2354 1682 2398 ὡς·
1710 2354 1784 2396 οὐκ
1807 2354 1866 2396 ἔνι

408 2421 580 2463 δυνατὸν
599 2421 810 2477 Ἰητρικὴν
842 2420 1002 2473 εἰδέναι,
1025 2420 1141 2466 ὅστις
1167 2422 1226 2474 μὴ
1254 2420 1360 2463 οἶδεν
1389 2422 1410 2463 ὅ
1431 2421 1476 2463 τί
1499 2422 1616 2464 ἐστιν
1635 2421 1865 2478 ἄνθρωπος,

407 2489 478 2530 καὶ
499 2488 609 2534 ὅπως
637 2489 799 2544 ἐγένετο
823 2491 1002 2545 πρῶτον,
1025 2489 1095 2530 καὶ
1123 2489 1234 2534 ὅπως
1262 2489 1494 2546 συνεπάγη·
1518 2489 1601 2545 ἐγὼ
1622 2488 1666 2530 δὲ
1689 2489 1867 2532 τουτέων

407 2556 483 2607 μὲν
518 2554 600 2596 ὅσα
634 2556 716 2597 τινὶ
756 2557 914 2612 εἴρηται
954 2558 1141 2612 σοφιστῇ
1173 2556 1203 2608 ἢ
1237 2556 1391 2613 Ἰητρῷ
1427 2556 1454 2609 ἢ
1494 2556 1732 2613 ’γέγραπται
1769 2555 1867 2612 περὶ

410 2623 589 2673 Φύσεως,
632 2623 768 2676 ἧσσον
811 2624 959 2676 νομίζω
999 2626 1050 2678 τῇ
1085 2625 1269 2680 Ἰητρικῇ
1309 2626 1436 2681 τεχνῇ
1476 2624 1704 2680 προσήκειν
1741 2624 1769 2676 ἢ
1815 2625 1866 2678 τῇ

408 2693 607 2746 γραφικῇ.
631 2693 658 2732 1.
682 2706 717 2733 0.
740 2693 899 2733 flledicz‘
921 2694 1085 2746 quidam
1110 2697 1149 2733 et
1178 2694 1383 2745 sophistae
1411 2694 1551 2734 dicunt
1580 2693 1689 2746 quod
1716 2694 1864 2746 impos-

407 2760 523 2800 sibile
557 2765 616 2801 est
651 2775 738 2802 eum
764 2762 1016 2802 *Medicinam
1044 2775 1291 2814 coymoeem,
1329 2762 1399 2815 qui
1426 2775 1504 2802 ηοη
1536 2762 1646 2802 novit
1681 2762 1783 2814 quid
1810 2762 1866 2802 sit

407 2827 534 2876 homo,
563 2833 601 2868 et
634 2830 827 2881 quomodo
847 2831 1026 2882 primum
1048 2829 1192 2882 factus
1221 2833 1260 2869 et
1290 2833 1521 2881 compactus
1548 2830 1627 2874 sit;
1669 2842 1739 2880 eqo
1771 2841 1864 2869 vero

409 2906 455 2931 ea
489 2907 589 2944 quae
623 2896 673 2935 ab
699 2898 832 2949 aliquo
868 2898 1048 2950 sophista
1075 2902 1147 2938 aut
1172 2897 1336 2938 ,Μείῖἰσο
1365 2897 1414 2937 de
1446 2897 1612 2937 Natura
1646 2896 1756 2937 dicta
1791 2899 1864 2936 aut
