1985 3308
238 286 288 315 DE
305 285 404 315 Mou-

242 337 294 357 ms
314 328 395 357 Em—

241 379 394 401 omnem.

229 1103 345 1132 Febrcs

228 1146 377 1174 stationa-

227 1188 291 1217 riae
307 1188 345 1217 ab
358 1197 409 1216 oc-

228 1230 315 1259 culta
331 1230 411 1259 alte-

228 1272 348 1301 ratione
365 1272 396 1301 in

230 1320 330 1343 terrae
347 1315 411 1343 vis—

229 1357 354 1386 ceribus

228 1401 332 1428 aerem
341 1409 414 1429 con-

229 1442 404 1471 taminante

230 1484 365 1523 pendere

231 1526 387 1556 videntur.

233 1642 366 1670 Slation-

232 1685 316 1712 ariae
333 1683 379 1712 di-

234 1730 351 1754 cuntur

234 1777 314 1806 quae
331 1778 384 1806 ge-

233 1810 373 1839 nei-alem

235 1852 307 1881 anni
327 1862 402 1881 con-

235 1894 374 1923 stitutio-

234 1946 306 1965 nem
325 1947 373 1966 se-

235 1984 384 2017 quuntur,

234 2031 336 2060 neque
347 2032 403 2051 ex-

235 2068 281 2092 tra
298 2063 386 2093 illam

235 2115 362 2145 compa-

233 2153 320 2183 rent;

238 2252 391 2281 luterem--

235 2299 341 2329 rcntes,

235 2345 314 2373 quae
331 2346 397 2365 om-

235 2377 327 2406 nibus
341 2389 395 2407 an-

235 2420 283 2448 nis
297 2431 381 2449 com-

236 2468 355 2501 petunt.

238 2588 409 2620 sensibiles

236 2632 316 2660 acris
332 2642 410 2671 qua-

238 2673 342 2702 litates
356 2675 394 2703 ad

238 2715 294 2744 has
311 2726 381 2754 pro-

237 2758 397 2787 ducendas

239 2800 338 2828 facere
350 2811 421 2839 pos-

239 2848 321 2872 sunt.
339 2852 399 2872 11011

239 2884 276 2913 nd
289 2884 375 2913 illas:

430 172 486 211 30
831 168 1087 209 THOMAE
1127 166 1466 208 SYDENHAM

429 292 484 318 ne
519 278 586 318 vix
623 276 794 330 quidem
830 290 1003 329 possum
1045 276 1208 315 efficere
1248 288 1303 314 ne
1344 288 1456 314 unus
1489 279 1562 314 aut
1600 273 1707 313 alter
1739 285 1886 313 eorum

430 346 501 399 qui
542 359 585 386 se
625 345 751 399 primi
791 358 909 385 meae
950 357 1075 384 curae
1115 342 1419 391 commiserint,
1460 341 1548 382 vita
1592 340 1886 394 periclitetur3

429 414 575 463 donec,
597 412 850 465 investigato
867 411 1029 465 jugiter
1049 410 1309 462 tandemque
1336 414 1555 462 perspecto
1585 407 1722 448 morbi
1747 406 1886 461 genio,

429 481 482 522 ad
517 481 702 521 eundem
734 478 1073 533 perdomandum
1105 483 1220 518 recto
1256 476 1362 530 pede
1398 482 1440 517 et
1477 475 1716 529 intrepidus
1747 474 1888 515 denuo

429 548 665 602 procedam.

494 617 572 670 [4.]
603 615 807 658 Quamvis
829 618 973 655 autem
995 613 1178 654 diversas
1202 612 1463 652 diversorum
1485 625 1697 652 annorum
1712 609 1885 650 habitu-

429 684 561 733 dines,
585 683 724 736 quoad
752 682 1000 722 manifestas
1031 680 1138 721 aeris
1171 680 1410 733 qualitateS,
1438 679 1625 719 maxima
1655 692 1739 731 qua
1768 676 1890 730 potui

428 751 650 804 diligentia
669 750 918 799 notaverim,
950 754 999 789 ut
1029 749 1094 788 vel
1131 747 1283 788 exinde
1315 761 1462 787 causas
1492 751 1639 787 tantae
1672 746 1890 800 Epidemi-
1918 775 1927 781 -

428 834 574 859 corum
594 818 895 859 vicissitudinis
921 817 1172 870 expiscarer,
1195 829 1263 855 me
1294 820 1441 855 tamen
1469 829 1524 855 ne
1551 814 1689 855 hilum
1718 815 1890 868 quidem

429 888 634 927 hactenus
668 886 904 939 promoveri
937 885 1098 933 sentio,
1142 883 1297 936 quippe
1331 883 1405 936 qui
1432 883 1724 924 animadverto
1755 897 1890 924 annos

429 955 567 1007 quoad
587 954 858 994 manifestam
886 953 994 992 aeris
1021 951 1274 1004 temperiem
1295 950 1376 990 sibi
1405 951 1532 1004 plane
1560 950 1890 1002 consentientes,

429 1023 584 1075 dispari
613 1021 838 1062 admodum
870 1019 1117 1060 morborum
1146 1018 1317 1072 agmine
1346 1018 1553 1069 infestari,
1576 1023 1620 1060 et
1647 1019 1736 1060 vice
1757 1033 1890 1060 versa.

437 1090 516 1144 [5.]
554 1091 625 1130 Ita
655 1089 770 1129 enim
798 1102 840 1128 se
870 1102 937 1128 res
967 1088 1110 1128 habet.
1173 1086 1329 1127 Variae
1360 1091 1461 1127 sunt
1491 1101 1646 1140 nempe
1679 1101 1891 1127 annorum

431 1157 770 1206 constitutiones,
800 1170 907 1209 quae
942 1168 1082 1208 neque
1113 1154 1254 1204 calori,
1289 1167 1429 1207 neque
1465 1154 1624 1207 frigori,
1657 1169 1747 1195 non
1781 1154 1891 1195 sicco

430 1225 669 1274 humidove,
693 1230 835 1265 ortum
857 1238 982 1263 suum
1004 1223 1174 1272 debent,
1198 1222 1272 1262 sed
1303 1222 1355 1262 ab
1387 1222 1555 1262 occulta
1584 1223 1726 1275 potius
1758 1227 1798 1263 et
1824 1222 1890 1262 in-

432 1293 668 1347 explicabili
691 1292 873 1345 quadam
895 1291 1146 1331 alteratione
1166 1290 1213 1330 in
1234 1290 1335 1343 ipsis
1355 1294 1495 1330 terrae
1511 1288 1768 1330 visceribusd
1788 1303 1891 1343 pen-

433 1361 548 1410 dent,
565 1360 680 1400 unde
711 1363 782 1400 a'e'r
809 1359 1018 1412 ejusmodi
1039 1357 1215 1398 effluviis
1236 1357 1554 1398 contaminatur
1575 1371 1683 1410 quae
1703 1357 1894 1397 humana

433 1443 607 1482 corpora
626 1428 726 1468 huic
748 1432 821 1467 aut
842 1427 903 1466 illi
924 1426 1071 1467 morbo
1094 1426 1298 1467 addicunt
1321 1425 1717 1478 determinantque3
1750 1430 1891 1466 stante

433 1497 592 1537 scilicet
632 1495 844 1549 praefatae
885 1494 1202 1534 constitutionis
1242 1493 1548 1546 praedominio,
1587 1507 1707 1546 quae,
1744 1498 1893 1534 exacto

434 1565 607 1604 demum
638 1563 797 1616 aliquot
829 1576 1039 1602 annorum
1070 1562 1293 1611 curriculo,
1319 1561 1489 1602 facessit
1520 1566 1648 1615 atque
1679 1561 1803 1602 alteri
1832 1561 1893 1602 lo-

436 1645 532 1672 cum
555 1631 678 1671 cedit.
743 1631 1036 1682 Unaquaeque
1063 1629 1218 1669 harum
1247 1629 1606 1669 constitutionum
1629 1629 1894 1682 generalium

435 1698 604 1753 propria
631 1712 678 1738 ac
705 1698 907 1751 peculiari
935 1697 1015 1737 sibi
1041 1696 1170 1738 febris
1199 1696 1336 1750 specie
1363 1696 1621 1746 funestatur,
1645 1709 1752 1750 quae
1774 1701 1895 1737 extra

437 1767 550 1806 illam
580 1780 791 1818 nusquam
817 1770 1031 1818 comparet
1047 1781 1058 1814 3
1089 1764 1328 1818 cujusmodi
1357 1764 1496 1804 febres
1525 1764 1683 1805 idcirco
1712 1765 1892 1804 Station-

438 1835 554 1874 arz'ae
574 1833 695 1874 nobis
718 1833 911 1873 audiunt.

503 1901 581 1954 [6.]
621 1900 687 1941 Ad
715 1901 820 1941 haec
849 1905 949 1940 sunt
978 1904 1019 1940 et
1047 1900 1323 1953 particulares
1346 1899 1554 1952 quaedam
1575 1899 1766 1953 ejusdem
1792 1900 1895 1940 anni

442 1970 505 2021 (ut
534 1969 595 2009 ita
626 1969 793 2019 dicam)
819 1982 966 2017 crases,
988 1968 1034 2007 in
1065 1967 1232 2020 quibus,
1253 1967 1352 2008 licet
1384 1968 1620 2008 secundum
1648 1967 1894 2008 manifestas

439 2037 545 2077 ae'ris
587 2036 824 2089 qualitates,
867 2035 1074 2089 ejusmodi
1114 2035 1252 2075 febres
1295 2049 1402 2088 quae
1444 2035 1751 2088 generaliorem
1791 2035 1895 2075 anni

437 2104 787 2145 constitutionem
824 2108 1074 2156 sequuntur,
1105 2104 1240 2156 magis
1271 2103 1465 2144 minusve
1495 2103 1743 2157 Epidemice
1777 2117 1893 2156 gras-

437 2177 596 2222 sentur,
633 2173 698 2213 vel
739 2172 871 2212 serius
908 2185 1087 2226 ocyusve
1118 2172 1337 2225 ingruant.
1392 2173 1501 2212 Prae
1537 2173 1713 2213 caeteris
1748 2177 1895 2212 tamen

437 2240 644 2295 ejusmodi
684 2239 822 2280 febres
864 2253 971 2292 quae
1011 2239 1210 2280 omnibus
1246 2239 1291 2279 in
1326 2239 1574 2279 universum
1611 2239 1734 2279 annis
1775 2253 1889 2279 com-

437 2313 604 2362 petunt,
623 2309 743 2361 (quas
759 2307 854 2348 ideo
870 2308 1194 2348 Intercurrentes
1207 2308 1337 2360 voco,)
1359 2307 1411 2347 ab
1428 2307 1508 2347 hoc
1524 2307 1647 2347 illove
1664 2306 1894 2347 manifesto

438 2377 544 2416 ae'ris
578 2380 916 2429 temperamento
952 2379 1095 2416 ortum
1129 2375 1316 2424 ducunt3
1357 2374 1474 2415 verbi
1507 2374 1656 2428 gratia,
1687 2374 1894 2428 pleuritis,

440 2444 609 2497 angina,
642 2449 684 2484 et
718 2444 906 2496 reliquae
942 2443 1133 2496 ejusdem
1168 2443 1342 2493 farinae,
1377 2456 1484 2495 quae
1521 2457 1545 2482 a
1586 2442 1727 2482 subito
1758 2442 1896 2483 calore

438 2512 647 2551 intensius
679 2525 726 2551 ac
757 2511 1011 2551 diuturnum
1037 2511 1172 2564 frigus
1201 2511 1347 2551 statim
1375 2510 1612 2564 excipiente
1642 2510 1895 2564 plerumque

438 2579 657 2619 invadunt.
720 2580 866 2619 Potest
898 2579 1042 2633 itaque
1073 2579 1164 2618 fieri
1194 2584 1243 2618 ut
1275 2578 1494 2618 sensibiles
1526 2578 1633 2619 ae‘ris
1669 2577 1895 2630 qualitates

440 2646 491 2685 ad
513 2647 604 2686 illas
626 2646 797 2699 quidem
824 2646 962 2687 febres
989 2646 1282 2700 producendas
1310 2646 1469 2687 faciant
1497 2659 1604 2699 quae
1631 2645 1678 2685 in
1706 2644 1896 2698 qualibet

439 2714 742 2754 constitutione
765 2729 806 2754 se
828 2719 1019 2764 exerunt,
1041 2728 1129 2755 non
1155 2728 1253 2755 vero
1282 2714 1336 2754 ad
1361 2714 1464 2754 istas
1493 2713 1594 2754 alias
1623 2726 1730 2766 quae
1755 2717 1895 2753 certae

442 2781 566 2820 alicui
596 2783 893 2822 constitutioni
935 2783 1054 2836 quasi
1093 2783 1286 2836 propriae
1327 2795 1375 2822 ac
1414 2781 1647 2834 peculiares
1683 2780 1892 2820 existunt:

444 2847 663 2887 fatendum
705 2850 850 2889 tamen
897 2856 958 2890 cst
1011 2850 1247 2903 praedictas
1295 2849 1401 2890 ae‘ris
1448 2848 1674 2901 qualitates
1720 2861 1896 2901 corpora

527 2929 538 2947 ‘¹
564 2932 649 2959 allcr.
669 2934 697 2960 in
717 2935 786 2969 ipsis
805 2932 872 2971 Sa]
894 2934 940 2963 (Ὗ.
957 2934 1009 2962 ins.
1028 2944 1055 2963 v.
1080 2935 1099 2962 Ι.
1121 2935 1184 2967 HL:
1216 2935 1314 2963 Tracl.
1330 2935 1352 2962 I.
1372 2934 1467 2971 §35.;
1498 2934 1600 2963 Sched.
1620 2933 1727 2962 Movit.
1745 2933 1760 2969 ξ
1780 2933 1807 2961 3.
