1985 3308
202 652 363 686 AMICO
391 651 486 686 SUO
513 650 892 692 INTEGERRIMO,
921 651 1024 686 M.D.
1052 650 1448 687 EXPERTISSIMO‚

660 726 867 760 DOMINO
895 726 993 761 S.M.

375 838 594 898 ‘SOLUM
608 852 798 892 sequaces
809 840 1084 892 praetulimus
1104 841 1176 880 diu

388 909 511 949 Coum
531 908 744 950 Medentes
756 926 770 956 ,-
802 922 968 962 compar
988 909 1202 949 habebitur

447 978 526 1025 Qui
547 978 760 1018 clariorem
787 978 852 1029 Te,
875 979 1023 1018 minori

499 1046 697 1086 Reddidit
716 1047 804 1097 hoc,
825 1046 1051 1097 Medicina,
1073 1046 1214 1087 Libro.

384 1116 480 1157 Non
500 1116 566 1157 hic
586 1116 756 1157 tumenti
776 1117 878 1157 mole
897 1116 1130 1168 superbiens

388 1186 545 1227 Blattis
554 1184 730 1238 futurus
741 1185 906 1238 praeda
926 1185 1177 1238 opulentior,-

443 1254 573 1295 Sensu
591 1254 666 1294 sed
683 1257 801 1294 arcta
822 1254 966 1294 ditiori

503 1324 732 1365 Conciliant
751 1323 830 1364 sibi
848 1323 971 1364 verba
982 1323 1160 1376 pondus.

386 1393 561 1434 Frustra
581 1393 746 1433 molesto
765 1396 883 1433 vasta
903 1392 1103 1433 volumine

385 1462 556 1502 Lustres
580 1461 726 1501 Galeni
745 1461 902 1513 scripta
914 1477 929 1507 ,·
958 1459 1182 1500 minutulae

444 1531 629 1571 Acumen
648 1529 743 1570 huie
763 1529 895 1582 majus
916 1527 1115 1574 tabellae;

505 1599 559 1639 Se
578 1601 713 1650 stupet
733 1598 801 1638 hic
819 1596 1034 1637 Medicina
1054 1599 1195 1638 totam.

387 1669 472 1709 Hic
491 1682 571 1709 non
589 1671 741 1709 remoto
761 1666 953 1708 sordidus
973 1667 1122 1719 anyulo

393 1737 550 1779 Sensim
559 1736 734 1790 fatiscet
745 1752 758 1783 ;
789 1735 931 1776 sedula
951 1739 1113 1776 strenue

447 1808 604 1847 Manus
623 1806 852 1862 quotannis,
872 1818 943 1858 spe
954 1805 1129 1858 perenni

505 1875 686 1925 Deteret,
709 1875 870 1915 auctior
890 1878 936 1915 ut
955 1877 1159 1926 resuryat.

392 1943 608 1995 Applaude
625 1943 744 1994 votis,
766 1942 887 1983 turba
907 1943 1160 1983 Medentium
1180 1959 1192 1980 .-

394 2011 489 2051 Non
508 2010 651 2052 Febris
669 2011 797 2061 illum,
819 2010 995 2051 Morbus
1015 2010 1194 2050 atrocior
1273 2032 1275 2035 .

451 2080 581 2121 Haud
598 2080 707 2134 afflet
727 2080 834 2120 ullus
845 2096 859 2128 ;
890 2079 1107 2120 commodis
1126 2079 1196 2132 qui

493 2148 730 2189 Imnzoritur
749 2147 970 2201 satayendo
990 2147 1149 2189 vestris.

973 2216 1044 2257 Sic
1063 2221 1176 2258 vovet

174 2284 339 2337 [1695]
765 2283 1144 2326 Cnmsrornonns
1168 2284 1360 2337 CRELLE,
1384 2285 1506 2326 M.D.
