1985 3308
418 142 500 181 104
827 139 1083 181 THOMAE
1118 139 1458 180 SYDENHAM

238 259 368 289 FEBRIS
414 250 624 304 peculiare
646 249 783 290 Pestis
803 248 1052 299 remedium,
1066 248 1367 302 propriumque
1388 247 1519 301 ipsius
1540 244 1742 300 perniciei
1762 244 1873 285 alex-

238 302 372 332 l’esrm.

216 346 244 375 ἃ
264 345 386 374 Psss'rxs

413 319 598 369 iterium,
641 318 778 358 adhuc
813 318 858 357 in
894 317 1087 357 Naturae
1123 316 1220 356 sinu
1261 316 1454 357 abditum
1496 314 1753 363 delitescere,
1794 325 1874 353 nec

213 388 395 443 AJJ-J‘ORHM
414 387 593 428 eandem
614 386 697 426 nisi
717 386 882 426 ratione
904 384 1087 439 quadam
1108 383 1355 425 mechanica
1374 383 1468 425 tolli
1488 396 1621 437 posse.

244 432 295 466 θ’),
327 432 376 461 ὑί).

210 595 312 625 Pestis
327 606 381 636 per

208 639 374 668 abscessus

208 681 239 711 in
257 692 387 711 emunc-

208 724 306 759 tonis,
328 724 386 753 Fe-

209 767 273 796 bris
293 767 393 796 Pesti-

208 809 275 839 lens
292 820 348 849 per

207 852 372 892 diaphore-

208 905 255 924 sm
273 905 362 924 max-

207 937 270 966 ime
278 948 315 967 ex
326 937 392 967 Na·

209 985 296 1009 turae
311 980 381 1019 lege

208 1022 289 1052 solvi
305 1023 394 1052 vide-

206 1070 265 1096 tur.

208 1108 344 1137 Diversa

209 1151 317 1190 itaque
333 1150 383 1180 his

205 1194 398 1222 morbismc-

207 1236 301 1265 (leudi
317 1236 397 1265 ratio

206 1279 383 1309 adhibenda

209 1327 265 1352 est.

212 2031 349 2060 Suam-es
366 2030 397 2060 in

212 2074 303 2103 Peste
312 2074 397 2103 exci-

210 2117 266 2146 tati
282 2127 360 2146 non-

211 2170 376 2199 nunquam

211 2203 337 2233 funesti.

479 455 588 509 [21]
628 454 838 496 Quocirca
868 459 918 494 ut
951 453 1237 494 intentionem
1267 452 1384 492 illam
1415 451 1599 505 priorem
1628 449 1756 504 paulo
1785 448 1873 502 ple-

413 523 510 566 nius
541 522 841 576 expendamus,
875 535 982 574 quae
1013 534 1062 561 eo
1094 525 1255 573 spectat
1290 525 1340 560 ut
1370 519 1565 560 Naturae
1594 518 1641 558 in
1671 516 1874 557 materiae

414 591 655 632 morbificae
687 589 1041 630 exterminatione
1073 602 1148 628 suo
1179 601 1296 628 more
1318 593 1360 628 et
1385 587 1512 628 modo
1543 586 1747 627 auxilium
1777 599 1873 638 sup-

413 659 651 713 peditetur:
696 657 1004 698 advertendum
1033 656 1149 697 venit
1182 655 1295 709 quod
1330 655 1376 695 in
1407 669 1505 696 vera
1537 656 1663 695 Peste
1703 653 1875 694 Natura

418 728 536 780 (dum
556 740 694 780 neque
721 730 870 779 sponte
899 739 975 765 sua
1005 723 1185 774 aberrat,
1208 737 1348 777 neque
1368 723 1409 763 vi
1439 722 1580 776 aliqua
1600 720 1874 762 transversim

415 795 584 848 agitur,)
610 807 684 846 per
709 793 949 833 abscessum
979 791 1162 844 aliquem
1187 791 1233 830 in
1261 789 1535 831 emunctoriis
1564 793 1873 842 erumpentem,

415 862 528 903 unde
564 861 767 902 materiae
803 860 940 900 exitus
974 859 1166 913 patescit,
1201 859 1423 912 negotium
1460 872 1586 898 suum
1625 856 1873 911 exequitur5

415 931 534 984 atqui
573 930 620 970 in
651 928 798 978 Febre,
837 942 965 982 quam
1001 928 1264 967 Pestilentem
1303 940 1616 980 nuncupamus,
1657 925 1874 966 mediante

416 998 654 1052 diaphoresi
680 1011 756 1051 per
776 996 1017 1037 universam
1045 995 1230 1049 corporis
1253 994 1517 1048 superficiem
1537 993 1653 1035 idem
1680 993 1873 1034 efficitur.

416 1066 544 1107 Unde
577 1065 774 1118 colligere
808 1069 884 1115 est,
926 1078 1001 1118 pro
1038 1063 1200 1104 diversa
1241 1077 1368 1117 quam
1403 1063 1574 1103 Natura
1607 1062 1654 1102 in
1692 1066 1875 1115 utroque

415 1134 563 1175 morbo
589 1137 903 1187 praemonstrat
923 1133 990 1172 via
1020 1146 1068 1172 ac
1096 1132 1256 1182 ordine,
1280 1131 1410 1172 etiam
1435 1131 1644 1171 diversam
1675 1129 1875 1170 medendi

415 1203 624 1243 rationem
651 1201 821 1242 institui
849 1201 1014 1241 debere.
1091 1200 1310 1241 Nimirum
1342 1199 1472 1253 siquis
1497 1198 1722 1240 materiam
1752 1211 1875 1239 verae

416 1271 552 1311 Pestis
584 1284 662 1324 ope
693 1269 857 1310 sudoris
894 1269 1059 1309 amoliri
1091 1274 1270 1321 satagat,
1292 1268 1327 1308 is
1360 1267 1523 1308 diversa
1559 1281 1583 1307 a
1612 1266 1784 1307 Natura
1808 1266 1876 1306 via

413 1339 585 1389 insistit,
607 1344 757 1392 utpote
779 1351 886 1392 quae
914 1337 957 1377 id
978 1351 1052 1391 per
1074 1341 1336 1390 apostemata
1362 1336 1561 1385 molitur3
1594 1340 1744 1376 contra
1763 1348 1875 1385 vero,

415 1408 487 1461 qui
527 1407 629 1447 alias
671 1421 799 1460 quam
839 1420 914 1460 per
955 1406 1128 1446 sudores
1170 1405 1316 1446 Febris
1359 1404 1605 1445 Pestilentis
1650 1403 1876 1444 materiam

413 1476 633 1517 eliminare
660 1480 813 1525 tentat,
836 1475 873 1515 is
903 1489 1075 1515 cursum
1102 1474 1291 1515 instituit
1320 1488 1417 1514 cum
1446 1473 1641 1513 Naturae
1664 1472 1798 1513 ductu
1827 1485 1876 1512 ac

412 1544 522 1599 ῥοπῇ
555 1558 826 1597 nequaquam
862 1543 1200 1584 convenientem.
1270 1542 1378 1596 [22]
1409 1542 1636 1583 Caeterum
1669 1541 1715 1581 in
1748 1541 1875 1581 Peste

412 1626 522 1662 vcra,
546 1626 732 1666 quonam
763 1612 916 1653 idoneo
943 1626 990 1652 ac
1022 1617 1137 1652 certo
1169 1610 1455 1652 remediorum
1485 1623 1640 1663 genere
1667 1609 1876 1649 naturalis

412 1681 654 1721 morbificae
674 1681 877 1721 materiae
899 1681 1062 1734 ejectio,
1082 1680 1125 1720 id
1147 1685 1224 1730 est,
1243 1683 1557 1733 apostematum
1580 1677 1759 1731 eruptio,
1780 1691 1876 1731 pro-

412 1749 570 1790 moveri
590 1749 734 1802 possit,
757 1749 950 1789 nondum
976 1752 1168 1798 constat,
1201 1748 1282 1787 nisi
1306 1746 1398 1801 quis
1419 1746 1528 1787 forte
1549 1746 1710 1786 victum
1738 1758 1876 1786 corro-

412 1817 636 1858 borantem
665 1823 792 1871 atque
821 1817 1013 1858 cardiaca
1044 1816 1097 1857 ad
1127 1816 1233 1856 illud
1261 1815 1453 1856 conferre
1483 1828 1605 1868 posse
1637 1814 1874 1864 existimet3

415 1900 521 1940 quac
557 1890 703 1926 tamen
741 1886 928 1926 multum
971 1885 1207 1925 dubitarem
1252 1898 1307 1925 ne
1343 1898 1531 1937 aegrum,
1560 1883 1738 1936 jamjam
1782 1883 1877 1936 plus

416 1969 549 2009 aequo
585 1956 876 2005 calescentem,
909 1955 955 1995 in
988 1955 1194 2009 majorem
1231 1959 1397 1995 aestum
1429 1953 1672 2007 conjiciant.
1750 1952 1877 1993 Certe

417 2024 589 2064 sudores
623 2024 669 2064 in
710 2024 789 2064 hoc
830 2037 930 2064 casu
964 2023 1124 2063 frustra
1165 2037 1254 2063 esse
1286 2021 1672 2076 compertissimum
1712 2020 1876 2070 habeo;

417 2107 661 2146 quanquam
699 2092 816 2132 haud
855 2092 1032 2141 inficior,
1074 2097 1169 2145 post
1210 2105 1388 2144 magnos
1431 2090 1605 2131 sudores
1646 2089 1698 2130 ad
1744 2089 1877 2129 trium

416 2166 647 2215 quatuorve
677 2160 880 2202 horarum
914 2161 1099 2214 spatium
1131 2159 1359 2213 productos
1392 2173 1439 2200 ac
1473 2158 1626 2199 deinde
1659 2157 1875 2211 abruptos,

413 2234 628 2270 tumorem
649 2243 692 2270 se
713 2229 759 2269 in
775 2234 1050 2282 conspectum
1073 2228 1185 2279 dare,
1204 2242 1331 2281 quem
1352 2241 1430 2281 ego
1453 2242 1477 2268 a
1498 2226 1649 2267 sudore
1670 2225 1878 2280 proficisci

414 2298 590 2339 minime
641 2297 847 2348 arbitror,
902 2302 1052 2351 utpote
1104 2310 1186 2350 quo
1236 2296 1407 2349 vigente
1455 2296 1625 2336 nullum
1677 2298 1876 2348 appareat

415 2365 649 2420 eruptionis
677 2365 899 2415 indicium,
921 2365 1044 2406 finito
1073 2364 1258 2418 quidem,
1287 2363 1419 2404 veluti
1450 2376 1524 2417 per
1552 2361 1746 2403 accidens
1777 2376 1876 2404 con-

416 2439 618 2487 sequatur
630 2452 642 2485 ;
673 2434 879 2474 nimirum
900 2448 998 2474 cum
1021 2433 1111 2487 jam
1138 2433 1323 2486 aliquam
1351 2432 1540 2472 sarcinae
1566 2435 1745 2485 partem,
1769 2444 1878 2484 quae

415 2502 630 2543 Naturam
651 2503 746 2556 plus
769 2503 870 2543 satis
892 2502 1107 2555 gravabat,
1130 2501 1304 2542 sudores
1327 2500 1596 2550 abstulerint,
1611 2513 1659 2541 ac
1680 2513 1831 2553 corpus
1853 2513 1877 2540 a

417 2571 618 2612 cardiacis
640 2571 693 2611 ad
715 2571 985 2624 diaphoresin
1014 2570 1302 2610 suscitandam
1328 2568 1562 2622 propinatis
1584 2567 1876 2608 vehementius
1923 2556 1929 2559 ³

416 2639 655 2680 incalescat.
719 2639 883 2680 Verum
905 2653 1031 2693 quam
1060 2638 1188 2679 fallax
1219 2643 1261 2678 et
1292 2637 1423 2678 infida
1445 2637 1499 2677 sit
1526 2636 1630 2677 haec
1660 2635 1876 2690 peccantis

417 2708 619 2748 materiae
641 2722 715 2761 per
739 2713 1002 2761 apostemata
1024 2722 1048 2748 a
1069 2706 1294 2747 sudoribus
1321 2706 1432 2747 foras
1459 2710 1657 2746 evocatan
1679 2704 1876 2745 extermi-

418 2774 548 2823 natio,
580 2780 715 2816 testor
745 2776 936 2817 funestos
973 2789 1119 2816 eorum
1151 2775 1288 2816 exitus
1321 2774 1393 2827 qui
1427 2774 1507 2814 hoc
1543 2772 1670 2814 modo
1704 2771 1877 2813 tractati
1938 2766 1945 2772 ¹

418 2841 603 2891 fuerunt,
623 2857 644 2881 c
668 2843 820 2896 quibus
837 2844 903 2883 vix
925 2844 1077 2884 tertius
1095 2843 1271 2896 quisque
1293 2844 1355 2894 (ut
1378 2841 1688 2881 modestissime
1706 2840 1872 2892 dicam,)

764 2926 775 2938 '²
802 2929 938 2967 wocara]
955 2929 998 2958 sic
1016 2929 1084 2959 edd.
1103 2930 1162 2961 ¹158,
1177 2929 1238 2963 76,
1257 2933 1384 2957 ——ratm'
1402 2927 1448 2958 cd.
1469 2928 1530 2957 ³85.
