1985 3308
421 162 505 204 336
843 163 1099 204 THOMAE
1133 163 1474 204 SYDENHAM

219 281 273 310 DE
293 280 401 309 121111-
421 269 507 309 imo
537 269 734 310 incensae
763 283 809 310 ac
836 271 926 323 jam
953 270 1143 310 furentes
1174 269 1419 322 particulae,
1443 281 1518 320 per
1552 280 1722 307 omnem
1747 266 1879 307 circu-

217 323 402 396 Οζὶῐξξᾷ
422 337 549 378 lautis
583 337 801 391 sanguinis
835 337 1040 377 ditionem
1076 336 1405 385 tumultuantes,
1437 334 1662 375 ventriculi
1695 333 1879 387 aegritu*

218 413 312 464 {qua
329 435 382 455 va·
423 407 556 457 (111108,
583 407 747 447 dolores
778 406 926 459 capitis
956 406 1237 454 lancinantes,
1268 409 1310 444 et
1343 418 1621 458 quaecunque
1654 404 1737 444 alia
1768 418 1879 458 sym-

217 468 369 550 {itzxssigg
422 480 613 529 ptomata
636 474 895 528 praecedunt
927 473 1229 526 expulsionem,
1251 473 1488 513 necessario
1520 472 1720 520 excitant,
1753 477 1880 524 prout

218 553 376 584 oriuntur.
423 543 499 584 has
525 543 591 583 vel
618 543 710 583 illas
737 549 878 595 partes
905 547 1028 582 motu
1055 540 1240 593 agitatae
1269 539 1515 593 appellantf.
1576 541 1636 580 At
1667 553 1764 580 cum
1790 540 1882 593 jam

422 612 572 652 xictrix
593 611 761 651 Natura
780 610 956 651 rebelles
977 608 1205 662 particulas
1225 608 1271 648 in
1293 608 1475 661 corporis
1496 608 1692 649 habitum
1711 607 1881 662 propul-

426 679 590 728 saverit,
613 684 661 718 ut
688 678 804 732 prius
831 677 877 716 in
899 675 1118 729 sanguine,
1141 675 1202 715 ita
1234 675 1432 728 deinceps
1452 676 1500 715 111
1527 690 1680 716 carnea
1699 675 1811 716 mole
1837 675 1883 716 id

217 755 407 786 Peccantem
426 746 537 800 quod
569 751 758 799 superest
789 744 1030 797 tragoediae
1057 743 1287 796 peragitur.
1348 744 1405 783 Et
1439 743 1562 784 sicuti
1594 743 1764 784 Natura
1793 756 1883 784 non

218 799 397 871 ξᾙᾶζξζωζῗ
425 814 506 854 3113
527 813 696 866 quidem
727 812 928 853 methodo
957 826 1083 864 quam
1116 824 1292 851 accensa
1315 809 1432 850 febre
1459 811 1683 851 materiam
1712 810 1759 850 in
1787 824 1883 851 san-

221 894 260 913 ne
277 867 344 913 50¹2
359 884 401 932 ἶς’-
425 882 553 934 guine
580 886 828 934 peccantem
852 879 969 920 novit
992 878 1169 928 amoliri,
1191 878 1252 918 ita
1273 878 1403 918 etiam
1430 892 1518 918 non
1548 878 1631 918 nisi
1651 878 1764 919 facto
1785 892 1883 932 apo-

218 926 410 1005 ἷζξξᾞζῗᾶ,
424 954 602 988 stemate
624 962 806 988 massam
827 961 1024 987 carneam
1041 960 1065 986 a
1084 960 1129 986 re
1146 945 1333 998 qualibet
1355 952 1556 986 extranea
1570 945 1722 986 liberat
1735 963 1747 996 ς
1777 950 1828 986 ut
1849 945 1884 986 si

219 1011 383 1084 ἰοέΐῐέζέῗ
423 1016 532 1055 forte
565 1016 709 1065 sentis,
733 1020 806 1055 aut
838 1014 1055 1068 quippiam
1086 1013 1306 1067 ejusmodi,
1329 1013 1446 1053 carni
1476 1013 1720 1064 inhaeserit,
1742 1019 1884 1067 partes

220 1101 404 1135 postemate,
424 1083 773 1137 circumjacentes
798 1097 897 1123 mox
925 1087 1186 1136 apostemate
1217 1081 1481 1132 obsidentur,
1503 1082 1587 1122 nisi
1616 1082 1661 1122 id
1683 1082 1885 1136 quicquid

425 1156 489 1192 est
518 1152 686 1192 molesti
717 1152 912 1205 protinus
949 1150 1209 1191 extrahatur.
1273 1150 1369 1190 Hae
1399 1150 1545 1203 itaque
1574 1150 1807 1203 particulae
1837 1151 1885 1191 in

424 1219 623 1260 carnibus
646 1219 819 1260 demum
851 1218 1128 1268 stabulantes,
1157 1218 1345 1271 primum
1372 1217 1652 1271 phlegmonas
1679 1217 1796 1259 haud
1822 1218 1885 1260 ita

425 1288 675 1341 spectabiles
706 1288 905 1338 excitant,
927 1288 974 1327 in
1006 1287 1160 1340 quibus
1188 1286 1361 1327 latitant
1374 1303 1386 1336 3
1420 1301 1527 1339 quae
1559 1286 1731 1340 quidem
1756 1301 1884 1340 auge-

425 1361 590 1396 scentes
605 1356 652 1396 in
671 1356 809 1406 horas,
825 1361 952 1409 atque
975 1355 1233 1396 efferatiores
1251 1360 1292 1395 et
1313 1355 1662 1396 inflammatiores
1678 1355 1882 1407 redditae,

423 1419 598 1464 tandem
628 1424 674 1464 in
708 1439 788 1477 pus
820 1430 861 1464 et
892 1424 1075 1464 vomicas
1107 1423 1332 1463 desinunt:
1372 1437 1454 1476 quo
1491 1423 1663 1476 quidem
1692 1429 1884 1477 tempore

424 1491 516 1531 fieri
536 1505 623 1531 non
643 1498 783 1545 potest
806 1492 910 1545 quin
941 1491 1100 1544 aliquid
1122 1506 1172 1532 ex
1193 1491 1266 1530 illa
1293 1496 1605 1544 apostematum
1633 1492 1810 1532 colluvie
1837 1491 1884 1532 in

223 1569 404 1600 Pusresor-
425 1574 606 1600 massam
638 1560 869 1613 sanguinis,
901 1574 976 1613 per
1005 1574 1133 1600 venas
1165 1560 1359 1600 circulari
1388 1565 1510 1600 motu
1539 1560 1717 1611 reducti,
1749 1575 1883 1601 resor-

221 1618 403 1693 ξέζζὲιῗξω
423 1627 599 1677 beatiu'3
633 1628 746 1681 quod
772 1628 805 1668 si
834 1627 972 1667 sanies
1000 1628 1082 1667 ista
1111 1627 1243 1667 nimia
1272 1627 1391 1680 copia
1421 1628 1621 1680 sanguini
1647 1628 1882 1681 ingeratur,

220 1697 375 1737 inquinat.
424 1709 512 1735 non
542 1699 714 1735 tantum
745 1695 907 1735 febrem
939 1695 1128 1745 accersit,
1151 1695 1220 1735 cui
1251 1694 1366 1747 aegri
1386 1694 1494 1734 vires
1525 1695 1651 1748 plane
1683 1701 1784 1736 sunt
1804 1696 1882 1736 imss

423 1777 558 1816 pares,
582 1763 654 1803 sed
687 1764 814 1803 etiam
837 1777 1007 1803 omnem
1033 1764 1123 1816 ejus
1154 1777 1338 1803 massam
1358 1763 1598 1815 putredine,
1621 1777 1699 1804 ceu
1719 1778 1884 1806 veneno

222 1845 360 1884 Ptyalis-
425 1831 622 1883 quodam,
639 1831 849 1884 inquinat.
904 1831 989 1871 Sed
1009 1845 1148 1883 neque
1169 1830 1250 1871 hoc
1267 1831 1367 1870 mali
1388 1835 1516 1884 caput
1533 1836 1595 1872 est
1612 1848 1620 1872 :
1648 1831 1883 1884 quinetiam

220 1888 404 1960 {ffissoasslgh‘
426 1898 478 1938 ab
509 1899 740 1939 intensiore
774 1898 902 1939 febris
936 1899 1084 1949 calore,
1116 1899 1341 1951 postremis
1372 1898 1487 1939 hisce
1518 1898 1667 1939 diebus
1698 1914 1723 1940 a
1751 1899 1885 1940 nimia

219 1972 288 2021 bfis·
301 1973 403 2003 calore
424 1966 542 2019 puris
558 1967 597 2006 vi
619 1967 813 2016 excitato,
830 1966 1095 2020 ptyalismus,
1114 1966 1186 2018 qui
1198 1965 1381 2006 Yariolis
1396 1965 1722 2006 Confluentibus
1743 1979 1883 2007 comes

221 2021 351 2046 santur.
423 2033 627 2073 indixisus
649 2048 739 2074 esse
761 2033 900 2084 debet,
918 2047 1196 2087 praepropere
1218 2033 1394 2084 sistitur,
1417 2033 1532 2074 unde
1563 2047 1689 2087 aegro
1710 2034 1883 2088 spiritus

422 2101 626 2141 continuo
666 2102 980 2142 intercluditur.
1044 2102 1171 2143 Quod
1212 2102 1247 2142 si
1288 2102 1401 2142 dicta
1435 2102 1615 2142 materia
1653 2103 1884 2156 purulenta

421 2169 588 2222 parcius
610 2170 810 2223 sanguini
829 2170 1096 2220 infundatur,
1118 2170 1346 2223 insurgens
1366 2170 1561 2210 Naturae
1582 2170 1712 2211 robur
1733 2184 1882 2211 secun·

419 2237 562 2277 dariae
592 2237 721 2292 hujus
749 2238 878 2279 febris
908 2237 1118 2292 impetum
1148 2238 1269 2279 nullo
1299 2238 1472 2291 negotio
1502 2238 1708 2291 reprimit,
1731 2243 1786 2288 et,
1810 2239 1881 2280 ab·

422 2305 615 2345 scessulis
645 2305 782 2346 indies
813 2306 949 2359 magis
979 2306 1201 2359 magisque
1232 2306 1587 2357 exarescentibuS,
1611 2320 1736 2360 aeger
1764 2306 1882 2348 brevi

422 2373 689 2413 convalescit.

223 2444 370 2475 Eventus
485 2437 594 2493 [12]
629 2440 675 2479 Si
695 2454 793 2480 vera
815 2440 868 2481 sit
889 2440 994 2481 haec
1015 2445 1057 2481 et
1073 2441 1192 2494 justa
1211 2440 1340 2495 hujus
1361 2440 1500 2482 morbi
1520 2440 1710 2493 historia,
1733 2456 1881 2483 caecus

219 2487 393 2568 ξξζζὶἶθςῖυῗὶ,
425 2510 478 2550 sit
499 2516 665 2564 oportet
693 2511 766 2565 qui
786 2526 874 2552 non
894 2511 1046 2562 videat,
1069 2525 1239 2552 omnem
1262 2512 1452 2565 ejusdem
1471 2512 1518 2553 111
1537 2518 1764 2567 utramque
1784 2527 1879 2567 par-

221 2573 378 2603 d²²¹¹¹⁰¹¹t0·
424 2581 512 2616 tem
534 2584 746 2628 eventum,
765 2593 789 2618 a
810 2579 1041 2619 curationis
1061 2579 1342 2620 fundamento
1362 2585 1477 2620 recte
1499 2585 1573 2621 aut
1595 2595 1713 2621 secus
1733 2581 1880 2634 primis

423 2644 469 2684 in
491 2645 639 2685 diebus
656 2646 783 2699 jacto,
799 2646 999 2699 pendere.
1031 2647 1146 2687 Nam
1164 2647 1198 2686 si
1219 2647 1463 2698 calidorum,
1482 2653 1524 2688 et
1545 2649 1770 2702 praecipue
1784 2647 1881 2702 jugi

225 2718 406 2769 Quot-mala
425 2711 570 2752 lectuli
595 2728 689 2764 usu,
712 2715 898 2755 calentes
925 2714 1006 2754 hae
1032 2728 1079 2755 ac
1111 2714 1360 2767 spirituosae
1390 2714 1623 2767 particulae
1656 2720 1878 2766 acuantur,

221 2771 239 2791 a
256 2772 408 2800 regllnllle

222 2804 325 2835 cando
341 2807 402 2835 ori·
426 2794 596 2821 neccsse
629 2787 693 2822 est
727 2788 777 2822 ut
810 2782 1068 2823 assimilandi
1099 2782 1279 2823 facultas
1319 2783 1419 2836 (qua
1444 2782 1611 2836 jamdiu
1645 2782 1741 2836 plus
1777 2782 1878 2824 satis

222 2852 330 2883 untur,
424 2848 614 2902 pollent,)
640 2850 777 2891 adhuc
798 2851 1047 2892 intendatur
1068 2856 1110 2892 et
1132 2855 1344 2905 augescat.

893 2934 902 2952 s
923 2935 1094 2975 appellant]
1112 2937 1265 2974 appellunt
1282 2936 1330 2965 ed.
1348 2936 1408 2966 '82.
