1985 3308
418 181 494 221 OB
501 180 915 221 SERVATIONES
949 181 1238 221 MEDICAE.
1502 184 1556 223 23

99 302 226 341 quam
248 287 430 328 nominis
451 288 608 329 famam
635 293 963 342 consequantur.
1027 287 1241 341 Quicquid
1269 287 1336 337 sit,
1365 287 1556 329 Medicos

98 370 258 406 omnes,
282 356 354 409 qui
375 355 546 409 quidem
567 355 702 409 probii
731 361 774 397 et
799 355 1029 410 prudentes
1049 355 1197 396 haberi
1218 355 1366 396 volunt
1388 359 1430 396 et
1452 368 1554 406 esse,

96 423 204 465 illud
224 437 348 476 agere
368 427 547 476 oportet,
562 428 611 464 ut
632 423 870 465 bonitatem
887 423 1086 464 Divinam
1104 427 1382 476 agnoscentes
1403 423 1552 476 primo,

96 505 193 532 mox
213 491 343 532 etiam
362 490 651 545 implorantes,
667 491 720 532 ab
743 506 793 532 ea
813 491 1065 545 sapientiam
1082 496 1124 532 et
1145 505 1393 545 prosperum
1409 505 1554 532 rerum

96 574 268 601 suarum
304 565 503 602 eventum
536 565 760 614 expectent
776 579 787 611 3
831 566 959 615 atque
995 575 1118 614 porro
1153 565 1202 602 ut
1241 561 1357 602 omni
1391 575 1468 615 ope
1505 575 1552 602 ac

96 628 237 669 studio
256 628 358 670 illuc
384 629 650 679 incumbant,
674 643 756 682 quo
777 643 865 669 non
885 633 1057 670 tantum
1079 629 1307 670 sanitatem
1329 633 1552 682 aegrotan-

95 695 222 745 tibus,
245 709 390 736 verum
415 701 458 736 et
481 696 674 737 Medicae
701 711 828 750 quam
856 697 1110 750 profitentur
1130 697 1228 737 Arti
1249 697 1552 737 certitudinem

95 762 312 816 aliquanto
328 764 531 817 majorem
554 764 800 819 acquirant:
832 764 916 805 11116
938 764 1142 804 nimirum
1164 764 1456 817 experimenta
1477 778 1554 805 sua

94 829 336 882 dirigenteS,
359 835 408 874 ut
430 831 636 871 Medendi
664 832 773 872 ratio
800 832 1050 884 locupletior
1071 835 1114 872 et
1135 832 1394 872 luculentior
1414 831 1552 872 indies

93 897 254 947 evadat,
278 903 404 952 atque
436 899 540 940 adeo
571 905 620 940 ut
653 913 787 952 genus
815 900 1053 940 humanum
1082 900 1269 940 securius
1299 904 1426 952 atque
1455 900 1550 940 uni-

91 966 291 1006 versalius
312 966 425 1006 illius
448 966 653 1007 beneficio
682 967 937 1020 perfruatur,
961 968 1090 1008 etiam
1118 972 1345 1021 postquam
1367 967 1428 1007 illi
1450 968 1549 1008 fatis

93 1033 389 1074 concesserint.
441 1034 519 1087 [3.]
543 1035 636 1087 Ego
652 1035 795 1087 itaque
812 1034 936 1075 officii
952 1035 1037 1075 mei
1054 1035 1246 1075 conscius
1264 1035 1374 1075 hanc
1390 1035 1553 1075 Metho-

93 1101 187 1140 dum
225 1101 409 1142 Oen-ancli
439 1102 588 1142 Febres
618 1103 810 1154 Propriis
841 1103 1197 1143 Observationibzcs
1224 1103 1554 1155 Superstmetam

92 1167 183 1208 orbi
203 1168 338 1208 trado.
383 1168 738 1222 Quandoquidem
759 1169 873 1209 enim
894 1169 1029 1222 (DEO
1048 1170 1413 1224 qualibuscunque
1428 1184 1552 1212 cona-

42 1244 45 1246 '
90 1235 205 1276 tibus
219 1236 324 1276 meis
337 1237 579 1289 aspirante,)
597 1236 708 1276 visus
726 1236 831 1276 mihi
848 1251 942 1276 sum
957 1238 1179 1278 certiorem
1197 1238 1411 1292 quandam
1425 1242 1552 1292 atque

89 1304 224 1356 magis
246 1304 477 1357 genuinam
502 1303 703 1345 Febrium
731 1304 1017 1345 curandarum
1044 1306 1255 1346 rationem
1284 1320 1411 1359 quam
1441 1321 1548 1360 quae

89 1372 215 1425 vulgo
250 1372 416 1413 obtinet
452 1372 791 1426 apprehendisse,
826 1386 917 1413 rem
951 1377 1117 1426 gratam
1152 1388 1274 1414 verae
1308 1374 1551 1415 Medicinae

90 1440 287 1480 studiosis
311 1453 377 1480 me
403 1440 709 1494 praestiturum
731 1455 825 1481 sum
853 1440 1100 1491 arbitratus,
1124 1442 1159 1481 si
1185 1441 1363 1482 eandem
1392 1442 1552 1495 publici

84 1508 192 1562 juris
212 1507 394 1549 facerem
407 1525 418 1558 3
450 1508 495 1548 id
523 1508 636 1561 quod
666 1522 744 1561 ego
771 1508 937 1549 liberali
966 1509 1109 1550 animo
1138 1514 1180 1550 et
1207 1510 1371 1550 sincero
1393 1510 1549 1551 affectu

83 1576 174 1629 jam
195 1575 429 1629 aggredior.
492 1576 751 1616 Methodum
772 1590 869 1617 vero
898 1591 982 1630 qua
1008 1582 1119 1627 utor,
1143 1577 1221 1618 etsi
1241 1577 1351 1618 forte
1372 1578 1546 1618 rationi-

87 1643 167 1684 bus
196 1645 338 1685 minus
374 1644 516 1685 solidis
552 1645 681 1685 inniti
717 1659 766 1685 ea
797 1645 1017 1686 nonnullis
1047 1645 1254 1696 videatur,
1286 1647 1549 1700 experientia

86 1714 233 1752 tamen
263 1712 488 1766 multiplici
519 1712 836 1766 comprobatam
868 1725 958 1753 esse
989 1713 1222 1754 certissime
1253 1714 1338 1754 scio
1369 1728 1417 1755 ae
1448 1729 1543 1767 pro-

86 1779 258 1820 nuncio.
298 1780 376 1834 [4]
399 1780 602 1822 Quamvis
616 1785 761 1821 autem
776 1780 1042 1834 praevideam
1057 1781 1263 1822 extituros
1277 1795 1364 1822 non
1378 1796 1547 1836 paucos,

87 1847 159 1900 qui
180 1848 243 1888 vel
265 1862 315 1888 ex
336 1848 535 1902 carpendi
556 1848 745 1898 libidine,
768 1849 833 1889 vel
855 1849 1053 1902 superbia
1074 1864 1157 1903 qua
1187 1853 1375 1891 caeteros
1400 1863 1548 1891 omnes

86 1919 355 1956 contemnere
392 1920 518 1969 atque
554 1916 769 1969 aspernari
806 1916 1060 1967 didicerunt,
1097 1917 1204 1957 mihi
1239 1918 1305 1958 vel
1348 1917 1548 1959 novitatis

87 1982 289 2032 studium,
322 1997 369 2023 ac
399 1983 507 2023 forte
538 1984 666 2024 etiam
699 1983 979 2024 absurdarum
1015 1985 1328 2026 sententiarum
1366 1986 1547 2039 patroci-

86 2049 208 2089 nium
228 2049 528 2102 imputabunt;
560 2051 625 2090 vel
646 2064 668 2090 e
690 2051 901 2091 contrario
927 2051 977 2103 (si
1007 2051 1118 2092 forte
1149 2052 1300 2105 praxin
1330 2053 1443 2093 hanc
1474 2067 1543 2093 ex-

85 2117 207 2170 perti,
226 2117 490 2158 commodam
511 2117 627 2157 illam
649 2131 737 2158 esse
755 2122 998 2171 certamque
1015 2120 1328 2173 compererint,)
1349 2134 1417 2161 me
1439 2121 1547 2160 nihil

89 2197 175 2224 non
197 2184 368 2237 vulgare
391 2184 554 2238 sibique
580 2185 680 2224 satis
713 2188 839 2224 antea
868 2185 1089 2238 cognitum
1119 2187 1344 2239 protulisse
1367 2188 1546 2227 affirma-

86 2250 195 2292 bunt
209 2268 220 2301 3
252 2251 367 2292 11311(1
392 2257 538 2292 13111611
566 2251 768 2292 deterreri
798 2266 867 2293 me
897 2266 1045 2306 passus
1077 2267 1184 2303 sum,
1209 2268 1293 2306 quo
1314 2254 1457 2295 minus
1479 2255 1544 2295 in-

87 2319 237 2372 genuis
258 2320 514 2370 hominibus,
530 2325 572 2360 61
589 2320 674 2360 veri
698 2320 824 2360 simul
846 2334 893 2360 ac
914 2320 1092 2360 humani
1114 2321 1280 2373 generis
1302 2322 1544 2363 amantibus

84 2387 209 2427 hasce
229 2388 405 2441 paginas
427 2388 796 2428 communicarem.
861 2387 964 2428 Mea
991 2388 1106 2428 enim
1132 2388 1296 2429 indoles
1324 2394 1451 2442 atque
1476 2390 1542 2430 in-

86 2454 259 2506 genium
280 2454 386 2494 1111111
407 2459 483 2505 est,
505 2459 553 2495 ut
576 2455 677 2508 quid
699 2455 841 2495 nasuti
863 2455 934 2495 isti
956 2460 1082 2508 atque
1111 2455 1289 2495 fastuosi
1311 2456 1454 2497 dicant
1476 2458 1540 2498 vel

86 2522 286 2572 sentiant,
304 2537 454 2576 parum
477 2522 707 2563 admodum
728 2523 809 2563 sim
831 2522 1048 2563 sollicitus.
1103 2523 1376 2576 Sapientibus
1399 2529 1542 2565 autem

85 2592 128 2628 et
157 2588 299 2641 probis
329 2589 409 2630 hoc
440 2589 602 2630 dictum
633 2590 739 2640 volo,
762 2603 830 2630 me
858 2590 1030 2644 quidem
1061 2590 1168 2630 nihil
1196 2590 1371 2632 omnino
1403 2592 1540 2645 quoad

83 2667 226 2695 rerum
254 2660 380 2709 atque
408 2657 795 2710 experimentorum
824 2658 1046 2698 veritatem
1081 2658 1331 2711 imposuisse
1345 2676 1358 2708 ,·
1399 2660 1542 2700 omnia

86 2722 263 2763 candide
299 2728 426 2777 atque
461 2724 648 2777 ingenue
684 2725 912 2765 elocutum.
989 2725 1142 2778 Neque
1178 2739 1275 2766 vero
1316 2725 1542 2779 quicquam

86 2788 234 2830 dubito
266 2791 370 2843 quin
398 2791 491 2844 ipsi,
520 2791 747 2844 aliquando
779 2791 1014 2845 periculum
1045 2792 1261 2843 facientes,
1285 2807 1381 2834 suos
1412 2794 1542 2834 etiam

87 2856 266 2898 calculos
296 2857 396 2899 huic
431 2859 631 2899 methodo
663 2858 871 2911 adjecturi
902 2859 1000 2900 sint.
1064 2860 1259 2911 Interim,
1290 2861 1324 2901 si
1361 2862 1460 2914 quid
1497 2862 1542 2902 in

610 2940 615 2959 ἰ
636 2941 742 2982 probi]
758 2944 864 2980 probos
881 2943 927 2973 ed.
946 2943 1006 2975 ’66.

1607 298 1731 329 Pam-m.

1578 341 1638 372 En.
1653 342 1756 372 Pam.
