1985 3308
184 297 370 329 DaRmzu-

193 350 363 371 MATISMO.

186 400 337 431 Historia.

184 2380 317 2409 Leviora

182 2428 255 2451 sunt
271 2423 359 2461 inge·

182 2465 244 2501 nia,
264 2475 344 2503 quac

184 2507 371 2547 16811Ιί11611-

184 2550 258 2579 dent
274 2551 357 2589 quod

184 2592 345 2631 simplices

187 2641 260 2663 sunt
277 2640 307 2664 ct

184 2682 319 2715 apertae.

186 2729 282 2759 Dicta
303 2740 369 2760 mc-

188 2772 370 2802 1110111183ἱί-

187 2814 213 2843 is
231 2815 326 2844 etiam

187 2858 303 2887 morbis
317 2868 368 2887 ac-

188 2901 370 2930 commoda-

186 2949 279 2972 retur.

387 178 472 218 300
528 230 529 233 ¹
802 176 1058 218 THOMAE
1092 174 1434 218 SYDENHAM

388 283 519 325 thodo
548 282 905 338 adjungebantur,
930 282 1231 324 incommodis:
1268 294 1408 334 neque
1435 293 1504 320 me
1531 278 1680 320 fefellit
1709 277 1857 319 diaeta*

390 367 412 394 e
434 366 525 394 sero
545 352 666 393 lactis
686 351 997 406 phlebotomiae
1017 351 1108 392 loco
1129 349 1374 390 substituta.

455 420 563 475 [60]
601 420 855 473 Praegressa
895 424 1055 460 aestate
1092 416 1425 470 Pharmacopola
1457 415 1565 456 mihi
1603 415 1650 455 in
1680 414 1846 466 vicinia,

389 490 562 531 nomine
599 488 806 538 Malthus‚
848 487 925 540 (vir
957 485 1125 540 probus,
1159 490 1201 526 et
1233 485 1406 538 ingenio
1435 498 1524 525 non
1553 483 1746 537 vulgari)
1780 496 1850 524 me

389 557 642 598 accersebat.
719 555 1042 596 Rheumatismo
1088 559 1231 594 autem
1277 553 1430 593 misere
1470 551 1740 592 cruciabatur
1783 551 1850 592 his

390 625 685 680 symptomatis
726 623 904 676 stipato:
947 621 1174 663 coxendice
1213 620 1351 674 primo
1392 620 1446 661 ad
1479 619 1660 661 biduum
1691 618 1848 659 claudi-

389 693 525 743 cabat,
563 691 714 733 exinde
754 691 975 744 pulmones
1012 689 1154 730 dolore
1188 688 1469 729 tentabantur
1504 687 1716 741 gravativo
1751 700 1850 727 cum

390 761 616 815 dyspnoea,
646 772 752 812 quae
779 764 874 811 post
902 757 1018 797 aliud
1043 757 1176 797 ferme
1203 756 1384 796 biduum
1411 755 1686 796 evanescebat
1701 771 1712 804 ;
1750 753 1850 794 dein

388 833 516 880 caput
543 826 817 867 vehementer
844 824 981 878 coepit
1014 824 1167 875 dolere,
1192 838 1289 865 mox
1322 824 1451 864 etiam
1479 822 1685 864 coxendix
1713 821 1851 862 dextri

388 893 545 944 lateris,
568 907 675 946 quae
697 892 890 932 omnium
910 892 1047 945 primo
1072 891 1317 942 laborabat;
1349 896 1593 945 posteaque,
1610 904 1686 944 pro
1711 888 1850 930 morbi

387 961 543 1012 indole,
577 973 723 1001 omnes
759 961 846 1001 fere
881 966 971 1001 tam
1005 960 1276 1002 brachiorum
1312 975 1439 1014 quam
1475 974 1648 1002 crurum
1683 959 1851 1000 articuli

386 1042 462 1081 per
491 1028 601 1069 vices
632 1027 983 1069 molestabantur.
1047 1028 1158 1069 Cum
1185 1028 1378 1070 debiliori
1409 1033 1518 1070 esset
1550 1033 1592 1069 et
1621 1028 1729 1069 sicco
1760 1041 1849 1068 cor-

387 1098 499 1152 poris
527 1097 691 1148 habitu,
713 1098 871 1139 veritus
899 1112 954 1139 ne
982 1098 1123 1139 minus
1150 1099 1293 1140 firmas
1316 1099 1484 1153 jamdiu
1506 1099 1615 1139 vires
1644 1102 1687 1139 et
1711 1097 1850 1139 labas-

387 1171 532 1207 centes
568 1165 740 1219 dempto
771 1166 980 1220 copiosius
1016 1166 1225 1220 sanguine
1258 1180 1430 1220 prorsus
1467 1166 1714 1216 exolverem,
1746 1166 1850 1219 (ma-

386 1234 498 1274 xime
526 1247 624 1274 611111
652 1238 788 1274 368138
814 1247 863 1274 60
890 1247 1025 1287 usque
1051 1234 1279 1276 adoleverit
1303 1240 1353 1276 ut
1376 1236 1467 1288 jam
1494 1239 1634 1275 metus
1660 1241 1769 1276 esset
1795 1248 1851 1276 ne

387 1301 687 1355 superveniens
717 1300 865 1355 hyems
896 1301 1240 1355 redintegrandis
1267 1303 1426 1344 viribus
1457 1303 1672 1357 frequenti
1699 1317 1850 1344 venae-

389 1369 574 1410 sectione
601 1368 761 1409 attritis
788 1368 1099 1423 intercederet,)
1123 1370 1327 1424 imperavi
1347 1376 1397 1412 ut
1419 1372 1506 1413 solo
1532 1372 1653 1412 lactis
1681 1385 1773 1412 sero
1797 1371 1851 1412 ad

389 1437 477 1477 dies
501 1441 682 1490 quatuor
701 1442 941 1477 vesceretur
966 1451 1092 1491 aeger
1103 1455 1115 1488 3
1150 1438 1302 1491 quibus
1328 1439 1491 1493 elapsis,
1513 1444 1682 1493 praeter
1707 1453 1850 1480 serum

389 1504 510 1545 lactis
537 1519 612 1558 pro
637 1504 752 1545 victu
779 1505 992 1546 ordinario
1019 1519 1174 1558 panem
1203 1506 1516 1560 similagineum
1544 1506 1731 1547 concessi
1757 1507 1850 1547 loco

389 1573 568 1627 prandii,
606 1573 736 1614 semel
767 1587 921 1627 nempe
953 1574 998 1613 in
1035 1574 1115 1624 die,
1153 1574 1285 1616 donec
1316 1575 1487 1629 penitus
1523 1575 1848 1616 convalesceret.

389 1642 527 1683 Tenui
547 1642 626 1682 hac
654 1642 794 1682 diaeta
821 1647 1063 1693 contentus,
1087 1642 1139 1683 ad
1161 1643 1250 1683 dics
1278 1643 1512 1684 octodecim
1539 1642 1848 1696 perseverabat,

388 1710 471 1751 nisi
499 1709 612 1764 quod
639 1709 861 1763 postremis
893 1724 1042 1750 60111111
1071 1711 1201 1751 alium
1228 1711 1404 1764 insuper
1432 1724 1588 1764 panem
1615 1724 1691 1764 pro
1719 1724 1851 1752 coena

389 1779 680 1832 indulgerem:
713 1793 855 1819 serum
883 1784 1027 1818 autem
1054 1792 1076 1818 e
1098 1778 1218 1818 lactis
1244 1778 1363 1818 libris
1392 1783 1487 1819 octo
1509 1777 1624 1818 domi
1652 1783 1851 1831 paratum

388 1848 576 1902 quotidie
610 1847 864 1898 insumebat,
897 1862 980 1901 quo
1016 1848 1116 1887 satis
1148 1848 1258 1888 bene
1287 1848 1572 1889 nutriebatur.
1634 1848 1737 1889 Post
1771 1848 1849 1889 hos

388 1916 476 1956 dies
497 1930 594 1956 cum
622 1930 709 1956 non
734 1915 913 1968 amplius
937 1921 1141 1969 urgerent
1168 1922 1466 1970 symptomata,
1489 1922 1532 1957 et
1555 1917 1646 1970 jam
1673 1916 1751 1957 sub
1779 1916 1849 1957 dio

384 1990 633 2034 versaretur,
657 1998 803 2025 earnes
828 1984 958 2024 etiam
985 1984 1170 2038 permisi,
1192 1984 1406 2038 pullorum
1436 1984 1595 2025 86111661
1625 1984 1846 2034 elixorum,

385 2057 634 2105 caeteraque
670 2050 872 2092 εὔπεπτα.
934 2050 1077 2091 Τ61110
1113 2055 1257 2092 autem
1290 2064 1457 2104 quoque
1493 2050 1573 2101 die,
1606 2050 1694 2091 solo
1727 2050 1848 2091 lactis

385 2133 476 2159 sero
497 2118 730 2169 victitabat,
754 2117 888 2158 donec
912 2117 1089 2158 tandem
1113 2118 1355 2171 pancratice
1375 2118 1547 2169 valeret,
1569 2118 1848 2159 incommodis

385 2201 491 2241 quae
531 2202 659 2241 supra
698 2186 927 2227 memoravi
961 2186 1041 2226 hac
1075 2185 1278 2226 methodo
1319 2185 1459 2236 elusis,
1493 2185 1647 2239 quibus
1683 2186 1848 2227 decimo

384 2254 539 2294 abhinc
579 2267 692 2294 anno
731 2253 912 2307 pessime
952 2252 1252 2306 excipiebatur,
1286 2253 1626 2293 venae-sectione
1666 2266 1718 2293 ex
1752 2266 1847 2293 meo

384 2321 642 2375 praescripto
669 2323 713 2363 in
743 2320 975 2362 curationis
1011 2320 1249 2362 subsidium
1278 2325 1384 2361 tunc
1415 2320 1618 2370 adhibita,
1645 2333 1693 2361 ac
1724 2333 1848 2374 saepe

385 2390 582 2444 repetita.

451 2457 559 2511 [GL]
599 2457 740 2510 Siquis
765 2457 877 2497 hanc
897 2456 1149 2497 methodum
1175 2461 1381 2509 tanquam
1413 2455 1628 2496 rudiorem
1653 2459 1696 2496 et
1727 2454 1847 2496 Artis

384 2525 510 2566 laude
527 2530 744 2566 carentem
757 2524 1072 2578 contempserit,
1090 2524 1193 2564 sciat
1207 2523 1242 2563 is
1258 2523 1396 2574 velim,
1411 2524 1560 2577 primo,
1576 2523 1732 2564 leviora
1751 2528 1846 2563 tan-

384 2599 478 2634 tum
503 2594 677 2647 ingenia
703 2608 770 2635 res
798 2594 1006 2648 quaslibet
1027 2592 1281 2646 vilipendere
1309 2593 1424 2648 quod
1453 2593 1662 2646 simplices
1685 2592 1847 2632 fuerint

387 2666 429 2701 et
463 2668 632 2714 apertae
646 2679 657 2711 ;
696 2662 808 2712 dein,
842 2675 924 2712 me,
953 2662 1018 2702 vel
1049 2661 1303 2701 imminutae
1339 2660 1663 2701 existimationis
1694 2659 1845 2714 pretio,

388 2730 556 2782 publico
572 2731 794 2771 hominum
809 2731 923 2772 bono
939 2731 1140 2772 inserw're
1160 2730 1488 2785 paratissimum.
1528 2729 1696 2771 Quibus
1713 2728 1845 2779 edico,

389 2798 513 2849 quod,
555 2798 637 2838 nisi
683 2799 903 2840 obstarent
948 2798 1206 2852 praejudicia
1252 2798 1380 2851 vulgi,
1421 2798 1564 2838 nullus
1605 2796 1846 2837 dubitarem

389 2865 633 2905 methodum
665 2867 754 2919 jam
786 2866 944 2907 dictam
973 2867 1064 2907 aliis
1096 2867 1225 2907 etiam
1252 2866 1423 2915 morbis,
1453 2879 1634 2920 quorum
1665 2864 1845 2917 imprae-

390 2933 621 2973 sentiarum
660 2948 815 2975 nomen
852 2935 1027 2976 reticere
1059 2935 1192 2985 libet,
1212 2933 1551 2983 accommodare,
1596 2932 1708 2986 quod
1744 2945 1845 2973 sane
