1985 3308
288 161 813 204 OBSERVATIONUM
845 161 1224 203 MEDICARUM
1258 167 1288 200 I.
1315 173 1346 202 4.
1492 166 1547 205 59

89 267 198 308 derit
216 267 382 320 (accidit
396 272 537 308 autem
554 267 804 320 aliquoties,)
815 271 864 307 ut
881 271 1078 319 aegrotus
1095 267 1232 307 oleum
1247 281 1417 320 prorsus
1431 282 1545 309 aver·
1593 282 1722 312 anus

88 340 205 375 setur
217 352 228 385 3
259 340 364 375 tunc
385 335 496 375 enim
519 335 763 387 vulgaribus
793 335 875 374 illis
895 334 1191 387 pectoralibus,
1212 339 1261 374 ut
1285 335 1396 384 lieet,
1419 348 1541 388 opem
1569 325 1751 396 ffffigffim

89 401 199 442 ferre
221 416 435 442 conamur.
497 402 676 442 Interim
700 402 836 442 oleum
860 401 965 441 illud
982 401 1313 454 amygdalarum,
1337 402 1542 454 siquidem
1579 410 1742 454 ‘'gi-&Q—

86 468 160 508 illo
195 482 270 521 per
302 482 475 521 aegrum
511 468 576 508 uti
615 468 795 518 licuerit,
837 468 1020 508 bechieis
1063 468 1154 507 aliis
1199 468 1546 522 anteponendum

88 549 251 585 censeo,
275 535 327 576 ob
350 549 441 575 eam
464 549 632 575 eausam
663 535 901 588 praecipue,
924 534 1034 587 quod
1057 548 1152 574 eum
1174 549 1347 576 necesse
1370 536 1423 576 sit
1445 536 1550 576 haee

88 604 303 644 liberalius
329 608 371 644 et
393 604 541 657 majori
570 604 810 656 quantitate
841 604 1051 653 exhibere,
1074 605 1199 645 modo
1231 606 1428 658 prodesse
1448 607 1548 646 veli-

87 685 194 721 mus,
208 671 288 712 hoc
309 676 432 725 pacto
454 671 749 721 ventriculum,
763 672 851 725 jam
874 671 974 711 satis
998 686 1205 725 superque
1228 673 1408 714 debilem
1433 678 1475 714 et
1498 674 1551 714 ad

87 753 288 779 nauseam
322 739 560 792 proclivem,
594 753 842 789 oneramus3
886 753 1196 792 nonnunquam
1234 741 1361 781 etiam
1400 741 1548 781 eadem

88 821 215 860 opera
246 807 541 860 praepedimur
572 821 627 847 ne
658 807 832 859 reliqua,
865 807 1011 847 eodem
1049 807 1140 860 ipso
1172 812 1362 862 tempore
1397 809 1552 849 transi-

89 873 242 926 genda,
278 887 563 926 procuremus.
633 873 739 926 [47]
778 874 930 926 Neque
959 887 1056 915 vero
1085 874 1186 914 satis
1220 880 1295 915 aut
1329 876 1553 916 intellectu

89 955 300 995 assequor,
330 947 403 982 aut
439 941 699 994 experientia
732 942 906 981 edoctus
948 956 1054 991 sum,
1090 956 1166 982 cur
1201 943 1252 983 ab
1286 944 1416 997 hujus
1453 945 1549 995 olei,

90 1009 202 1062 quod
231 1010 319 1063 jam
353 1009 548 1059 diximus,
582 1023 663 1049 usu
694 1009 740 1048 in
774 1009 981 1049 Febribus
1015 1009 1329 1061 abhorreamus,
1358 1026 1406 1052 eo
1439 1013 1553 1065 quod

91 1077 249 1117 scilicet
289 1076 592 1117 inflammabile
632 1077 699 1126 sit,
743 1076 931 1130 adeoque
972 1077 1250 1117 metuendum
1286 1093 1340 1120 ne
1382 1079 1553 1120 Febrim

91 1144 315 1197 adaugeat.
378 1145 461 1184 Fae
499 1144 611 1184 enim
644 1144 750 1183 illud
788 1158 864 1184 sua
895 1148 1052 1184 natura
1084 1145 1268 1185 calidum
1307 1160 1409 1196 esse,
1440 1151 1554 1187 certe

90 1216 235 1252 tamen
277 1212 390 1252 calor
428 1213 499 1252 ille
535 1215 682 1252 tantus
719 1226 807 1251 non
848 1216 911 1251 est
948 1216 996 1251 ut
1038 1212 1210 1252 aliunde
1249 1227 1338 1253 11011
1384 1214 1555 1255 abunde

89 1283 314 1333 pensetur:
346 1293 446 1332 prae
478 1279 653 1319 caeteris
685 1279 798 1318 enim
825 1278 1049 1318 manifesta
1076 1279 1115 1318 vi
1146 1281 1306 1332 pectori
1339 1282 1552 1331 conducit,

90 1347 307 1400 aperitque
328 1347 413 1386 vias
445 1361 493 1387 ac
519 1347 638 1396 lenit,
672 1346 859 1398 adeoque
891 1346 1274 1399 expectorationem
1306 1355 1550 1401 promovet3

89 1429 173 1468 qua
196 1414 455 1467 (praesertim
486 1414 520 1454 si
551 1414 755 1467 copiosior
784 1413 1012 1465 acciderit,)
1043 1418 1137 1453 tum
1166 1421 1421 1456 exoneratur
1454 1431 1549 1457 san-

89 1483 182 1535 guis
214 1496 238 1522 a
269 1482 444 1522 molesto
475 1482 651 1522 humore
684 1481 902 1522 commode
933 1482 1021 1534 jam
1055 1486 1236 1531 exereto,
1269 1487 1362 1523 tum
1397 1484 1546 1524 eadem

89 1563 215 1603 opera
234 1549 431 1590 nonnihil
451 1550 725 1602 refrigeratur
737 1566 748 1599 3
782 1549 969 1602 adeoque
992 1563 1058 1589 me
1081 1564 1169 1590 non
1191 1550 1418 1591 admodum
1442 1552 1552 1592 male

91 1617 233 1668 habet,
268 1617 475 1670 siquando
505 1617 681 1657 viderim
714 1622 954 1670 symptoma
989 1617 1069 1658 1100
1105 1617 1400 1669 intercurrere,
1433 1620 1554 1672 cujus

91 1685 296 1726 beneficio
328 1699 415 1725 non
450 1699 599 1739 parum
637 1685 765 1725 etiam
799 1698 925 1738 aegro
958 1684 1153 1725 beneficii
1186 1686 1361 1726 aceedit.
1438 1686 1556 1726 Illud

91 1753 265 1793 unicum
299 1767 415 1793 nune
451 1766 616 1802 moneo,
648 1767 735 1792 una
768 1752 998 1805 eademque
1029 1753 1117 1793 vice
1152 1757 1295 1793 tutum
1329 1768 1418 1794 non
1452 1768 1554 1804 esse,

91 1820 194 1861 totis
223 1820 512 1860 cochlearibus
544 1820 624 1860 1100
656 1820 794 1860 01011111
829 1820 1046 1870 exhibere3
1078 1820 1312 1874 periculum
1344 1821 1458 1862 enim
1489 1826 1556 1862 est

92 1902 148 1929 ne
179 1893 221 1928 et
251 1888 487 1928 ventriculo
514 1901 716 1927 nauseam
748 1892 788 1927 et
818 1888 909 1927 alvo
940 1888 1099 1927 fluxum
1122 1888 1397 1929 inducamus:
1429 1903 1554 1942 parce
1573 1906 1667 1935 parce
1683 1900 1716 1926 at

92 1956 236 2008 itaque
268 1955 341 1995 sed
370 1955 615 2008 frequenter
649 1955 838 1995 interdiu
868 1960 1083 2008 noctuque
1113 1956 1426 2009 propinandum
1459 1958 1552 2008 erit,
1571 1938 1753 2011 {relagata

95 2037 177 2076 quo
204 2036 287 2063 non
319 2023 454 2062 solum
480 2022 820 2074 expectoratione
847 2022 960 2063 facta
986 2023 1136 2062 tussim
1163 2024 1383 2075 leniemus,
1407 2039 1551 2066 verum
1573 2023 1651 2053 dum
1668 2029 1724 2055 08¹³·

95 2090 219 2130 etiam
248 2089 376 2142 (quod
397 2089 573 2142 alicujus
597 2089 800 2128 momenti
821 2090 913 2142 est,)
940 2090 1108 2130 attritas
1130 2091 1244 2144 aegri
1266 2091 1373 2132 vires
1394 2092 1553 2133 blando

93 2157 358 2198 nutrimento
379 2156 574 2196 nonnihil
597 2155 839 2196 solabimur.

163 2225 271 2278 [48]
306 2224 375 2265 Fit
406 2238 716 2276 nonnunquam
747 2228 796 2264 ut
830 2222 1169 2278 Haemorrhagia
1197 2226 1379 2266 Narium
1409 2240 1553 2280 super·
1573 2234 1721 2264 NARIUM

93 2292 235 2333 veniat
249 2309 260 2339 3
293 2292 377 2332 sive
400 2292 511 2345 quod
542 2291 851 2331 medicamenta
882 2292 1008 2331 nimis
1037 2292 1172 2332 calida
1192 2293 1238 2332 in
1268 2294 1405 2334 morbi
1428 2277 1747 2351 111111051Ῑξέᾘῒ

94 2360 253 2400 fuerint
278 2359 478 2410 exhibita,
502 2359 585 2399 sive
608 2359 717 2412 quod
750 2359 943 2399 ebullitio
966 2373 1053 2399 non
1076 2360 1176 2400 satis
1204 2361 1389 2401 coercita
1408 2362 1551 2413 fuerit,

96 2441 222 2480 aegro
249 2441 400 2481 nempe
421 2427 486 2467 vel
513 2428 558 2467 in
580 2427 747 2467 florenti
781 2432 918 2467 aetate
945 2427 1191 2477 constituto,
1214 2429 1277 2468 vel
1313 2429 1415 2469 anni
1446 2434 1552 2470 tem-

94 2500 258 2550 pestate
279 2496 570 2549 coadjuvante.
632 2495 727 2535 Hoc
749 2496 783 2535 si
804 2496 890 2545 fiat,
913 2510 1001 2535 11011
1023 2495 1249 2536 admodum
1271 2497 1483 2550 juvabunt
1505 2511 1555 2538 ea
1575 2508 1711 2539 Narium

97 2578 203 2618 quae
225 2564 278 2604 ad
300 2563 532 2604 sistendum
556 2563 774 2616 sanguinis
797 2568 957 2603 motum
973 2564 1098 2616 vulgo
1114 2563 1205 2604 fieri
1226 2571 1551 2616 consueverunt,
1572 2551 1731 2624 Ξῇζῗῖὲομ

91 2631 237 2685 qualia
267 2636 367 2672 sunt
388 2631 758 2680 venae-sectiones,
781 2630 1003 2683 ligaturae,
1036 2631 1346 2671 medicamenta
1371 2632 1552 2674 adstrin-
1572 2618 1649 2666 hust}
1666 2636 1692 2666 F
1695 2637 1761 2668 ebri

99 2699 255 2752 gentia,
279 2703 406 2752 atque
435 2698 763 2752 agglutinantia,
786 2698 851 2738 vel
882 2698 1008 2737 etiam
1039 2698 1258 2750 sanguinis
1281 2699 1552 2741 acrimoniam
1573 2685 1742 2752 ῗέἑῗὶῖζοζῐ

97 2767 472 2821 contemperantia,
490 2771 569 2807 etc.
633 2765 835 2807 Quamvis
858 2766 968 2806 enim
992 2779 1067 2818 pro
1089 2765 1356 2807 Medicorum
1379 2768 1554 2810 consilio
1574 2765 1714 2836 §intranda

78 2847 146 2874 ·ae
167 2834 394 2888 prudentia
413 2834 478 2874 his
501 2839 627 2887 atque
651 2832 895 2886 hujusmodi
917 2833 1007 2872 aliis
1029 2833 1093 2873 uti
1115 2833 1251 2884 liceat,
1274 2835 1318 2874 in
1341 2849 1389 2877 eo
1410 2841 1555 2878 tamen
1617 2828 1625 2837 ⁸

617 2916 629 2934 Ρ
657 2919 703 2949 (Ὗ,
725 2920 854 2948 Process.
877 2919 931 2949 lut.
951 2929 976 2948 c.
996 2920 1046 2947 45.
