1985 3308
418 144 498 183 142
828 147 1082 187 ΤΗΟΜΑΕ
1117 148 1455 188 SYDENHAM

209 260 396 288 meomn
414 250 560 291 morbo
582 251 767 302 adhibui,
790 253 1043 306 astipulante
1063 253 1220 306 ubique
1240 268 1381 294 rerum
1409 258 1578 302 eventu,
1600 253 1725 293 modo
1746 267 1868 307 aeger

210 302 396 374 ἓζῖἶξζίγζῐ
413 318 680 371 pubertatem
708 321 942 361 excesserit.
1007 321 1187 374 Sanguis
1215 323 1329 362 enim
1361 322 1590 362 infantium
1620 335 1866 374 puerorum-

211 388 397 438 *193'695-
414 400 494 438 que
520 386 606 439 (qui
636 401 711 440 per
739 389 954 441 integrum
985 389 1121 429 morbi
1152 391 1334 430 stadium
1365 391 1611 444 plerumque
1633 392 1732 431 satis
1757 391 1868 433 bene

209 456 396 519 ἓζῑῗξῖιέᾓῗδ
413 455 657 508 dormiunt,)
683 470 780 496 cum
800 457 945 497 mitius
969 457 1138 507 ferveat,
1160 458 1324 498 minus2
1348 459 1591 512 hujusmodi
1612 465 1708 512 eget
1730 460 1866 500 suffla-

208 524 549 604 gaf1111tli11-111i1103
591 529 716 576 atque
755 525 928 577 insuper
961 525 1113 564 horum
1152 539 1233 565 usu
1274 524 1503 576 diarrhoea,
1541 540 1668 579 quam
1706 526 1752 566 in
1786 526 1867 567 1100

231 585 250 604 11
266 584 338 613 gen(
352 584 377 604 a.

209 628 341 657 Pareoo-
412 595 547 634 morbi
570 609 723 646 genere
750 595 984 634 infantibus
1010 594 1323 635 evacuationem
1351 595 1519 635 Natura
1548 595 1746 645 instituit,
1769 610 1867 636 cum

209 671 274 719 rit-52
291 652 371 709 Quae
412 663 526 715 aegri
548 663 703 702 damno
725 662 899 702 sistitur.
968 662 1074 715 [53]
1113 662 1283 701 Adultis
1306 676 1400 702 vero
1424 663 1665 715 paregorica
1686 663 1866 704 medica-

207 714 354 784 ζξῖἷῇᾞῗη
411 737 566 781 menta,
605 732 639 771 si
668 732 910 784 frequenter
946 736 1216 782 usurpentur,
1252 730 1356 770 haec
1391 730 1587 770 adferunt
1623 731 1866 772 commoda:

207 798 391 827 commoda:
410 799 557 851 primo,
577 812 772 838 somnum
789 797 1002 837 moderate
1019 797 1292 846 conciliando,
1311 797 1482 837 efferam
1502 797 1628 838 nimis
1650 799 1868 852 sanguinis

411 865 703 905 ebullitionem
735 878 782 904 ac
812 863 987 916 proinde
1017 864 1246 916 phrenesin
1280 864 1478 904 cohibent
1508 871 1842 919 praecaventque
1854 883 1866 916 3

411 936 521 984 (lein,
545 934 596 974 ab
629 949 775 975 eorum
806 948 885 972 11811
918 932 1039 973 faciei
1072 937 1113 973 et
1144 947 1350 973 manuum
1380 933 1718 984 intumescentia,
1741 949 1867 988 quam

409 1002 622 1053 insignem
645 1001 691 1041 in
718 1001 798 1040 hoe
825 1000 972 1039 morbo
993 1000 1163 1040 Natura
1190 1000 1317 1040 habet
1351 1002 1680 1052 evacuationem,
1711 1003 1867 1043 rectius

410 1071 614 1125 procedit.
676 1069 936 1118 Quinetiam,
959 1068 1084 1120 (quod
1106 1081 1193 1107 non
1213 1081 1363 1120 parum
1383 1068 1482 1108 facit
1504 1069 1557 1108 ad
1578 1069 1693 1121 aegri
1714 1070 1867 1110 securi-

408 1144 554 1188 tatem,
578 1151 675 1178 cum
695 1151 783 1177 non
803 1150 896 1176 raro
920 1136 1036 1189 justo
1057 1135 1180 1175 citius
1203 1135 1461 1176 detumescat
1483 1135 1608 1176 facies
1629 1151 1726 1177 cum
1746 1136 1867 1177 malis

410 1209 525 1261 aegri
563 1207 718 1259 rebus,)
761 1212 904 1245 tumor
943 1203 1252 1244 narcoticorum
1293 1218 1370 1256 ope
1411 1204 1464 1244 ad
1505 1204 1695 1244 dcbitmn
1734 1219 1868 1258 usque

409 1276 601 1316 Naturae
628 1274 861 1314 terminum
884 1272 1124 1312 suffulcitur
1149 1276 1191 1311 et
1215 1271 1478 1324 protrahitm·
1490 1289 1501 1321 3
1533 1272 1728 1325 mitigato
1753 1273 1868 1312 enim

410 1343 626 1396 sanguinis
672 1342 846 1391 fervore,
882 1339 990 1380 radii
1030 1339 1282 1379 inflammati
1327 1346 1562 1392 opportune
1608 1340 1662 1380 ad
1701 1354 1867 1390 manus,

409 1411 572 1460 faciem,
596 1415 721 1463 atque
747 1423 917 1449 omnem
943 1408 1126 1460 eorporis
1149 1407 1413 1459 superficiem
1438 1421 1513 1460 pro
1535 1407 1672 1448 morbi
1696 1408 1868 1462 ingenio

409 1480 618 1519 feruntin‘.
680 1477 951 1531 Ptyalismus,
975 1475 1170 1528 denique,
1192 1475 1308 1515 hisce
1328 1481 1598 1528 propagatur,
1617 1477 1690 1529 qui
1709 1477 1808 1517 licet
1828 1477 1869 1517 vi

409 1546 709 1587 medicamenti
734 1546 794 1585 ita
817 1544 983 1585 fortiter
1007 1543 1279 1583 incrassantis
1302 1543 1354 1583 ad
1379 1544 1501 1583 horas
1523 1544 1683 1597 aliquot
1706 1545 1870 1585 sistitur

410 1615 455 1654 in
478 1614 745 1667 quibusdam,
768 1627 865 1653 mox
886 1618 1043 1661 tamen,
1061 1618 1185 1652 aucto
1206 1612 1323 1651 110118
1344 1612 1459 1653 111800
1482 1613 1684 1665 suppetiis
1705 1613 1867 1663 robore,

409 1683 592 1735 insmgit
624 1682 764 1722 denuo
799 1681 980 1730 Natma,
1013 1685 1054 1720 et
1091 1685 1288 1733 coeptum
1328 1694 1432 1733 opus
1472 1681 1651 1721 feliciter
1690 1680 1867 1734 peragit.

411 1750 659 1792 Quinetiam
688 1748 965 1789 animadverti
995 1747 1296 1796 salivationem,
1321 1761 1427 1800 quae
1455 1747 1565 1788 circa
1592 1748 1705 1788 diem
1735 1748 1868 1788 unde-

409 1818 580 1867 cimum,
611 1816 837 1870 aliquando
873 1815 1001 1855 etiam
1034 1815 1171 1865 eitius,
1201 1828 1298 1855 cum
1334 1815 1500 1867 ingenti
1535 1815 1650 1868 aegri
1682 1816 1869 1868 periculo

408 1886 544 1925 minui
577 1885 694 1934 solet,
725 1884 922 1925 exhibitis
953 1884 1047 1936 plus
1079 1883 1209 1923 semel
1237 1883 1491 1936 paregoricis
1523 1883 1574 1923 de
1605 1898 1712 1924 novo
1739 1884 1869 1924 fuisse

409 1953 754 2005 redintegratam,
769 1966 847 1991 nec
864 1956 963 1991 ante
981 1951 1093 1991 diem
1110 1950 1321 1990 decimum
1339 1956 1551 2004 quartum,
1569 1951 1725 1992 alieubi
1740 1952 1869 1993 etiam

204 2030 275 2065 post
291 2025 355 2064 ple·
410 2025 451 2060 et
472 2026 565 2073 post
587 2020 721 2070 illum,
745 2019 929 2059 desiisse.
985 2018 1169 2071 Propino
1191 2032 1269 2071 ego
1290 2023 1338 2058 ut
1358 2019 1591 2072 phuimum
1611 2020 1677 2060 vel
1696 2020 1870 2060 laudaui

206 2078 280 2097 ”³¹¹³
292 2079 380 2108 ΜΨ
408 2088 558 2141 liquidi
575 2093 717 2140 guttas
735 2086 1054 2141 quatuordecim
1069 2092 1141 2126 aut
1159 2086 1342 2136 circiter,
1368 2087 1434 2126 vel
1451 2087 1594 2141 syrupi
1611 2087 1663 2128 de
1678 2088 1870 2129 meconio

206 2111 323 2140 tionem
338 2111 377 2140 ad

205 2154 304 2183 ¹¹¹01'bi
322 2164 372 2183 ΗΞ·
409 2157 579 2197 uneiam
600 2162 755 2196 11110111ὃ
775 2155 820 2195 111
842 2169 951 2208 aqua
971 2155 1123 2195 florum
1144 2154 1396 2208 paralyseos,
1414 2155 1479 2195 vel
1500 2155 1626 2195 simili
1648 2156 1868 2208 stillantia,

205 2196 390 2268 11111ῗὲ18ιῖ11
410 2225 614 2265 solutam:
648 2238 755 2277 quae
785 2223 819 2263 si
850 2222 1005 2263 adultis
1033 2228 1127 2276 post
1155 2222 1325 2276 plenam
1356 2223 1623 2276 eruptionem
1651 2223 1705 2263 ad
1732 2224 1870 2265 morbi

205 2280 356 2354 {53¹3}
409 2306 542 2345 usque
564 2293 694 2332 finem
716 2291 894 2344 singulis
915 2290 1112 2331 noctibus
1139 2290 1433 2343 propinentiu',
1456 2304 1543 2330 non
1564 2290 1689 2331 modo
1710 2291 1869 2332 incom-

409 2360 523 2400 modi
563 2360 683 2410 nihil,
717 2360 790 2400 sed
831 2364 872 2399 et
913 2373 1118 2411 magnum
1157 2358 1257 2397 inde
1305 2358 1641 2398 emolumentum
1687 2360 1867 2413 capient,

207 2458 267 2486 qua
283 2447 361 2477 hora
411 2427 522 2480 quod
549 2428 761 2481 frequenti
790 2426 1049 2480 experientia
1071 2425 1210 2465 didici.
1259 2425 1443 2478 Expedit
1471 2440 1568 2466 vero
1593 2427 1655 2479 (ut
1685 2428 1864 2480 censeo,)

206 2490 327 2529 potissi·
344 2542 350 2547 ‚
410 2495 534 2548 paulo
550 2495 782 2548 temporius
805 2509 931 2548 quam
949 2494 1070 2534 aliter
1090 2493 1181 2533 fieri
1199 2493 1316 2543 solet,
1334 2494 1628 2546 paregoricimi
1645 2494 1842 2535 exhibere
1854 2511 1867 2544 ς

207 2542 364 2604 1111131(ιῖ
410 2563 530 2602 facile
567 2563 681 2603 enim
712 2563 936 2603 observatu
967 2567 1029 2602 est
1065 2561 1110 2601 in
1141 2561 1323 2601 Variolis
1358 2561 1528 2614 pessimi
1560 2563 1689 2602 moris
1720 2562 1869 2602 caloris

208 2623 291 2647 sunt.
414 2631 476 2682 (ut
507 2630 568 2670 ita
603 2630 768 2683 dicam,)
798 2643 1093 2683 parooeysmum
1122 2629 1283 2682 vesperi
1319 2629 1568 2682 plerumque
1598 2644 1773 2682 aegrum
1802 2630 1866 2670 in-

411 2697 670 2749 quietudine,
703 2698 929 2748 anxietate,
958 2697 1133 2750 aliisque
1165 2696 1458 2750 symptomatis
1488 2696 1714 2746 lacessere,
1747 2711 1866 2750 quae,

409 2765 442 2803 si
478 2766 768 2818 paregorieum
808 2767 912 2806 hora
951 2772 1073 2805 sexta
1113 2765 1341 2818 septimave
1381 2765 1619 2818 vespertina
1659 2771 1864 2816 sumatur,

408 2832 674 2885 aliquatenus
696 2834 933 2886 praecaveri
954 2834 1129 2887 possint.

537 2920 546 2932 ⁷
572 2916 682 2955 minus]
704 2920 782 2947 nullo
798 2918 846 2947 cd.
865 2918 925 2948 76.
1378 2924 1390 2938 ὃ
1414 2917 1466 2956 §ij
1483 2923 1534 2946 rm!
1551 2918 1590 2957 {j
1607 2917 1653 2947 ed.
1674 2917 1734 2949 ’76-
