1985 3308
280 184 800 227 OBSERVATIONUM
833 184 1209 224 MEDICARUM
1243 189 1324 222 I.—1.
1491 187 1544 224 45

155 293 262 346 [15.]
304 291 442 345 Siquis
474 295 616 332 autem
650 295 836 345 quaerat,
870 304 952 344 quo
979 295 1168 344 tempore
1201 290 1346 330 Febris
1371 291 1547 331 vomito·
1596 305 1724 336 Ffflnus

88 361 200 400 rium
226 360 414 401 exhiberi
434 360 559 400 velim
573 377 584 410 ;
617 359 722 409 dico,
751 360 797 399 in
824 360 915 413 ipso
936 359 1061 413 plane
1084 358 1229 399 Febris
1257 358 1394 408 initio,
1419 358 1545 411 siqui·
1566 348 1748 421 ΣΝΟΝΝΟΤΞΞᾺ

87 428 184 468 dem
205 428 320 481 optio
342 427 525 478 daretur,
549 428 776 468 emeticum
797 427 1088 480 propinarem:
1120 426 1182 467 ita
1203 426 1317 466 enim
1330 426 1402 466 fiet
1423 430 1472 465 ut
1494 425 1545 466 ab
1565 433 1724 482 *pl-¹64.

87 496 308 536 horrendis
343 496 424 535 illis
466 495 833 550 symptomatibus,
876 509 926 535 ex
965 495 1195 535 humorum
1234 494 1280 534 in
1312 494 1546 534 ventriculo
1565 491 1751 563 ffffigirffim

86 564 270 617 locisque
315 563 462 603 vicinis
514 563 853 604 delitescentium
901 563 1044 602 illuvie
1095 567 1237 603 ortum
1278 562 1545 612 ducentibus,
1564 576 1654 605 initio
1673 586 1745 615 pro-

88 645 261 684 aegrum
281 631 637 684 praemuniamus.
691 629 828 671 Immo
849 644 947 671 vero
973 635 1014 671 et
1043 630 1219 670 fortasse
1240 629 1286 669 in
1306 629 1406 683 ipsis
1428 629 1547 682 quasi
1564 619 1754 659 P³¹¹³¹¹du¹²¹’

86 699 355 740 incunabulis
377 700 662 753 opprimamus
684 699 893 749 morbum,
917 699 990 752 qui
1017 699 1118 739 alias
1139 712 1236 738 cum
1258 698 1419 750 aegroti
1439 696 1547 751 peri-

87 767 182 808 culo
204 767 465 820 grandescet,
483 781 530 807 ac
546 768 774 821 longaexns
796 767 967 816 evadet,
989 766 1178 807 nutritus
1198 765 1402 806 nimirum
1425 765 1547 805 dictis

87 834 170 874 illis
192 834 455 885 humoribus,
479 835 551 888 qui
581 836 645 875 vel
672 835 913 876 substantia
940 850 1016 875 sua
1042 835 1087 875 in
1114 834 1342 888 penitiores
1364 833 1547 887 corporis

87 906 227 956 partes
255 903 491 943 transmissi
513 917 611 943 cum
638 903 857 956 sanguinis
882 917 1021 943 massa
1049 903 1389 952 commiscentur,
1412 902 1477 942 vel
1497 916 1548 942 ex

87 970 179 1023 ipsa
199 984 317 1011 mora
341 971 503 1024 pejores
523 970 637 1021 facti,
654 976 780 1024 atque
796 976 1005 1011 venenata
1029 971 1235 1024 pravitate
1255 969 1482 1023 inquinati,
1497 983 1548 1010 ex

83 1038 176 1079 foco
198 1052 273 1079 suo
290 1038 451 1092 jugiter
463 1039 779 1092 pertranseunti
797 1039 996 1093 sanguini
1017 1039 1249 1092 malignam
1265 1052 1412 1078 auram
1433 1038 1546 1078 affla-

86 1106 210 1147 bunt.
275 1106 418 1160 Hujus
468 1107 528 1147 rei
574 1108 642 1159 (ne
682 1108 850 1160 longius
892 1107 1121 1160 abeamus,)
1166 1107 1335 1148 cholera
1374 1106 1547 1147 morbus

87 1175 327 1228 exemplum
348 1175 470 1215 nobis
492 1175 661 1216 exhibet
675 1193 686 1226 3
719 1177 766 1216 fit
795 1176 909 1216 enim
931 1176 1158 1229 aliquando
1182 1180 1231 1216 ut
1253 1174 1550 1228 intempestiva

86 1256 212 1296 opera
231 1243 438 1284 vomitum
466 1244 511 1283 in
532 1244 604 1284 illo
624 1244 773 1284 morbo
800 1244 994 1284 cohibere
1026 1248 1281 1297 satagentes,
1312 1244 1411 1297 (sive
1441 1243 1548 1284 illud

88 1310 295 1351 Laud-ano
316 1311 403 1361 fiat,
422 1311 506 1351 sive
523 1311 889 1364 adstringentibus
910 1311 1259 1364 medicamentis,)
1278 1325 1326 1352 eo
1347 1311 1546 1361 cohibito,

87 1392 174 1419 non
204 1378 346 1418 minus
376 1379 655 1432 periculosam
684 1379 894 1419 malorum
930 1384 1141 1419 catervam
1173 1378 1389 1419 invehant.
1452 1379 1545 1418 Hu-
1565 1389 1713 1429 (Pericu-

86 1459 223 1486 mores
245 1446 359 1486 enim
381 1460 494 1487 acres
516 1447 799 1500 corruptique,
828 1461 1008 1500 quorum
1034 1446 1319 1487 exclusionem
1339 1446 1547 1500 tantisper
1562 1433 1657 1463 1um2
1671 1444 1753 1464 avo-

1564 1476 1697 1506 mitione

86 1513 330 1567 permittere
351 1519 595 1568 oportuerat
615 1520 665 1555 ut
682 1515 783 1556 satis
806 1520 1123 1565 evacuarentur,
1145 1515 1226 1555 hoc
1246 1518 1370 1568 pacto
1390 1514 1547 1568 repulsi
1565 1519 1713 1554 cohibita,

86 1582 193 1622 vires
225 1596 320 1623 suas
362 1597 409 1623 ae
450 1583 667 1624 saevitiam
705 1583 752 1623 in
793 1583 1001 1637 sanguine
1042 1587 1251 1634 exercent,
1283 1582 1546 1637 Febremque
1565 1567 1734 1644 Ξῗῖξξῗοη

87 1649 338 1701 accendunt,
376 1665 495 1704 quae,
529 1656 579 1692 ut
619 1652 721 1692 mali
760 1652 888 1692 moris
930 1655 973 1692 et
1015 1651 1211 1704 gravibus
1253 1651 1548 1705 symptomatis
1567 1647 1716 1729 pgpiua-

87 1717 244 1771 stipata
264 1733 353 1759 esse
375 1719 493 1769 solet,
515 1719 576 1760 ita
605 1719 689 1759 nisi
718 1719 942 1773 propinato
974 1719 1152 1760 emetico
1178 1719 1271 1760 tolli
1290 1719 1359 1759 xix
1378 1718 1548 1773 poterit,
1601 1713 1607 1720 ’

87 1787 216 1827 etiam
238 1801 363 1841 aegro
380 1788 470 1842 jam
491 1803 546 1828 ne
569 1788 740 1842 quidem
761 1788 1073 1829 vomituriente.

154 1854 261 1908 [16.]
302 1855 428 1897 Quod
463 1856 497 1896 si
532 1856 655 1897 nobis
693 1856 756 1910 (ut
793 1870 915 1909 saepe
955 1856 1033 1910 fit,)
1073 1870 1165 1896 sero
1206 1855 1417 1896 accersitis
1460 1869 1548 1896 non
1567 1867 1746 1915 velqizovis

87 1921 254 1963 licuerit
295 1924 523 1964 emeticum
562 1924 827 1978 propinando
868 1938 1092 1977 aegrorum
1133 1924 1261 1964 saluti
1292 1923 1369 1964 sub
1402 1923 1548 1964 Febris
1566 1910 1755 1992 ἓᾏῖιέζῐῖο

87 1990 261 2030 initium
293 1991 525 2041 consulere,
558 1997 671 2032 certe
701 1997 846 2033 tamen
883 1992 1106 2033 convenire
1138 1991 1466 2032 existimaverim
1500 1996 1549 2031 ut
1568 1995 1650 2025 vires
1665 1996 1711 2026 fe-

91 2057 235 2110 quou's
256 2057 393 2097 morbi
413 2063 603 2111 tempore
625 2059 731 2099 illud
757 2060 844 2110 fiat,
866 2060 992 2100 modo
1013 2059 1120 2100 vires
1142 2073 1191 2100 eo
1212 2073 1346 2113 usque
1376 2058 1550 2100 morbus
1567 2044 1648 2069 rant.

89 2139 178 2165 non
206 2125 414 2166 attriverit
445 2131 493 2166 ut
521 2127 688 2167 emetici
718 2127 803 2167 vim
829 2128 938 2168 ferre
964 2128 1054 2181 jam
1083 2128 1263 2181 amplius
1295 2132 1549 2180 nequeanta.

90 2193 300 2246 Equidem
331 2207 409 2246 ego
441 2193 507 2234 die
539 2194 684 2234 Febris
716 2195 965 2236 duodecimo
993 2195 1202 2235 vomitum
1226 2195 1433 2248 imperare
1463 2208 1551 2235 non

90 2261 292 2312 dubitavi,
330 2262 459 2302 etiam
494 2276 591 2302 cum
623 2276 745 2315 aeger
771 2263 1018 2303 vomiturire
1051 2262 1256 2313 desiisset,
1288 2276 1427 2315 neque
1460 2262 1551 2303 sine

89 2328 256 2379 fructu3
288 2342 338 2370 eo
369 2343 552 2383 namque
584 2329 852 2371 diarrhoeam
886 2330 1050 2380 sustuli,
1084 2343 1190 2383 quae
1222 2329 1475 2382 sanguinem
1504 2329 1551 2370 in

89 2397 331 2450 peragenda
370 2397 691 2451 despumatione
738 2397 980 2452 impedivit:
1031 2397 1134 2451 quin
1174 2402 1217 2438 et
1258 2397 1390 2438 serius
1436 2397 1550 2438 idem

89 2464 226 2505 facere
257 2465 433 2506 minime
465 2465 717 2517 dubitarem,
749 2466 832 2506 nisi
856 2466 1009 2506 virium
1042 2465 1285 2506 attritarum
1315 2464 1424 2506 ratio
1455 2479 1550 2519 pro-

90 2532 268 2574 hiberet.

155 2599 262 2654 [17.]
300 2600 491 2654 Vesperi,
526 2601 737 2642 celebrata
762 2602 853 2655 jam
881 2601 1123 2650 vomitione,
1146 2613 1310 2653 semper
1336 2599 1443 2640 illud
1470 2613 1549 2653 ago
1568 2611 1741 2660 IJosteme-

91 2672 139 2708 ut
160 2669 396 2709 tumultum
418 2669 470 2710 ab
499 2670 676 2710 emetico
696 2670 742 2710 in
763 2669 1012 2710 humoribus
1041 2668 1271 2709 excitatum
1293 2668 1548 2721 consopiam,
1566 2659 1667 2686 neum

1567 2697 1702 2729 haustus

91 2740 134 2777 et
165 2735 350 2789 quietem
386 2737 631 2787 conciliem;
663 2737 842 2791 ideoque
874 2737 951 2778 sub
983 2741 1152 2777 noctem
1183 2736 1248 2777 vel
1277 2736 1382 2777 hora
1411 2736 1549 2778 somni
1567 2742 1727 2781 paregori-

90 2803 381 2857 paregoricum
417 2805 658 2859 quempiam
692 2805 894 2846 haustum
929 2804 1125 2846 exhibere
1157 2803 1299 2858 jubeo.
1355 2804 1550 2859 Exempli
1567 2784 1735 2857 ξὲῐῗὶἒῗξῗ(

92 2872 229 2923 gratia
245 2889 314 2913 :——-
1567 2869 1732 2901 hibendus.

265 2955 279 2968 ²
306 2959 474 2989 Periculum
493 2958 562 2999 Sur]
579 2969 639 2988 om.
658 2959 703 2989 ed.
724 2960 784 2989 ¹7⁴5.
1106 2964 1116 2976 '¹
1142 2959 1190 2988 Cf.
1209 2959 1262 2989 ins.
1282 2961 1296 2997 §
1315 2960 1364 2989 51.
