1985 3308
439 117 761 161 SCHEDULA
793 117 1143 158 MONITORIA
1175 117 1236 156 ΙΙ.
1483 120 1563 158 515

107 223 173 264 his
199 223 468 265 Variolarum
489 224 716 278 generibus
737 223 914 277 periculi
935 227 1107 276 aegroto
1130 223 1430 276 impendentis,
1453 225 1563 277 quod
1586 235 1638 264 Dr.
1653 235 1768 266 Fanur.

109 289 267 331 scilicet
299 291 345 330 in
378 304 532 343 genere
565 291 773 340 Discreto,
810 304 906 331 cum
941 290 1237 343 phlegmonae,
1260 289 1344 330 sive
1374 295 1562 330 tumores
1596 278 1755 351 ¹²¹',}¹(‘,J¹''¹

105 369 203 396 cum
224 357 570 408 inflammatione,
596 358 847 412 (cujusmodi
869 362 968 398 sunt
989 357 1185 410 pustulae
1206 371 1353 397 omnes
1373 358 1448 398 ubi
1477 359 1561 411 pri-
1582 366 1648 369 *⁷

104 437 224 463 mum
259 425 505 477 elevantur,)
543 425 758 478 pauciores
793 425 1031 474 extiterint,
1059 438 1107 465 ac
1146 424 1322 478 proinde
1357 438 1445 464 non
1479 426 1560 465 nisi

104 490 256 543 exigua
284 492 399 545 puris
430 493 643 545 quantitas
672 493 718 533 in
749 492 1000 545 sanguinem
1029 506 1104 545 per
1133 492 1416 532 circulationis
1447 492 1560 545 leges

103 556 212 597 foret
242 558 486 611 regerenda,
512 558 585 598 ubi
615 559 711 599 illae
737 559 826 611 jam
858 559 1072 612 coeperint
1101 563 1392 610 maturescere,
1416 560 1558 600 nullus

103 637 154 663 ex
188 623 267 663 hac
302 629 421 676 parte
455 630 596 665 metus
632 630 695 665 est
730 639 784 665 ne
819 626 945 666 febris
977 626 1156 666 nimium
1190 627 1408 680 insurgat;
1459 642 1555 668 cum

102 693 273 734 Natura
298 693 643 747 impressionibus
671 695 715 735 in
747 695 997 748 sanguinem
1027 696 1149 736 factis
1177 710 1202 736 a
1227 697 1396 737 tantillo
1426 698 1555 750 puris,

103 760 348 802 cohibendis
383 762 504 802 facile
535 776 611 815 par
643 762 709 802 sit.
783 762 891 802 Cum
926 777 1023 804 vero
1062 764 1108 803 in
1141 778 1295 817 genere
1328 765 1554 806 Confluen-

103 826 223 877 tium,
255 827 330 867 ubi
360 841 509 881 corpus
539 828 626 869 fere
656 828 900 869 universum
930 830 995 870 his
1026 831 1291 884 phlegmonis
1321 833 1556 886 protegitur

105 908 212 947 quae
251 896 522 948 postmodum
566 896 613 936 in
648 896 905 938 abscessulos
951 899 1131 938 totidem
1167 899 1392 950 facessunt,
1433 905 1556 941 tanta

99 962 216 1016 puris
240 962 301 1002 vis
332 963 478 1003 diebus
508 964 707 1016 praefatis
739 964 798 1016 (in
829 965 981 1018 quibus
1011 967 1218 1019 pustulae,
1241 967 1345 1007 (luce
1372 968 1554 1018 Natma,

99 1027 237 1081 ἀκμήν
256 1044 387 1080 suam,
404 1031 470 1071 vel
485 1031 673 1071 debitam
692 1032 996 1083 maturitatem,
1013 1038 1061 1073 ut
1077 1034 1306 1087 plurimum
1327 1035 1552 1087 obtinent,)

98 1110 174 1150 per
193 1111 320 1138 venas
350 1098 395 1138 in
426 1099 678 1152 sanguinem
706 1100 924 1140 reducitur
936 1118 947 1150 3
978 1106 1101 1142 tanta
1123 1102 1227 1142 item
1248 1102 1457 1142 halituum
1478 1117 1554 1156 pu-

98 1164 307 1205 tridorum
327 1166 446 1219 copia
475 1167 527 1207 ab
559 1167 675 1207 omni
704 1168 900 1221 corporiS,
917 1169 1006 1221 jam
1035 1169 1151 1222 quasi
1180 1171 1412 1223 suppurati,
1434 1170 1555 1209 undi-

100 1246 180 1286 que
211 1234 428 1286 superficie
457 1235 502 1274 in
527 1235 777 1288 sanguinem
809 1236 1011 1290 subrepit,
1033 1242 1081 1277 ut
1111 1237 1239 1278 febris
1261 1252 1311 1278 ex
1340 1239 1419 1278 hae
1440 1252 1556 1278 occa-

100 1300 218 1341 sione
249 1301 430 1342 excitata
459 1302 652 1343 Naturae
686 1303 793 1344 vires
827 1305 998 1357 penitus
1030 1310 1294 1357 prosternat:
1339 1310 1466 1358 atque
1497 1305 1558 1345 ita

99 1368 364 1421 extinguitur
392 1370 567 1411 tandem
597 1385 734 1424 aeger,
755 1372 910 1424 partim
943 1386 967 1412 a
995 1372 1126 1422 febre,
1156 1373 1312 1425 partim
1341 1387 1366 1413 a
1394 1387 1557 1413 veneno

101 1436 214 1489 quod
235 1437 452 1490 sanguinis
472 1452 656 1478 massam
682 1438 897 1488 infecerat,
914 1439 1148 1492 jugulatus.
1216 1439 1296 1493 [6.]
1336 1439 1556 1493 Quaprop-

101 1508 179 1553 ter,
198 1505 365 1557 quando
386 1505 501 1558 aegri
520 1506 788 1546 incolumitas
808 1520 942 1560 usque
959 1506 1063 1547 adeo
1085 1521 1109 1546 a
1124 1507 1394 1547 Variolarum
1415 1507 1555 1560 pauci·
1580 1517 1759 1547 Rationalis

99 1575 201 1622 tate,
222 1572 458 1626 periculum
477 1587 575 1614 vero
602 1587 625 1614 6
653 1578 801 1614 contra
827 1574 880 1614 ab
911 1574 1141 1614 earundem
1168 1574 1343 1614 auctiori
1363 1589 1555 1624 numero,
1578 1561 1761 1633 ζζῖξὲὲᾞᾙζζ

99 1639 294 1693 pendeat,
323 1640 453 1681 dictat
485 1641 623 1692 Ratio,
644 1641 709 1682 vel
739 1642 868 1682 etiam
899 1655 1046 1682 sensus
1077 1641 1273 1682 omnibus
1304 1643 1555 1693 communis,

99 1707 224 1761 periti
240 1708 400 1749 Medici
421 1722 522 1759 esse,
540 1709 600 1749 ita
618 1723 710 1750 non
730 1709 952 1749 materiam
968 1708 1233 1749 Variolosam
1255 1709 1332 1749 sub
1353 1709 1560 1763 principio

97 1775 237 1816 morbi
265 1776 471 1829 regimine
501 1782 544 1817 et
576 1777 776 1817 cardiacis
811 1776 1065 1817 calidoribus
1094 1777 1368 1817 vehementer
1396 1777 1559 1830 propel-

99 1843 199 1893 lere,
226 1844 354 1895 (unde
379 1845 513 1884 nimia
541 1846 590 1885 fit
621 1844 866 1885 assimilatio
896 1844 1096 1884 materiae
1116 1844 1357 1884 morbificae
1387 1845 1433 1884 in
1464 1859 1558 1885 san-

99 1911 228 1964 guine
249 1917 487 1962 contentae,
503 1917 677 1965 totaque
698 1912 881 1965 corporis
903 1911 1141 1952 substantia
1162 1911 1280 1964 quasi
1300 1912 1345 1951 in
1365 1912 1558 1952 fomitem

98 1979 236 2020 morbi
256 1979 452 2032 facessit,)
476 1985 525 2020 ut
552 1993 723 2020 omnem
742 1980 881 2032 potius
911 1993 1082 2032 operam
1112 1979 1158 2018 in
1177 1978 1445 2031 reprimenda
1468 1985 1557 2020 tam

100 2047 263 2087 enormi
299 2052 341 2088 et
378 2048 522 2088 subtili
561 2048 895 2088 inflammatione
935 2047 1137 2088 collocare
1178 2047 1353 2097 debeat3
1405 2062 1558 2101 nempe

102 2113 253 2155 educto
275 2119 375 2156 ante
396 2115 539 2155 omnia
559 2129 582 2155 6
603 2115 764 2155 brachii
785 2115 899 2155 venis
927 2114 1145 2167 sanguine,
1169 2114 1203 2154 si
1223 2115 1289 2155 vel
1308 2115 1408 2155 levis
1429 2115 1557 2155 fuerit

100 2183 281 2236 suspicio
306 2183 405 2236 (sive
427 2198 451 2223 a
470 2183 646 2223 florente
675 2181 789 2235 aegri
815 2186 966 2232 aetate,
989 2181 1073 2222 sive
1101 2195 1152 2222 ex
1179 2195 1227 2222 eo
1253 2182 1366 2235 quod
1387 2183 1556 2235 sangui-

99 2265 200 2292 nem
220 2250 454 2304 liquoribus
480 2250 691 2303 generosis
712 2249 964 2299 accenderit,
986 2249 1070 2289 sive
1092 2249 1203 2302 quod
1223 2249 1556 2290 vehementiores

100 2319 264 2360 dolores
284 2319 329 2359 in
350 2319 490 2372 aliqua
510 2318 692 2371 corporis
719 2322 838 2371 parte
859 2317 986 2357 fuerit
1013 2331 1247 2370 perpessus,
1270 2316 1354 2356 sive
1376 2317 1556 2370 denique

100 2386 153 2427 ab
174 2386 351 2426 immani
370 2385 626 2438 vomitione)
646 2385 839 2425 Variolas
855 2384 1032 2438 jamjam
1053 2384 1236 2424 exitiu'as
1258 2383 1311 2423 ad
1328 2384 1555 2424 Confluen-

98 2454 208 2495 tium
237 2453 417 2507 speeiem
443 2453 708 2503 referendas,
739 2457 886 2506 postea
915 2466 1012 2492 vero
1041 2452 1264 2505 propinato
1294 2452 1472 2492 emetico
1503 2452 1557 2492 ad

98 2522 281 2563 eundem
311 2535 484 2575 scopum
513 2520 756 2561 collimabit.
817 2520 927 2560 Cum
954 2534 1051 2560 vero
1081 2519 1189 2559 nihil
1219 2533 1350 2572 aeque
1382 2534 1557 2572 aegrum

98 2589 403 2643 percalefaciat,
420 2602 499 2629 nec
519 2588 695 2642 proinde
715 2588 841 2628 nimis
862 2587 1075 2641 copiosam
1095 2587 1296 2627 materiae
1313 2587 1557 2628 Variolosae

100 2658 444 2698 assimilationem
477 2671 607 2710 aeque
637 2662 893 2710 promoveat,
927 2662 1053 2709 atque
1085 2655 1200 2708 aegri
1225 2655 1341 2708 jugis
1373 2655 1418 2694 in
1448 2655 1558 2695 lecto

100 2725 346 2775 decubitus3
383 2739 460 2778 ego
496 2725 615 2765 illum
647 2725 698 2765 ab
729 2739 810 2765 usu
845 2724 989 2764 lectuli
1020 2723 1204 2763 interdiu
1238 2736 1403 2775 semper
1438 2736 1558 2762 arceo

99 2807 233 2847 usque
255 2793 309 2834 ad
329 2798 490 2833 sextam
512 2792 623 2832 diem
644 2807 669 2833 a
688 2793 824 2846 prima
844 2791 981 2832 morbi
1003 2791 1230 2840 invasione,
1255 2790 1338 2830 sive
1361 2790 1412 2830 ab
1435 2804 1557 2844 erup-

98 2861 216 2902 tione
250 2861 518 2914 pustularum
553 2865 760 2914 quartam,
793 2874 876 2913 quo
905 2864 1095 2912 tempore
1128 2872 1254 2899 omne
1290 2858 1557 2911 pustularum
