1985 3308
177 491 283 521 Morbi
295 491 348 522 de-

177 535 315 574 scriptio.

176 821 349 851 CURATIO.

178 1278 286 1308 Morbi
301 1277 354 1306 de-

176 1321 318 1361 scriptio.

179 1542 351 1572 CURATIO.

381 122 467 161 594
784 121 1041 164 THOMAE
1075 119 1415 163 SYDENHAM

900 295 1026 335 CAP.
1059 292 1318 334 XXXVILn

976 384 1040 424 De
1060 383 1246 423 Diabete.

441 474 577 514 Socer
600 473 799 526 sanguini
827 472 936 512 illati
964 485 1040 525 per
1059 472 1146 512 vias
1166 470 1376 511 urinarias
1397 468 1518 510 crudi
1538 471 1581 508 et
1600 465 1840 507 inconcocti

380 541 541 582 exitum
563 541 641 581 sibi
664 544 875 593 quaerunt
887 557 899 590 3
931 540 1046 580 unde
1072 539 1230 580 sensim
1252 537 1565 578 labefactantur
1584 534 1703 584 vires,
1726 532 1840 574 colli-

380 609 541 662 quescit
577 621 741 660 corpus,
777 612 819 647 et
856 607 976 660 quasi
1009 606 1249 647 substantia
1281 605 1371 658 ejus
1406 617 1481 657 per
1511 603 1623 643 hanc
1655 601 1842 642 cloacam

379 674 634 724 exinanitur,
656 688 754 714 cum
776 674 857 729 siti,
881 674 1030 714 ardore
1051 674 1270 723 viscerum,
1291 671 1537 712 lumborum
1558 679 1842 721 coxarumque

378 744 720 794 intumescentia,
744 748 786 784 et
808 744 960 784 salivae
981 757 1203 797 spumosae
1224 742 1468 796 expuitione
1489 739 1649 781 crebra.

437 811 600 851 Eadem
635 811 961 864 praescribenda
991 815 1092 851 sunt
1126 824 1234 864 quae
1263 810 1310 850 in
1341 810 1474 850 fluore
1510 807 1644 856 alb00,
1676 802 1841 845 omissis

380 878 645 920 solummodo
665 879 1005 920 venae-sectione
1027 884 1069 920 et
1090 878 1289 920 catharsi.

901 1063 1027 1103 CAP.
1060 1062 1320 1103 XXXVIII.

789 1171 854 1210 De
874 1171 1027 1210 Dolore
1046 1170 1431 1210 Haemorrho'idum.

437 1259 788 1300 INTENSISSIMUS
804 1259 919 1300 inter
935 1260 1250 1301 excernendum
1267 1259 1386 1300 dolor
1402 1259 1628 1310 excruciat,
1646 1263 1689 1300 et
1705 1273 1843 1300 excre—
1892 1303 1894 1305 ,

379 1327 516 1367 menti
537 1327 778 1380 superficies
798 1341 946 1368 cruore
972 1328 1290 1382 conspergitur:
1322 1342 1635 1381 nonnunquam
1655 1331 1843 1369 tumores

378 1395 560 1436 verrucis
592 1395 748 1436 similes
768 1395 814 1435 in
836 1395 1077 1449 sphinctere
1099 1395 1366 1446 delitescunt,
1388 1395 1455 1436 vel
1480 1394 1527 1435 in
1551 1394 1745 1448 margine
1773 1394 1845 1435 ani

381 1466 598 1516 apparent.

438 1530 645 1570 Mittatur
666 1530 838 1583 sanguis
860 1544 882 1570 e
902 1530 1075 1570 brachio
1097 1530 1245 1570 dextro
1266 1530 1320 1570 ad
1340 1530 1488 1570 uncias
1508 1529 1667 1570 decem.

390 1619 522 1660 [Form.
540 1621 663 1664 233.]1³
686 1617 727 1662 R
757 1617 938 1652 Seminum
957 1618 1153 1658 Melonum‚

709 1666 712 1668 ¹
757 1676 976 1719 [Seminum]
998 1675 1192 1720 Peponum,
1209 1686 1277 1709 ana
1294 1676 1534 1716 semiunciam,

757 1731 939 1765 Seminum
957 1731 1145 1776 Papaveris
1163 1732 1242 1765 Albi
1260 1732 1442 1766 drachmas
1461 1732 1559 1773 duas,

755 1788 971 1833 Amygdalas
988 1789 1120 1823 Dulces
1136 1791 1368 1824 excorticatas
1385 1791 1560 1835 quinque;

568 1844 842 1880 Contundantur
858 1847 894 1879 in
912 1847 1077 1879 mortario
1094 1858 1298 1888 marmoreo,
1316 1848 1445 1881 sensim
1461 1847 1677 1882 affundendo

755 1904 880 1946 Aquae
899 1902 1036 1937 Hordei
1053 1904 1306 1947 sesquilibram,

755 1961 877 2004 Aquae
894 1960 1068 1994 Rosarum
1085 1961 1269 1995 drachmas
1286 1961 1383 2003 duas,

758 2016 924 2050 Sacchari
940 2018 1110 2051 albissimi
1127 2019 1361 2063 quantitatem
1380 2017 1608 2052 sufficientem
1625 2031 1633 2059 ;

570 2073 653 2107 Fiat
670 2073 863 2107 secundum
880 2079 990 2108 artem
1007 2075 1172 2108 emulsio:
1199 2076 1317 2120 capiat
1333 2075 1455 2109 uncias
1471 2081 1540 2109 tres
1558 2076 1785 2121 saepiuscule.

385 2164 518 2207 [Form.
535 2165 638 2207 234]
689 2161 731 2214 R„
758 2162 903 2196 Florum
922 2163 1119 2208 Sulphuris,

758 2219 916 2253 Pulveris
935 2220 1194 2265 Glycyrrhhae,

760 2276 950 2320 [Pulveris]
973 2276 1122 2317 Salviae,
1139 2287 1208 2309 ana
1224 2276 1425 2310 drachmam
1444 2288 1564 2317 unam,

759 2345 839 2368 cum
858 2334 1049 2368 sufficiente
1067 2334 1261 2378 quantitate
1278 2333 1437 2367 Balsami
1454 2333 1646 2374 Lucatelli3

572 2392 678 2426 Fiant
695 2391 822 2436 pilulae
840 2403 858 2425 e
876 2391 1024 2435 singulis
1047 2391 1221 2424 drachmis
1244 2402 1324 2424 sex:
1357 2392 1473 2436 capiat
1489 2397 1557 2426 tres
1576 2397 1628 2425 ter
1650 2394 1686 2425 in
1703 2391 1770 2433 die,
1787 2403 1845 2426 su-

570 2447 782 2493 perbibendo
800 2448 1000 2481 emulsionis
1016 2448 1249 2492 praescriptae
1267 2447 1461 2482 cochlearia
1477 2460 1547 2482 sex.

385 2530 517 2570 [Form.
534 2531 634 2572 235]
686 2527 726 2579 R
754 2529 877 2573 Aquae
897 2527 1088 2572 Spermatis
1105 2527 1285 2580 Rau-arum
1302 2529 1424 2562 uncias
1441 2534 1602 2573 quatuor,

567 2587 603 2619 in
621 2597 691 2631 qua
707 2585 853 2619 dissolve
870 2585 1070 2630 Lithargyri
1087 2583 1269 2618 drachmas
1286 2583 1385 2625 duas,

759 2642 841 2688 opii
858 2642 1058 2686 scrupulum
1077 2652 1208 2681 unum3

570 2700 651 2734 Fiat
676 2700 841 2740 mixtura,
864 2699 963 2743 cujus
988 2698 1124 2732 tantillo
1149 2698 1296 2731 linteum
1321 2697 1557 2732 madefactum
1582 2697 1671 2742 parti
1697 2697 1846 2732 affectae

570 2756 779 2801 applicetur3
797 2755 863 2795 vel,
877 2756 905 2788 si
918 2761 1036 2788 tumor
1054 2755 1147 2787 intus
1162 2754 1281 2796 lateat,
1296 2754 1489 2788 cochlearia
1502 2755 1569 2789 tria
1581 2754 1737 2799 ejusdem
1752 2755 1844 2788 mix-

572 2818 671 2846 turae
687 2811 792 2845 modo
809 2812 964 2856 clysteris
981 2811 1194 2855 injiciantur.

429 2890 447 2907 ¹¹
472 2888 570 2924 Epist.
589 2887 730 2925 Respons.
749 2887 776 2915 I.
792 2887 806 2923 ξ
826 2886 877 2915 35.
987 2889 1004 2905 0
1029 2884 1078 2914 Cf.
1095 2894 1165 2923 sup.
1183 2894 1210 2913 c.
1227 2884 1279 2913 36.
1378 2888 1396 2911 P
1421 2883 1470 2913 Cf.
1488 2883 1614 2914 sormm.
1633 2884 1685 2920 34,
1701 2884 1755 2920 62,
1772 2883 1844 2914 164.
