1985 3308
392 141 412 180 1
422 140 475 181 76
793 137 969 179 THOM
973 138 1050 178 ΑΕ
1084 135 1425 178 SYDENHAM

200 256 354 287 Dx-snxw.
387 245 453 285 130
483 244 664 285 crudum
693 244 820 298 paulo
852 244 1126 297 tepefactum,
1158 257 1241 296 quo
1277 243 1406 284 etiam
1435 241 1640 282 utebatur
1669 239 1757 280 solo
1792 237 1847 279 ad

187 299 369 374 Ᾰῗέξῗξζδῐ
390 313 478 353 (1108
498 318 585 353 tres
610 313 676 352 vel
698 319 879 365 quatuor
898 318 1124 365 postquam
1149 324 1172 351 e
1192 311 1303 351 lecto
1325 313 1576 350 surrexerat.
1640 307 1686 347 Si
1704 306 1772 348 vel
1791 306 1846 347 ob

336 366 343 372 ’
387 381 546 429 10011111,
569 381 634 420 vel
662 380 797 430 lactis,
818 394 947 420 usum
977 379 1105 419 nimis
1125 384 1394 432 praemature
1414 375 1720 425 intermissum,
1741 373 1849 415 reci-

388 449 528 489 divam
549 453 768 502 pateretur
789 461 927 501 aeger,
944 447 1093 487 eadem
1108 447 1285 499 vestigia
1302 445 1441 486 denuo
1461 443 1695 497 repetenda
1710 447 1847 483 erant.

389 516 510 557 Haec
539 515 780 565 methodus,
811 515 846 556 si
876 521 991 555 certa
1027 520 1152 567 atque
1182 514 1379 566 expedita
1408 512 1549 562 fuerit,
1579 525 1667 552 11011
1697 510 1794 550 ideo
1823 523 1850 550 a

387 585 476 625 viro
513 583 700 637 quolibet
731 583 941 636 prudente
976 581 1283 635 repudiabitur,
1311 580 1425 634 quod
1453 580 1610 620 fastoso
1640 577 1848 620 remedio-

387 667 485 693 rum
509 658 717 705 apparatu
738 665 825 691 non
848 664 891 691 se
912 650 1117 691 venditet.

185 729 347 769 Dysente-
455 720 562 774 [17.]
603 718 863 772 Hujusmodi
898 718 1060 758 febrem
1097 717 1405 771 symptomatis,
1439 716 1579 770 qualia
1614 729 1742 769 supra
1776 715 1850 755 de-

184 771 357 844 fffin‘sg‘ffiu'
390 787 645 840 scripsimus,
664 786 862 839 stipatam
886 786 936 826 iis
958 786 1004 825 in
1025 785 1126 825 locis
1148 790 1191 825 et
1213 784 1477 838 temporibus
1498 784 1672 837 reperiri
1694 783 1849 837 quibus

185 857 294 886 Africa
311 865 365 895 per
391 854 646 909 Dysenteria
667 853 896 906 epidemice
922 858 1087 906 regnat,
1110 857 1152 892 et
1177 852 1428 893 methodum
1450 851 1574 902 hanc,
1598 865 1725 904 quam
1747 850 1850 891 deli-

184 909 222 970 ξζ
235 905 369 970 ξξζᾞξί
390 922 621 971 neavimus,
644 921 781 961 eidem
809 921 985 961 0111111110
1014 920 1170 970 deberi,
1199 920 1445 961 testimonio
1473 919 1551 959 viri
1574 919 1696 973 probi
1723 923 1850 972 atque

185 988 246 1014 tur.
390 990 557 1039 eruditi,
585 989 782 1029 Doctoris
813 989 976 1038 Butler,
1005 989 1185 1041 amplius
1216 987 1549 1037 confirmabitur,
1577 987 1650 1041 qui
1675 986 1850 1028 nobilis-

390 1059 544 1099 simum
569 1058 682 1097 Dnum
704 1057 940 1098 Dominum
964 1057 1203 1097 Henricum
1229 1056 1428 1106 Howard,
1450 1070 1476 1096 a
1508 1056 1595 1096 Sua
1616 1054 1846 1109 Majestate

390 1126 525 1180 Regia
546 1125 797 1165 Britannica
826 1125 879 1165 ad
904 1125 1225 1165 Moroccensem
1252 1125 1299 1164 in
1323 1124 1468 1164 Africa
1494 1123 1698 1177 legatum,
1721 1123 1849 1164 comi-

389 1192 604 1243 tabaturf3
637 1193 790 1247 quibus
811 1193 858 1233 111
877 1192 1123 1246 regionibus
1149 1194 1212 1245 (ut
1239 1192 1346 1233 mihi
1369 1192 1485 1246 ipsus
1506 1192 1683 1244 retulit,)
1709 1191 1851 1232 obser-

389 1262 501 1302 vai-it
534 1261 836 1315 Dysenteriam
867 1275 942 1315 per
975 1275 1024 1301 ea
1058 1266 1252 1314 tempora
1288 1261 1368 1313 (uti
1395 1261 1588 1314 semper,)
1619 1259 1850 1314 epidemice

393 1329 586 1382 grassari,
621 1334 663 1370 et
695 1329 871 1378 febrem,
906 1343 1013 1382 quae
1049 1343 1147 1369 cum
1172 1329 1245 1369 illa
1275 1328 1551 1382 jungebatur,
1586 1328 1760 1369 omnino
1788 1328 1851 1368 1111

393 1398 574 1437 similem
601 1411 729 1450 quam
762 1397 1054 1450 depinximus;
1109 1396 1261 1450 quibus
1296 1397 1367 1437 ille
1398 1396 1650 1437 medebatur
1683 1402 1774 1437 tam
1805 1397 1852 1437 in

393 1465 498 1505 urbe
533 1465 776 1516 Tingitana,
811 1479 939 1518 quam
979 1465 1071 1505 aliis
1106 1465 1152 1504 111
1190 1465 1306 1514 10018,
1344 1465 1429 1505 sive
1465 1469 1674 1505 nostrates
1710 1470 1852 1505 essent

396 1533 523 1585 aegri,
547 1532 632 1572 sive
659 1531 817 1582 Mauri,
841 1533 953 1573 dicta
981 1533 1194 1582 methodo,
1217 1533 1330 1573 felici
1356 1546 1521 1586 semper
1546 1533 1686 1573 exitu:
1725 1547 1853 1587 quam

395 1600 566 1653 quidem
594 1605 746 1640 neuter
771 1600 893 1641 alteri
919 1600 1135 1650 debemus,
1165 1600 1238 1641 sed
1262 1601 1354 1654 pari
1384 1601 1558 1641 fortuna
1590 1601 1636 1641 in
1672 1601 1853 1642 eandem

395 1667 650 1708 dissitissimi
684 1667 923 1708 incidimus.
985 1667 1272 1708 Profitebatur
1299 1674 1456 1718 autem,
1479 1669 1637 1722 optime
1658 1669 1753 1710 istic
1774 1669 1854 1710 sibi

396 1735 564 1776 cessisse
586 1735 630 1774 in
652 1735 765 1775 illius
786 1735 924 1776 morbi
950 1736 1169 1776 curatione
1190 1736 1441 1777 methodum
1465 1737 1596 1786 illam,
1614 1751 1697 1790 qua
1717 1737 1852 1790 liquo-

394 1803 450 1843 ris
473 1803 629 1844 diluvio
651 1803 987 1857 submerguntur
1008 1804 1302 1857 Dysenteriae.
1364 1806 1507 1857 Atque
1529 1805 1723 1846 existimo
1759 1819 1852 1858 ego,

395 1871 570 1911 omuino
601 1885 678 1924 par
708 1885 796 1911 esse
831 1877 879 1911 ut
916 1871 961 1911 in
993 1872 1183 1912 calidiori
1222 1872 1304 1912 isto
1340 1872 1511 1913 climate
1551 1872 1677 1926 longe
1716 1873 1854 1913 rarius

396 1953 591 1980 successu
613 1944 752 1980 careat
775 1939 877 1980 haec
899 1940 1138 1990 methodus,
1161 1955 1288 1994 quam
1309 1941 1355 1980 111
1376 1947 1522 1981 nostra
1542 1941 1780 1982 Britannia.

196 2020 354 2060 Exempla
462 2006 569 2060 [18]
608 2007 751 2047 Primo
782 2007 854 2047 illo
890 2012 1097 2048 autumno
1133 2022 1216 2061 quo
1246 2008 1416 2061 vigebat
1451 2008 1555 2049 haec
1591 2009 1854 2060 constitutio,

191 2064 378 2136 gljfflffiff‘
397 2074 553 2114 Daniel
583 2074 709 2125 Coxe,
733 2075 872 2125 M.D.,
894 2075 957 2115 vir
987 2075 1161 2129 ingenio
1189 2081 1229 2116 et
1257 2076 1519 2117 eruditioneg
1544 2077 1853 2128 ornatissimus,

397 2142 653 2196 Dysenteria
687 2143 931 2184 acutissima
964 2143 1174 2194 laborans,
1211 2145 1306 2197 (me,
1339 2158 1466 2198 quem
1501 2145 1726 2195 consuluit,
1760 2160 1857 2186 sua·

397 2210 553 2263 dente,)
579 2224 657 2264 ope
684 2211 875 2251 methodi
897 2211 988 2265 jam
1009 2211 1206 2252 laudatae
1233 2213 1329 2263 cito,
1352 2218 1461 2263 tuto,
1486 2218 1528 2253 et
1554 2212 1769 2267 jucundeh
1791 2228 1858 2255 sa-

396 2282 523 2318 natus
546 2283 608 2318 est
621 2295 633 2328 3
664 2283 760 2331 post
781 2279 958 2319 tertium
984 2279 1142 2320 scilicet
1164 2285 1414 2332 quartumve
1436 2294 1599 2331 enema,
1623 2281 1726 2320 dum
1746 2281 1856 2322 lecto

398 2345 637 2396 assiderem,
671 2352 714 2387 et
746 2347 932 2387 tormina
962 2353 1004 2387 et
1038 2347 1294 2401 dejectiones
1330 2348 1588 2401 sanguineae
1624 2362 1855 2398 evanuere3

397 2428 475 2453 nec
503 2414 689 2467 qualibet
711 2428 756 2455 re
783 2414 877 2464 alia,
899 2420 1067 2468 praeter
1086 2415 1186 2456 lecti
1207 2415 1261 2455 ad
1288 2415 1450 2456 dictum
1478 2416 1664 2469 spatium
1690 2417 1855 2470 patien-

398 2481 515 2531 tiam,
539 2487 580 2522 et
601 2482 782 2522 lacteam
807 2482 1003 2533 diaetam,
1027 2482 1081 2523 ad
1102 2483 1329 2523 sanitatem
1353 2483 1730 2537 redintegrandam
1750 2499 1856 2538 opus

399 2548 563 2589 habuit.
624 2549 788 2590 Eodem
812 2550 938 2603 plane
959 2550 1085 2591 modo
1114 2556 1155 2590 et
1183 2550 1296 2590 idem
1317 2557 1463 2603 postea
1484 2552 1586 2592 alios
1608 2567 1736 2605 quam
1762 2552 1857 2606 plu-

399 2615 527 2655 rimos
557 2615 637 2656 1100
657 2616 769 2657 111310
797 2616 969 2657 affectos
996 2617 1196 2666 restituit,
1220 2623 1401 2658 exeunte
1432 2631 1481 2658 eo
1510 2624 1742 2669 autumno,
1784 2633 1859 2659 an-

400 2696 456 2722 no
478 2688 620 2723 autem
641 2684 845 2737 proximo,
862 2684 984 2724 illum
1006 2685 1135 2725 etiam
1155 2684 1269 2725 idem
1291 2685 1538 2726 molientem
1559 2700 1653 2740 spes
1673 2686 1839 2728 fefellit.

446 2806 456 2825 s
482 2805 530 2834 Sc.
549 2816 630 2836 anno
650 2809 740 2839 1669.
1161 2809 1249 2847 dicit,
1270 2815 1306 2840 ut
1329 2815 1408 2846 tuto,
1425 2816 1461 2840 ut
1485 2811 1636 2847 celeriter,
1654 2817 1690 2842 ut
1713 2812 1857 2851 jucunde

445 2855 460 2874 ε
483 2848 586 2887 erud]
605 2849 765 2889 ommsaria
782 2854 866 2881 erud.
884 2852 931 2882 ed.
951 2852 1012 2885 '76.
1161 2855 1282 2883 curet.''
1309 2853 1411 2893 (Cels.
1428 2855 1475 2884 De
1491 2854 1603 2884 Medic.
1620 2854 1663 2884 iii.
1681 2855 1726 2893 4.)

446 2887 458 2906 ¹⁴
478 2892 496 2904 ‘¹
510 2891 716 2931 Asclepiades
733 2894 873 2924 officium
895 2905 964 2925 esse
981 2894 1101 2925 Medici
