<?xml version="1.0" encoding="UTF-8"?>
<!DOCTYPE html PUBLIC "-//W3C//DTD XHTML 1.0 Transitional//EN"
    "http://www.w3.org/TR/xhtml1/DTD/xhtml1-transitional.dtd">
<html xmlns="http://www.w3.org/1999/xhtml" xml:lang="en" lang="en">
 <head>
  <title>
</title>
<meta http-equiv="Content-Type" content="text/html;charset=utf-8" />
  <meta name='ocr-system' content='tesseract 3.04.00' />
  <meta name='ocr-capabilities' content='ocr_page ocr_carea ocr_par ocr_line ocrx_word'/>
</head>
<body>
  <div class='ocr_page' id='page_1' title='image "./thomaesydenhammd00sydeuoft_0145.png"; bbox 0 0 1985 3308; ppageno 0'>
   <div class='ocr_carea' id='block_1_1' title="bbox 255 138 1536 187">
    <p class='ocr_par' dir='ltr' id='par_1_1' title="bbox 255 138 1536 187">
     <span class='ocr_line' id='line_1_1' title="bbox 255 138 1536 187; baseline 0.005 -7"><span class='ocrx_word' id='word_1_1' title='bbox 255 138 778 181; x_wconf 84' lang='lat' dir='ltr'><strong>OBSERVATIONUM</strong></span> <span class='ocrx_word' id='word_1_2' title='bbox 809 139 1186 182; x_wconf 83' lang='lat' dir='ltr'><strong>MEDICARUM</strong></span> <span class='ocrx_word' id='word_1_3' title='bbox 1218 151 1270 184; x_wconf 92' lang='grc' dir='ltr'>ΙΙ.</span> <span class='ocrx_word' id='word_1_4' title='bbox 1296 155 1329 185; x_wconf 75' lang='lat'>2.</span> <span class='ocrx_word' id='word_1_5' title='bbox 1454 147 1536 187; x_wconf 88' lang='lat'>109</span> 
     </span>
    </p>
   </div>
   <div class='ocr_carea' id='block_1_2' title="bbox 80 244 1739 434">
    <p class='ocr_par' dir='ltr' id='par_1_2' title="bbox 80 244 1739 434">
     <span class='ocr_line' id='line_1_2' title="bbox 82 244 1712 301; baseline 0.002 -14"><span class='ocrx_word' id='word_1_6' title='bbox 82 244 180 287; x_wconf 89' lang='lat' dir='ltr'>dere</span> <span class='ocrx_word' id='word_1_7' title='bbox 201 245 468 299; x_wconf 89' lang='lat' dir='ltr'>diaphoresin</span> <span class='ocrx_word' id='word_1_8' title='bbox 482 245 672 286; x_wconf 87' lang='lat' dir='ltr'>conciere</span> <span class='ocrx_word' id='word_1_9' title='bbox 686 249 865 299; x_wconf 44' lang='lat' dir='ltr'>satagas</span> <span class='ocrx_word' id='word_1_10' title='bbox 880 259 929 286; x_wconf 89' lang='lat' dir='ltr'>eo</span> <span class='ocrx_word' id='word_1_11' title='bbox 944 245 990 285; x_wconf 94' lang='lat' dir='ltr'>in</span> <span class='ocrx_word' id='word_1_12' title='bbox 1005 246 1271 287; x_wconf 87' lang='lat' dir='ltr'>manifestius</span> <span class='ocrx_word' id='word_1_13' title='bbox 1284 247 1537 301; x_wconf 88' lang='lat' dir='ltr'>phrenitidis</span> <span class='ocrx_word' id='word_1_14' title='bbox 1585 264 1712 296; x_wconf 71' lang='lat' dir='ltr'>anus</span> 
     </span>
     <span class='ocr_line' id='line_1_3' title="bbox 80 307 1731 380; baseline 0.002 -27"><span class='ocrx_word' id='word_1_15' title='bbox 80 313 316 367; x_wconf 88' lang='lat' dir='ltr'>periculum</span> <span class='ocrx_word' id='word_1_16' title='bbox 345 313 554 362; x_wconf 88' lang='lat' dir='ltr'>adduces;</span> <span class='ocrx_word' id='word_1_17' title='bbox 587 318 661 353; x_wconf 89' lang='lat' dir='ltr'>aut</span> <span class='ocrx_word' id='word_1_18' title='bbox 696 313 823 366; x_wconf 91' lang='lat' dir='ltr'>(quod</span> <span class='ocrx_word' id='word_1_19' title='bbox 853 313 1050 353; x_wconf 82' lang='lat' dir='ltr'>tristioris</span> <span class='ocrx_word' id='word_1_20' title='bbox 1081 314 1220 354; x_wconf 88' lang='lat' dir='ltr'>adhuc</span> <span class='ocrx_word' id='word_1_21' title='bbox 1250 316 1403 356; x_wconf 86' lang='lat' dir='ltr'>ominis</span> <span class='ocrx_word' id='word_1_22' title='bbox 1440 319 1533 370; x_wconf 90' lang='lat' dir='ltr'>est,)</span> <span class='ocrx_word' id='word_1_23' title='bbox 1563 307 1731 380; x_wconf 43' lang='lat' dir='ltr'>gffgssssg</span> 
     </span>
     <span class='ocr_line' id='line_1_4' title="bbox 80 373 1739 434; baseline 0.002 -13"><span class='ocrx_word' id='word_1_24' title='bbox 80 394 189 421; x_wconf 86' lang='lat' dir='ltr'>vana</span> <span class='ocrx_word' id='word_1_25' title='bbox 209 395 281 434; x_wconf 92' lang='lat' dir='ltr'>spe</span> <span class='ocrx_word' id='word_1_26' title='bbox 308 380 612 434; x_wconf 81' lang='lat' dir='ltr'>aliquantisper</span> <span class='ocrx_word' id='word_1_27' title='bbox 632 381 826 431; x_wconf 86' lang='lat' dir='ltr'>lactatus,</span> <span class='ocrx_word' id='word_1_28' title='bbox 849 380 1024 421; x_wconf 87' lang='lat' dir='ltr'>tandem</span> <span class='ocrx_word' id='word_1_29' title='bbox 1052 395 1127 434; x_wconf 91' lang='lat' dir='ltr'>pro</span> <span class='ocrx_word' id='word_1_30' title='bbox 1156 381 1380 423; x_wconf 90' lang='lat' dir='ltr'>sudoribus</span> <span class='ocrx_word' id='word_1_31' title='bbox 1408 398 1534 425; x_wconf 84' lang='lat' dir='ltr'>exan-</span> <span class='ocrx_word' id='word_1_32' title='bbox 1555 373 1739 422; x_wconf 53' lang='grc' dir='ltr'>ΑΝΝοίιυῘκι</span> 
     </span>
    </p>
   </div>
   <div class='ocr_carea' id='block_1_3' title="bbox 77 435 1716 775">
    <p class='ocr_par' dir='ltr' id='par_1_3' title="bbox 77 435 1716 775">
     <span class='ocr_line' id='line_1_5' title="bbox 80 435 1716 505; baseline 0.002 -16"><span class='ocrx_word' id='word_1_33' title='bbox 80 448 272 489; x_wconf 87' lang='lat' dir='ltr'>themata</span> <span class='ocrx_word' id='word_1_34' title='bbox 307 448 615 488; x_wconf 85' lang='lat' dir='ltr'>Pestilentialia</span> <span class='ocrx_word' id='word_1_35' title='bbox 645 448 797 488; x_wconf 81' lang='lat' dir='ltr'>elicies.</span> <span class='ocrx_word' id='word_1_36' title='bbox 867 448 974 501; x_wconf 88' lang='lat'><strong>[31.]</strong></span> <span class='ocrx_word' id='word_1_37' title='bbox 1013 448 1124 488; x_wconf 93' lang='lat' dir='ltr'>Cum</span> <span class='ocrx_word' id='word_1_38' title='bbox 1155 450 1270 490; x_wconf 91' lang='lat' dir='ltr'>enim</span> <span class='ocrx_word' id='word_1_39' title='bbox 1309 452 1536 505; x_wconf 88' lang='lat' dir='ltr'>praecipua</span> <span class='ocrx_word' id='word_1_40' title='bbox 1573 435 1635 469; x_wconf 49' lang='lat'>&#39;⁶⁵&#39;</span> <span class='ocrx_word' id='word_1_41' title='bbox 1654 436 1716 465; x_wconf 52' lang='grc' dir='ltr'>’ω’</span> 
     </span>
     <span class='ocr_line' id='line_1_6' title="bbox 79 515 1535 572; baseline 0.003 -17"><span class='ocrx_word' id='word_1_42' title='bbox 79 515 255 570; x_wconf 89' lang='lat' dir='ltr'>hujusce</span> <span class='ocrx_word' id='word_1_43' title='bbox 284 517 386 557; x_wconf 87' lang='lat' dir='ltr'>mali</span> <span class='ocrx_word' id='word_1_44' title='bbox 415 516 530 557; x_wconf 88' lang='lat' dir='ltr'>labes</span> <span class='ocrx_word' id='word_1_45' title='bbox 557 516 604 556; x_wconf 84' lang='lat' dir='ltr'>in</span> <span class='ocrx_word' id='word_1_46' title='bbox 635 515 912 569; x_wconf 88' lang='lat' dir='ltr'>spirituosiori</span> <span class='ocrx_word' id='word_1_47' title='bbox 937 530 1098 556; x_wconf 84' lang='lat' dir='ltr'>massae</span> <span class='ocrx_word' id='word_1_48' title='bbox 1131 518 1390 570; x_wconf 82' lang='lat' dir='ltr'>sanguineae</span> <span class='ocrx_word' id='word_1_49' title='bbox 1415 524 1535 572; x_wconf 85' lang='lat' dir='ltr'>parte</span> 
     </span>
     <span class='ocr_line' id='line_1_7' title="bbox 77 583 1535 637; baseline 0.002 -13"><span class='ocrx_word' id='word_1_50' title='bbox 77 583 272 634; x_wconf 84' lang='lat' dir='ltr'>resideat,</span> <span class='ocrx_word' id='word_1_51' title='bbox 306 584 420 624; x_wconf 89' lang='lat' dir='ltr'>unde</span> <span class='ocrx_word' id='word_1_52' title='bbox 451 584 702 624; x_wconf 85' lang='lat' dir='ltr'>crassiorum</span> <span class='ocrx_word' id='word_1_53' title='bbox 732 583 1038 636; x_wconf 87' lang='lat' dir='ltr'>particularum</span> <span class='ocrx_word' id='word_1_54' title='bbox 1074 585 1304 637; x_wconf 85' lang='lat' dir='ltr'>exagitatio</span> <span class='ocrx_word' id='word_1_55' title='bbox 1336 587 1535 627; x_wconf 90' lang='lat' dir='ltr'>nonnihil</span> 
     </span>
     <span class='ocr_line' id='line_1_8' title="bbox 79 651 1533 706; baseline 0.003 -14"><span class='ocrx_word' id='word_1_56' title='bbox 79 651 320 704; x_wconf 84' lang='lat' dir='ltr'>languidior</span> <span class='ocrx_word' id='word_1_57' title='bbox 341 666 468 705; x_wconf 90' lang='lat' dir='ltr'>quam</span> <span class='ocrx_word' id='word_1_58' title='bbox 488 652 534 692; x_wconf 92' lang='lat' dir='ltr'>in</span> <span class='ocrx_word' id='word_1_59' title='bbox 555 652 647 692; x_wconf 89' lang='lat' dir='ltr'>aliis</span> <span class='ocrx_word' id='word_1_60' title='bbox 667 651 1075 692; x_wconf 89' lang='lat' dir='ltr'>inflammationibus</span> <span class='ocrx_word' id='word_1_61' title='bbox 1095 653 1344 706; x_wconf 89' lang='lat' dir='ltr'>plerumque</span> <span class='ocrx_word' id='word_1_62' title='bbox 1366 655 1533 706; x_wconf 86' lang='lat' dir='ltr'>existat,</span> 
     </span>
     <span class='ocr_line' id='line_1_9' title="bbox 78 719 1701 775; baseline 0.006 -16"><span class='ocrx_word' id='word_1_63' title='bbox 78 720 248 760; x_wconf 88' lang='lat' dir='ltr'>tenuior</span> <span class='ocrx_word' id='word_1_64' title='bbox 268 720 341 760; x_wconf 88' lang='lat' dir='ltr'>illa</span> <span class='ocrx_word' id='word_1_65' title='bbox 360 720 511 773; x_wconf 88' lang='lat' dir='ltr'>portio,</span> <span class='ocrx_word' id='word_1_66' title='bbox 533 720 631 761; x_wconf 79' lang='lat' dir='ltr'>novi</span> <span class='ocrx_word' id='word_1_67' title='bbox 652 719 800 761; x_wconf 88' lang='lat' dir='ltr'>caloris</span> <span class='ocrx_word' id='word_1_68' title='bbox 823 720 1059 761; x_wconf 85' lang='lat' dir='ltr'>accessione</span> <span class='ocrx_word' id='word_1_69' title='bbox 1080 720 1125 760; x_wconf 91' lang='lat' dir='ltr'>in</span> <span class='ocrx_word' id='word_1_70' title='bbox 1146 722 1351 775; x_wconf 83' lang='lat' dir='ltr'>majorem</span> <span class='ocrx_word' id='word_1_71' title='bbox 1370 723 1532 764; x_wconf 84' lang='lat' dir='ltr'>rabiem</span> <span class='ocrx_word' id='word_1_72' title='bbox 1551 736 1701 769; x_wconf 80' lang='lat' dir='ltr'>Maeulae</span> 
     </span>
    </p>
   </div>
   <div class='ocr_carea' id='block_1_4' title="bbox 80 788 1736 853">
    <p class='ocr_par' dir='ltr' id='par_1_4' title="bbox 80 788 1736 853">
     <span class='ocr_line' id='line_1_10' title="bbox 80 788 1736 853; baseline 0.005 -26"><span class='ocrx_word' id='word_1_73' title='bbox 80 792 186 837; x_wconf 84' lang='lat' dir='ltr'>acta,</span> <span class='ocrx_word' id='word_1_74' title='bbox 207 788 372 841; x_wconf 89' lang='lat' dir='ltr'>impetu</span> <span class='ocrx_word' id='word_1_75' title='bbox 399 788 570 828; x_wconf 88' lang='lat' dir='ltr'>demum</span> <span class='ocrx_word' id='word_1_76' title='bbox 596 788 708 828; x_wconf 89' lang='lat' dir='ltr'>facto</span> <span class='ocrx_word' id='word_1_77' title='bbox 735 802 879 828; x_wconf 89' lang='lat' dir='ltr'>omnes</span> <span class='ocrx_word' id='word_1_78' title='bbox 911 788 1070 828; x_wconf 90' lang='lat' dir='ltr'>cruoris</span> <span class='ocrx_word' id='word_1_79' title='bbox 1097 788 1224 829; x_wconf 91' lang='lat' dir='ltr'>fibras</span> <span class='ocrx_word' id='word_1_80' title='bbox 1255 790 1369 831; x_wconf 87' lang='lat' dir='ltr'>ultra</span> <span class='ocrx_word' id='word_1_81' title='bbox 1392 795 1533 832; x_wconf 84' lang='lat' dir='ltr'>textu·</span> <span class='ocrx_word' id='word_1_82' title='bbox 1551 789 1736 853; x_wconf 49' lang='lat' dir='ltr'>ll&#39;ssgsst&#39;ffgg‘t‘fi</span> 
     </span>
    </p>
   </div>
   <div class='ocr_carea' id='block_1_5' title="bbox 78 857 1705 915">
    <p class='ocr_par' dir='ltr' id='par_1_5' title="bbox 78 857 1705 915">
     <span class='ocr_line' id='line_1_11' title="bbox 78 857 1705 915; baseline 0.003 -19"><span class='ocrx_word' id='word_1_83' title='bbox 78 869 150 896; x_wconf 87' lang='lat' dir='ltr'>rae</span> <span class='ocrx_word' id='word_1_84' title='bbox 170 857 346 897; x_wconf 91' lang='lat' dir='ltr'>modum</span> <span class='ocrx_word' id='word_1_85' title='bbox 375 857 582 898; x_wconf 87' lang='lat' dir='ltr'>distensas</span> <span class='ocrx_word' id='word_1_86' title='bbox 613 871 781 910; x_wconf 88' lang='lat' dir='ltr'>prorsus</span> <span class='ocrx_word' id='word_1_87' title='bbox 802 857 961 909; x_wconf 85' lang='lat' dir='ltr'>frangit</span> <span class='ocrx_word' id='word_1_88' title='bbox 990 870 1037 897; x_wconf 90' lang='lat' dir='ltr'>ac</span> <span class='ocrx_word' id='word_1_89' title='bbox 1062 858 1327 899; x_wconf 89' lang='lat' dir='ltr'>comminuit.</span> <span class='ocrx_word' id='word_1_90' title='bbox 1388 861 1430 900; x_wconf 93' lang='lat' dir='ltr'><strong>A</strong></span> <span class='ocrx_word' id='word_1_91' title='bbox 1450 875 1536 915; x_wconf 88' lang='lat' dir='ltr'>qua</span> <span class='ocrx_word' id='word_1_92' title='bbox 1553 864 1617 895; x_wconf 78' lang='lat' dir='ltr'>ales</span> <span class='ocrx_word' id='word_1_93' title='bbox 1634 877 1652 895; x_wconf 79' lang='lat' dir='ltr'>a</span> <span class='ocrx_word' id='word_1_94' title='bbox 1670 867 1705 896; x_wconf 84' lang='lat' dir='ltr'>fi-</span> 
     </span>
    </p>
   </div>
   <div class='ocr_carea' id='block_1_6' title="bbox 78 908 1726 989">
    <p class='ocr_par' dir='ltr' id='par_1_6' title="bbox 78 908 1726 989">
     <span class='ocr_line' id='line_1_12' title="bbox 78 908 1726 989; baseline 0.002 -25"><span class='ocrx_word' id='word_1_95' title='bbox 78 923 282 964; x_wconf 86' lang='lat' dir='ltr'>fibrarum</span> <span class='ocrx_word' id='word_1_96' title='bbox 311 925 642 978; x_wconf 87' lang='lat' dir='ltr'>sanguinearum</span> <span class='ocrx_word' id='word_1_97' title='bbox 670 924 945 965; x_wconf 86' lang='lat' dir='ltr'>dissolutione</span> <span class='ocrx_word' id='word_1_98' title='bbox 973 925 1235 965; x_wconf 90' lang='lat' dir='ltr'>macularum</span> <span class='ocrx_word' id='word_1_99' title='bbox 1266 926 1535 968; x_wconf 88' lang='lat' dir='ltr'>Pestilentia·</span> <span class='ocrx_word' id='word_1_100' title='bbox 1552 908 1726 989; x_wconf 40' lang='lat' dir='ltr'>{diffidim-</span> 
     </span>
    </p>
   </div>
   <div class='ocr_carea' id='block_1_7' title="bbox 77 990 1726 1066">
    <p class='ocr_par' dir='ltr' id='par_1_7' title="bbox 77 990 1726 1066">
     <span class='ocr_line' id='line_1_13' title="bbox 77 990 1726 1066; baseline 0.004 -36"><span class='ocrx_word' id='word_1_101' title='bbox 77 990 184 1030; x_wconf 91' lang='lat' dir='ltr'>lium</span> <span class='ocrx_word' id='word_1_102' title='bbox 217 1003 387 1033; x_wconf 88' lang='lat' dir='ltr'>causam</span> <span class='ocrx_word' id='word_1_103' title='bbox 419 992 648 1046; x_wconf 87' lang='lat' dir='ltr'>petendam</span> <span class='ocrx_word' id='word_1_104' title='bbox 679 1006 767 1032; x_wconf 88' lang='lat' dir='ltr'>essc</span> <span class='ocrx_word' id='word_1_105' title='bbox 799 1005 974 1041; x_wconf 78' lang='lat' dir='ltr'>cense03</span> <span class='ocrx_word' id='word_1_106' title='bbox 1008 992 1174 1045; x_wconf 89' lang='lat' dir='ltr'>quippe,</span> <span class='ocrx_word' id='word_1_107' title='bbox 1206 1007 1294 1034; x_wconf 89' lang='lat' dir='ltr'>non</span> <span class='ocrx_word' id='word_1_108' title='bbox 1331 1008 1450 1035; x_wconf 90' lang='lat' dir='ltr'>secus</span> <span class='ocrx_word' id='word_1_109' title='bbox 1488 1009 1535 1036; x_wconf 91' lang='lat' dir='ltr'>ac</span> <span class='ocrx_word' id='word_1_110' title='bbox 1554 994 1726 1066; x_wconf 48' lang='lat' dir='ltr'>2322ng-</span> 
     </span>
    </p>
   </div>
   <div class='ocr_carea' id='block_1_8' title="bbox 76 1058 1745 1113">
    <p class='ocr_par' dir='ltr' id='par_1_8' title="bbox 76 1058 1745 1113">
     <span class='ocr_line' id='line_1_14' title="bbox 76 1058 1745 1113; baseline 0.004 -15"><span class='ocrx_word' id='word_1_111' title='bbox 76 1058 232 1099; x_wconf 87' lang='lat' dir='ltr'>vibices</span> <span class='ocrx_word' id='word_1_112' title='bbox 253 1073 277 1099; x_wconf 89' lang='lat' dir='ltr'>a</span> <span class='ocrx_word' id='word_1_113' title='bbox 297 1059 421 1112; x_wconf 87' lang='lat' dir='ltr'>plaga</span> <span class='ocrx_word' id='word_1_114' title='bbox 445 1059 616 1100; x_wconf 87' lang='lat' dir='ltr'>fortiore</span> <span class='ocrx_word' id='word_1_115' title='bbox 643 1060 689 1099; x_wconf 91' lang='lat' dir='ltr'>in</span> <span class='ocrx_word' id='word_1_116' title='bbox 710 1064 874 1112; x_wconf 89' lang='lat' dir='ltr'>partem</span> <span class='ocrx_word' id='word_1_117' title='bbox 902 1059 1086 1112; x_wconf 86' lang='lat' dir='ltr'>aliquam</span> <span class='ocrx_word' id='word_1_118' title='bbox 1114 1061 1297 1113; x_wconf 91' lang='lat' dir='ltr'>corporis</span> <span class='ocrx_word' id='word_1_119' title='bbox 1324 1063 1536 1103; x_wconf 91' lang='lat' dir='ltr'>musculo-</span> <span class='ocrx_word' id='word_1_120' title='bbox 1555 1077 1745 1108; x_wconf 83' lang='lat' dir='ltr'>oririviden-</span> 
     </span>
    </p>
   </div>
   <div class='ocr_carea' id='block_1_9' title="bbox 78 1124 1745 1193">
    <p class='ocr_par' dir='ltr' id='par_1_9' title="bbox 78 1124 1745 1193">
     <span class='ocr_line' id='line_1_15' title="bbox 78 1124 1745 1193; baseline 0.005 -29"><span class='ocrx_word' id='word_1_121' title='bbox 78 1137 168 1164; x_wconf 87' lang='lat' dir='ltr'>sam</span> <span class='ocrx_word' id='word_1_122' title='bbox 189 1124 363 1176; x_wconf 90' lang='lat' dir='ltr'>inflicta,</span> <span class='ocrx_word' id='word_1_123' title='bbox 385 1126 522 1179; x_wconf 87' lang='lat' dir='ltr'>primo</span> <span class='ocrx_word' id='word_1_124' title='bbox 542 1127 752 1167; x_wconf 88' lang='lat' dir='ltr'>intensius</span> <span class='ocrx_word' id='word_1_125' title='bbox 777 1127 1039 1167; x_wconf 88' lang='lat' dir='ltr'>rubicundae</span> <span class='ocrx_word' id='word_1_126' title='bbox 1065 1127 1110 1167; x_wconf 90' lang='lat' dir='ltr'>in</span> <span class='ocrx_word' id='word_1_127' title='bbox 1135 1134 1232 1168; x_wconf 90' lang='lat' dir='ltr'>cute</span> <span class='ocrx_word' id='word_1_128' title='bbox 1254 1130 1534 1181; x_wconf 86' lang='lat' dir='ltr'>efflorescunt,</span> <span class='ocrx_word' id='word_1_129' title='bbox 1554 1124 1614 1192; x_wconf 33' lang='grc' dir='ltr'>ἓξὲξ</span> <span class='ocrx_word' id='word_1_130' title='bbox 1623 1131 1745 1193; x_wconf 53' lang='grc' dir='ltr'>ἓξηνξῗ·</span> 
     </span>
    </p>
   </div>
   <div class='ocr_carea' id='block_1_10' title="bbox 77 1192 1742 1321">
    <p class='ocr_par' dir='ltr' id='par_1_10' title="bbox 77 1192 1742 1321">
     <span class='ocr_line' id='line_1_16' title="bbox 77 1192 1742 1255; baseline 0.004 -23"><span class='ocrx_word' id='word_1_131' title='bbox 77 1205 125 1232; x_wconf 86' lang='lat' dir='ltr'>ac</span> <span class='ocrx_word' id='word_1_132' title='bbox 156 1192 272 1233; x_wconf 69' lang='lat' dir='ltr'>brevi</span> <span class='ocrx_word' id='word_1_133' title='bbox 292 1198 386 1246; x_wconf 91' lang='lat' dir='ltr'>post</span> <span class='ocrx_word' id='word_1_134' title='bbox 413 1198 603 1247; x_wconf 87' lang='lat' dir='ltr'>tempore</span> <span class='ocrx_word' id='word_1_135' title='bbox 632 1194 806 1235; x_wconf 85' lang='lat' dir='ltr'>livorem</span> <span class='ocrx_word' id='word_1_136' title='bbox 828 1194 1041 1248; x_wconf 86' lang='lat' dir='ltr'>quendam</span> <span class='ocrx_word' id='word_1_137' title='bbox 1069 1200 1143 1235; x_wconf 84' lang='lat' dir='ltr'>aut</span> <span class='ocrx_word' id='word_1_138' title='bbox 1173 1196 1442 1249; x_wconf 85' lang='lat' dir='ltr'>nigredinem</span> <span class='ocrx_word' id='word_1_139' title='bbox 1469 1198 1533 1238; x_wconf 93' lang='lat' dir='ltr'>in-</span> <span class='ocrx_word' id='word_1_140' title='bbox 1554 1205 1742 1255; x_wconf 60' lang='lat' dir='ltr'>bicesapla-</span> 
     </span>
     <span class='ocr_line' id='line_1_17' title="bbox 77 1248 1728 1321; baseline 0.013 -21"><span class='ocrx_word' id='word_1_141' title='bbox 77 1259 228 1301; x_wconf 92' lang='lat' dir='ltr'>duunt.</span> <span class='ocrx_word' id='word_1_142' title='bbox 1551 1248 1728 1321; x_wconf 45' lang='lat' dir='ltr'>fiilflifgiilon</span> 
     </span>
    </p>
   </div>
   <div class='ocr_carea' id='block_1_11' title="bbox 141 1328 1732 1393">
    <p class='ocr_par' dir='ltr' id='par_1_11' title="bbox 141 1328 1732 1393">
     <span class='ocr_line' id='line_1_18' title="bbox 141 1328 1732 1393; baseline 0.004 -25"><span class='ocrx_word' id='word_1_143' title='bbox 141 1328 249 1382; x_wconf 62' lang='lat'><strong>[32]</strong></span> <span class='ocrx_word' id='word_1_144' title='bbox 287 1329 454 1370; x_wconf 85' lang='lat' dir='ltr'>Deinde</span> <span class='ocrx_word' id='word_1_145' title='bbox 494 1343 591 1370; x_wconf 78' lang='lat' dir='ltr'>vero</span> <span class='ocrx_word' id='word_1_146' title='bbox 627 1330 672 1370; x_wconf 93' lang='lat' dir='ltr'>in</span> <span class='ocrx_word' id='word_1_147' title='bbox 705 1330 949 1384; x_wconf 87' lang='lat' dir='ltr'>corporibus</span> <span class='ocrx_word' id='word_1_148' title='bbox 985 1345 1092 1384; x_wconf 90' lang='lat' dir='ltr'>quae</span> <span class='ocrx_word' id='word_1_149' title='bbox 1125 1331 1226 1372; x_wconf 85' lang='lat' dir='ltr'>satis</span> <span class='ocrx_word' id='word_1_150' title='bbox 1261 1338 1455 1386; x_wconf 86' lang='lat' dir='ltr'>prompte</span> <span class='ocrx_word' id='word_1_151' title='bbox 1487 1333 1533 1373; x_wconf 91' lang='lat' dir='ltr'>in</span> <span class='ocrx_word' id='word_1_152' title='bbox 1553 1354 1732 1393; x_wconf 78' lang='lat' dir='ltr'>Diaphore-</span> 
     </span>
    </p>
   </div>
   <div class='ocr_carea' id='block_1_12' title="bbox 75 1396 1717 1478">
    <p class='ocr_par' dir='ltr' id='par_1_12' title="bbox 75 1396 1717 1478">
     <span class='ocr_line' id='line_1_19' title="bbox 75 1396 1717 1478; baseline 0.003 -42"><span class='ocrx_word' id='word_1_153' title='bbox 75 1396 272 1437; x_wconf 84' lang='lat' dir='ltr'>sudorem</span> <span class='ocrx_word' id='word_1_154' title='bbox 294 1397 528 1447; x_wconf 85' lang='lat' dir='ltr'>solvuntur,</span> <span class='ocrx_word' id='word_1_155' title='bbox 551 1398 585 1437; x_wconf 89' lang='lat' dir='ltr'>si</span> <span class='ocrx_word' id='word_1_156' title='bbox 608 1397 866 1451; x_wconf 85' lang='lat' dir='ltr'>diaphoresis</span> <span class='ocrx_word' id='word_1_157' title='bbox 883 1399 1000 1452; x_wconf 87' lang='lat' dir='ltr'>justo</span> <span class='ocrx_word' id='word_1_158' title='bbox 1028 1400 1340 1451; x_wconf 87' lang='lat' dir='ltr'>praematurius</span> <span class='ocrx_word' id='word_1_159' title='bbox 1366 1402 1533 1454; x_wconf 91' lang='lat' dir='ltr'>(nempe</span> <span class='ocrx_word' id='word_1_160' title='bbox 1552 1397 1717 1478; x_wconf 46' lang='lat' dir='ltr'>{irgffigm</span> 
     </span>
    </p>
   </div>
   <div class='ocr_carea' id='block_1_13' title="bbox 73 1465 1685 1521">
    <p class='ocr_par' dir='ltr' id='par_1_13' title="bbox 73 1465 1685 1521">
     <span class='ocr_line' id='line_1_20' title="bbox 73 1465 1685 1521; baseline 0.004 -17"><span class='ocrx_word' id='word_1_161' title='bbox 73 1468 166 1505; x_wconf 89' lang='lat' dir='ltr'>tota</span> <span class='ocrx_word' id='word_1_162' title='bbox 200 1465 378 1505; x_wconf 87' lang='lat' dir='ltr'>materia</span> <span class='ocrx_word' id='word_1_163' title='bbox 413 1465 609 1506; x_wconf 91' lang='lat' dir='ltr'>morbosa</span> <span class='ocrx_word' id='word_1_164' title='bbox 648 1466 841 1505; x_wconf 90' lang='lat' dir='ltr'>nondum</span> <span class='ocrx_word' id='word_1_165' title='bbox 881 1466 1052 1519; x_wconf 90' lang='lat' dir='ltr'>penitus</span> <span class='ocrx_word' id='word_1_166' title='bbox 1094 1467 1329 1521; x_wconf 86' lang='lat' dir='ltr'>dissipata,)</span> <span class='ocrx_word' id='word_1_167' title='bbox 1363 1468 1532 1508; x_wconf 88' lang='lat' dir='ltr'>abrum-</span> <span class='ocrx_word' id='word_1_168' title='bbox 1551 1481 1685 1511; x_wconf 73' lang='lat' dir='ltr'>riusab-</span> 
     </span>
    </p>
   </div>
   <div class='ocr_carea' id='block_1_14' title="bbox 74 1525 1738 1607">
    <p class='ocr_par' dir='ltr' id='par_1_14' title="bbox 74 1525 1738 1607">
     <span class='ocr_line' id='line_1_21' title="bbox 74 1525 1738 1607; baseline 0.003 -35"><span class='ocrx_word' id='word_1_169' title='bbox 74 1536 212 1585; x_wconf 88' lang='lat' dir='ltr'>patur,</span> <span class='ocrx_word' id='word_1_170' title='bbox 234 1532 470 1583; x_wconf 90' lang='lat' dir='ltr'>bubonum,</span> <span class='ocrx_word' id='word_1_171' title='bbox 500 1533 571 1586; x_wconf 90' lang='lat' dir='ltr'>qui</span> <span class='ocrx_word' id='word_1_172' title='bbox 601 1533 872 1574; x_wconf 86' lang='lat' dir='ltr'>laudabiliter</span> <span class='ocrx_word' id='word_1_173' title='bbox 904 1533 1075 1587; x_wconf 89' lang='lat' dir='ltr'>quidem</span> <span class='ocrx_word' id='word_1_174' title='bbox 1102 1534 1179 1575; x_wconf 89' lang='lat' dir='ltr'>sub</span> <span class='ocrx_word' id='word_1_175' title='bbox 1208 1536 1338 1575; x_wconf 89' lang='lat' dir='ltr'>finem</span> <span class='ocrx_word' id='word_1_176' title='bbox 1369 1536 1533 1576; x_wconf 87' lang='lat' dir='ltr'>sudoris</span> <span class='ocrx_word' id='word_1_177' title='bbox 1551 1528 1654 1596; x_wconf 47' lang='grc' dir='ltr'>ἓξὲξ</span> <span class='ocrx_word' id='word_1_178' title='bbox 1665 1525 1738 1607; x_wconf 49' lang='lat'>12¹3]</span> 
     </span>
    </p>
   </div>
   <div class='ocr_carea' id='block_1_15' title="bbox 73 1599 1738 1725">
    <p class='ocr_par' dir='ltr' id='par_1_15' title="bbox 73 1599 1738 1725">
     <span class='ocr_line' id='line_1_22' title="bbox 73 1599 1698 1658; baseline 0.002 -18"><span class='ocrx_word' id='word_1_179' title='bbox 73 1599 240 1653; x_wconf 86' lang='lat' dir='ltr'>prodire</span> <span class='ocrx_word' id='word_1_180' title='bbox 275 1600 534 1654; x_wconf 85' lang='lat' dir='ltr'>inceperant,</span> <span class='ocrx_word' id='word_1_181' title='bbox 576 1606 722 1654; x_wconf 86' lang='lat' dir='ltr'>postea</span> <span class='ocrx_word' id='word_1_182' title='bbox 762 1602 945 1642; x_wconf 89' lang='lat' dir='ltr'>deterior</span> <span class='ocrx_word' id='word_1_183' title='bbox 980 1601 1119 1642; x_wconf 90' lang='lat' dir='ltr'>evadit</span> <span class='ocrx_word' id='word_1_184' title='bbox 1155 1603 1355 1644; x_wconf 87' lang='lat' dir='ltr'>conditio.</span> <span class='ocrx_word' id='word_1_185' title='bbox 1417 1604 1533 1644; x_wconf 88' lang='lat' dir='ltr'>Nam</span> <span class='ocrx_word' id='word_1_186' title='bbox 1552 1609 1617 1658; x_wconf 54' lang='lat' dir='ltr'>fiir?</span> <span class='ocrx_word' id='word_1_187' title='bbox 1629 1610 1698 1658; x_wconf 60' lang='lat' dir='ltr'>jam</span> 
     </span>
     <span class='ocr_line' id='line_1_23' title="bbox 74 1658 1738 1725; baseline 0.002 -17"><span class='ocrx_word' id='word_1_188' title='bbox 74 1667 283 1709; x_wconf 89' lang='lat' dir='ltr'>subducta</span> <span class='ocrx_word' id='word_1_189' title='bbox 304 1683 410 1722; x_wconf 91' lang='lat' dir='ltr'>quae</span> <span class='ocrx_word' id='word_1_190' title='bbox 431 1683 500 1710; x_wconf 90' lang='lat' dir='ltr'>eos</span> <span class='ocrx_word' id='word_1_191' title='bbox 520 1670 566 1710; x_wconf 92' lang='lat' dir='ltr'>in</span> <span class='ocrx_word' id='word_1_192' title='bbox 587 1670 743 1710; x_wconf 90' lang='lat' dir='ltr'>molem</span> <span class='ocrx_word' id='word_1_193' title='bbox 764 1670 956 1710; x_wconf 86' lang='lat' dir='ltr'>attollere</span> <span class='ocrx_word' id='word_1_194' title='bbox 977 1669 1149 1710; x_wconf 89' lang='lat' dir='ltr'>deberet</span> <span class='ocrx_word' id='word_1_195' title='bbox 1177 1671 1378 1711; x_wconf 90' lang='lat' dir='ltr'>materiae</span> <span class='ocrx_word' id='word_1_196' title='bbox 1398 1676 1530 1725; x_wconf 88' lang='lat' dir='ltr'>parte,</span> <span class='ocrx_word' id='word_1_197' title='bbox 1549 1658 1738 1725; x_wconf 52' lang='grc' dir='ltr'>ζῐζῗῗζξῗζθε</span> 
     </span>
    </p>
   </div>
   <div class='ocr_carea' id='block_1_16' title="bbox 72 1737 1716 2076">
    <p class='ocr_par' dir='ltr' id='par_1_16' title="bbox 72 1737 1716 2076">
     <span class='ocr_line' id='line_1_24' title="bbox 74 1737 1680 1791; baseline 0.002 -14"><span class='ocrx_word' id='word_1_198' title='bbox 74 1740 148 1777; x_wconf 76' lang='lat' dir='ltr'>aut</span> <span class='ocrx_word' id='word_1_199' title='bbox 170 1737 221 1777; x_wconf 91' lang='lat' dir='ltr'>de</span> <span class='ocrx_word' id='word_1_200' title='bbox 242 1737 355 1778; x_wconf 89' lang='lat' dir='ltr'>facili</span> <span class='ocrx_word' id='word_1_201' title='bbox 375 1738 488 1778; x_wconf 90' lang='lat' dir='ltr'>intro</span> <span class='ocrx_word' id='word_1_202' title='bbox 509 1743 714 1788; x_wconf 90' lang='lat' dir='ltr'>remeant,</span> <span class='ocrx_word' id='word_1_203' title='bbox 737 1743 811 1778; x_wconf 88' lang='lat' dir='ltr'>aut</span> <span class='ocrx_word' id='word_1_204' title='bbox 833 1738 984 1778; x_wconf 89' lang='lat' dir='ltr'>saltem</span> <span class='ocrx_word' id='word_1_205' title='bbox 1007 1738 1059 1778; x_wconf 91' lang='lat' dir='ltr'>ad</span> <span class='ocrx_word' id='word_1_206' title='bbox 1080 1738 1292 1791; x_wconf 85' lang='lat' dir='ltr'>legitimos</span> <span class='ocrx_word' id='word_1_207' title='bbox 1315 1739 1530 1780; x_wconf 86' lang='lat' dir='ltr'>abscessus</span> <span class='ocrx_word' id='word_1_208' title='bbox 1549 1741 1612 1773; x_wconf 83' lang='lat' dir='ltr'>ant,</span> <span class='ocrx_word' id='word_1_209' title='bbox 1629 1738 1680 1767; x_wconf 84' lang='lat' dir='ltr'>vel</span> 
     </span>
     <span class='ocr_line' id='line_1_25' title="bbox 72 1789 1716 1862; baseline 0.002 -18"><span class='ocrx_word' id='word_1_210' title='bbox 72 1818 294 1858; x_wconf 90' lang='lat' dir='ltr'>nunquam</span> <span class='ocrx_word' id='word_1_211' title='bbox 333 1806 627 1859; x_wconf 88' lang='lat' dir='ltr'>perducuntur</span> <span class='ocrx_word' id='word_1_212' title='bbox 638 1823 650 1855; x_wconf 76' lang='lat'><em>3</em></span> <span class='ocrx_word' id='word_1_213' title='bbox 702 1805 1076 1859; x_wconf 87' lang='lat' dir='ltr'>(quemadmodum</span> <span class='ocrx_word' id='word_1_214' title='bbox 1107 1807 1237 1846; x_wconf 86' lang='lat' dir='ltr'>etiam</span> <span class='ocrx_word' id='word_1_215' title='bbox 1276 1807 1323 1846; x_wconf 91' lang='lat' dir='ltr'>in</span> <span class='ocrx_word' id='word_1_216' title='bbox 1362 1807 1529 1848; x_wconf 88' lang='lat' dir='ltr'>variolis</span> <span class='ocrx_word' id='word_1_217' title='bbox 1548 1789 1716 1862; x_wconf 49' lang='lat' dir='ltr'>gffliggsslil</span> 
     </span>
     <span class='ocr_line' id='line_1_26' title="bbox 73 1866 1686 1938; baseline 0.002 -26"><span class='ocrx_word' id='word_1_218' title='bbox 73 1872 260 1913; x_wconf 86' lang='lat' dir='ltr'>accidere</span> <span class='ocrx_word' id='word_1_219' title='bbox 291 1874 412 1923; x_wconf 89' lang='lat' dir='ltr'>solet,</span> <span class='ocrx_word' id='word_1_220' title='bbox 435 1873 598 1926; x_wconf 89' lang='lat' dir='ltr'>quoties</span> <span class='ocrx_word' id='word_1_221' title='bbox 627 1887 752 1926; x_wconf 85' lang='lat' dir='ltr'>aeger</span> <span class='ocrx_word' id='word_1_222' title='bbox 782 1888 856 1926; x_wconf 88' lang='lat' dir='ltr'>per</span> <span class='ocrx_word' id='word_1_223' title='bbox 890 1873 1048 1926; x_wconf 90' lang='lat' dir='ltr'>primos</span> <span class='ocrx_word' id='word_1_224' title='bbox 1074 1873 1161 1914; x_wconf 91' lang='lat' dir='ltr'>dies</span> <span class='ocrx_word' id='word_1_225' title='bbox 1193 1874 1427 1927; x_wconf 90' lang='lat' dir='ltr'>impensius</span> <span class='ocrx_word' id='word_1_226' title='bbox 1460 1889 1528 1915; x_wconf 90' lang='lat' dir='ltr'>su-</span> <span class='ocrx_word' id='word_1_227' title='bbox 1547 1866 1686 1938; x_wconf 49' lang='grc' dir='ltr'>Ξὲζὸἶῖ·</span> 
     </span>
     <span class='ocr_line' id='line_1_27' title="bbox 73 1938 1661 1993; baseline 0.001 -15"><span class='ocrx_word' id='word_1_228' title='bbox 73 1938 186 1979; x_wconf 77' lang='lat' dir='ltr'>davit</span> <span class='ocrx_word' id='word_1_229' title='bbox 200 1941 228 1991; x_wconf 63' lang='grc' dir='ltr'>ς)</span> <span class='ocrx_word' id='word_1_230' title='bbox 265 1945 433 1993; x_wconf 88' lang='lat' dir='ltr'>recepto</span> <span class='ocrx_word' id='word_1_231' title='bbox 455 1945 598 1980; x_wconf 87' lang='lat' dir='ltr'>autem</span> <span class='ocrx_word' id='word_1_232' title='bbox 620 1941 759 1981; x_wconf 90' lang='lat' dir='ltr'>denuo</span> <span class='ocrx_word' id='word_1_233' title='bbox 781 1941 895 1981; x_wconf 86' lang='lat' dir='ltr'>iutra</span> <span class='ocrx_word' id='word_1_234' title='bbox 915 1955 1057 1981; x_wconf 86' lang='lat' dir='ltr'>muros</span> <span class='ocrx_word' id='word_1_235' title='bbox 1073 1942 1195 1982; x_wconf 89' lang='lat' dir='ltr'>hoste</span> <span class='ocrx_word' id='word_1_236' title='bbox 1216 1942 1348 1991; x_wconf 88' lang='lat' dir='ltr'>ferali,</span> <span class='ocrx_word' id='word_1_237' title='bbox 1366 1942 1411 1982; x_wconf 89' lang='lat' dir='ltr'>in</span> <span class='ocrx_word' id='word_1_238' title='bbox 1433 1956 1528 1982; x_wconf 85' lang='lat' dir='ltr'>san·</span> <span class='ocrx_word' id='word_1_239' title='bbox 1546 1951 1661 1988; x_wconf 81' lang='lat' dir='ltr'>perdu-</span> 
     </span>
     <span class='ocr_line' id='line_1_28' title="bbox 73 1997 1690 2076; baseline 0.002 -31"><span class='ocrx_word' id='word_1_240' title='bbox 73 2006 201 2058; x_wconf 86' lang='lat' dir='ltr'>guine</span> <span class='ocrx_word' id='word_1_241' title='bbox 228 2008 454 2047; x_wconf 88' lang='lat' dir='ltr'>commotio</span> <span class='ocrx_word' id='word_1_242' title='bbox 485 2008 705 2057; x_wconf 83' lang='lat' dir='ltr'>excitatur,</span> <span class='ocrx_word' id='word_1_243' title='bbox 727 2009 846 2061; x_wconf 85' lang='lat' dir='ltr'>cujus</span> <span class='ocrx_word' id='word_1_244' title='bbox 868 2022 994 2061; x_wconf 87' lang='lat' dir='ltr'>opera</span> <span class='ocrx_word' id='word_1_245' title='bbox 1015 2022 1063 2049; x_wconf 88' lang='lat' dir='ltr'>eo</span> <span class='ocrx_word' id='word_1_246' title='bbox 1085 2023 1168 2062; x_wconf 91' lang='lat' dir='ltr'>quo</span> <span class='ocrx_word' id='word_1_247' title='bbox 1190 2009 1380 2062; x_wconf 89' lang='lat' dir='ltr'>superius</span> <span class='ocrx_word' id='word_1_248' title='bbox 1400 2009 1527 2049; x_wconf 90' lang='lat' dir='ltr'>innu-</span> <span class='ocrx_word' id='word_1_249' title='bbox 1546 1997 1690 2076; x_wconf 47' lang='grc' dir='ltr'>Ξὲἓῐξξπίη</span> 
     </span>
    </p>
   </div>
   <div class='ocr_carea' id='block_1_17' title="bbox 71 2073 1737 2128">
    <p class='ocr_par' dir='ltr' id='par_1_17' title="bbox 71 2073 1737 2128">
     <span class='ocr_line' id='line_1_29' title="bbox 71 2073 1737 2128; baseline 0.004 -15"><span class='ocrx_word' id='word_1_250' title='bbox 71 2073 182 2113; x_wconf 85' lang='lat' dir='ltr'>imus</span> <span class='ocrx_word' id='word_1_251' title='bbox 213 2074 338 2115; x_wconf 90' lang='lat' dir='ltr'>modo</span> <span class='ocrx_word' id='word_1_252' title='bbox 365 2089 487 2128; x_wconf 88' lang='lat' dir='ltr'>saepe</span> <span class='ocrx_word' id='word_1_253' title='bbox 515 2075 769 2128; x_wconf 87' lang='lat' dir='ltr'>ecthymata,</span> <span class='ocrx_word' id='word_1_254' title='bbox 791 2076 1055 2116; x_wconf 90' lang='lat' dir='ltr'>imminentis</span> <span class='ocrx_word' id='word_1_255' title='bbox 1082 2076 1189 2116; x_wconf 88' lang='lat' dir='ltr'>lethi</span> <span class='ocrx_word' id='word_1_256' title='bbox 1217 2077 1387 2126; x_wconf 90' lang='lat' dir='ltr'>indicia,</span> <span class='ocrx_word' id='word_1_257' title='bbox 1416 2077 1526 2117; x_wconf 90' lang='lat' dir='ltr'>foras</span> <span class='ocrx_word' id='word_1_258' title='bbox 1544 2088 1737 2119; x_wconf 76' lang='lat' dir='ltr'>variolarum</span> 
     </span>
    </p>
   </div>
   <div class='ocr_carea' id='block_1_18' title="bbox 1552 479 1736 487">
    <p class='ocr_par' dir='ltr' id='par_1_18' title="bbox 1552 479 1736 487">
     <span class='ocr_line' id='line_1_30' title="bbox 1552 479 1736 487; baseline 0 0"><span class='ocrx_word' id='word_1_259' title='bbox 1552 479 1736 487; x_wconf 95' lang='lat' dir='ltr'> </span> 
     </span>
    </p>
   </div>
   <div class='ocr_carea' id='block_1_19' title="bbox 70 2130 1734 2264">
    <p class='ocr_par' dir='ltr' id='par_1_19' title="bbox 70 2130 1734 2264">
     <span class='ocr_line' id='line_1_31' title="bbox 70 2130 1734 2204; baseline 0.014 -24"><span class='ocrx_word' id='word_1_260' title='bbox 70 2142 379 2195; x_wconf 86' lang='lat' dir='ltr'>propelluntur.</span> <span class='ocrx_word' id='word_1_261' title='bbox 1544 2130 1734 2204; x_wconf 44' lang='lat' dir='ltr'>2325?quss</span> 
     </span>
     <span class='ocr_line' id='line_1_32' title="bbox 136 2209 1687 2264; baseline 0.003 -15"><span class='ocrx_word' id='word_1_262' title='bbox 136 2209 243 2263; x_wconf 65' lang='lat'><strong>[33]</strong></span> <span class='ocrx_word' id='word_1_263' title='bbox 282 2210 444 2250; x_wconf 68' lang='lat' dir='ltr'>Verum</span> <span class='ocrx_word' id='word_1_264' title='bbox 473 2210 727 2263; x_wconf 88' lang='lat' dir='ltr'>quibusnam</span> <span class='ocrx_word' id='word_1_265' title='bbox 757 2210 892 2251; x_wconf 91' lang='lat' dir='ltr'>modis</span> <span class='ocrx_word' id='word_1_266' title='bbox 912 2210 978 2250; x_wconf 90' lang='lat' dir='ltr'>his</span> <span class='ocrx_word' id='word_1_267' title='bbox 1007 2210 1182 2264; x_wconf 88' lang='lat' dir='ltr'>aliisque</span> <span class='ocrx_word' id='word_1_268' title='bbox 1207 2211 1526 2252; x_wconf 84' lang='lat' dir='ltr'>difficultatibus</span> <span class='ocrx_word' id='word_1_269' title='bbox 1544 2215 1687 2246; x_wconf 77' lang='lat' dir='ltr'>ciditea-</span> 
     </span>
    </p>
   </div>
   <div class='ocr_carea' id='block_1_20' title="bbox 70 2258 1670 2332">
    <p class='ocr_par' dir='ltr' id='par_1_20' title="bbox 70 2258 1670 2332">
     <span class='ocr_line' id='line_1_33' title="bbox 155 2258 1670 2289; baseline 0.003 -5"><span class='ocrx_word' id='word_1_270' title='bbox 155 2276 162 2284; x_wconf 90' lang='lat'>.</span> <span class='ocrx_word' id='word_1_271' title='bbox 260 2278 267 2284; x_wconf 92' lang='lat'>.</span> <span class='ocrx_word' id='word_1_272' title='bbox 297 2278 304 2284; x_wconf 89' lang='lat'><strong>.</strong></span> <span class='ocrx_word' id='word_1_273' title='bbox 429 2278 435 2284; x_wconf 94' lang='lat'><strong>.</strong></span> <span class='ocrx_word' id='word_1_274' title='bbox 760 2279 767 2286; x_wconf 95' lang='lat'>.</span> <span class='ocrx_word' id='word_1_275' title='bbox 1138 2279 1144 2286; x_wconf 93' lang='lat'><strong><em>.</em></strong></span> <span class='ocrx_word' id='word_1_276' title='bbox 1211 2279 1218 2286; x_wconf 93' lang='lat'>.</span> <span class='ocrx_word' id='word_1_277' title='bbox 1544 2258 1615 2287; x_wconf 82' lang='lat' dir='ltr'>dem</span> <span class='ocrx_word' id='word_1_278' title='bbox 1632 2259 1670 2289; x_wconf 86' lang='lat' dir='ltr'>de</span> 
     </span>
     <span class='ocr_line' id='line_1_34' title="bbox 70 2276 1647 2332; baseline 0.001 -15"><span class='ocrx_word' id='word_1_279' title='bbox 70 2276 237 2318; x_wconf 84' lang='lat' dir='ltr'>obv1am</span> <span class='ocrx_word' id='word_1_280' title='bbox 257 2292 307 2317; x_wconf 87' lang='lat' dir='ltr'>1r1</span> <span class='ocrx_word' id='word_1_281' title='bbox 329 2283 471 2331; x_wconf 84' lang='lat' dir='ltr'>possit,</span> <span class='ocrx_word' id='word_1_282' title='bbox 493 2283 543 2319; x_wconf 93' lang='lat' dir='ltr'>ut</span> <span class='ocrx_word' id='word_1_283' title='bbox 563 2279 822 2319; x_wconf 78' lang='lat' dir='ltr'>luculentius</span> <span class='ocrx_word' id='word_1_284' title='bbox 852 2283 1053 2332; x_wconf 84' lang='lat' dir='ltr'>patescat,</span> <span class='ocrx_word' id='word_1_285' title='bbox 1077 2279 1178 2331; x_wconf 81' lang='lat' dir='ltr'>quld</span> <span class='ocrx_word' id='word_1_286' title='bbox 1208 2293 1253 2318; x_wconf 87' lang='lat'>111</span> <span class='ocrx_word' id='word_1_287' title='bbox 1274 2279 1353 2319; x_wconf 90' lang='lat' dir='ltr'>hoc</span> <span class='ocrx_word' id='word_1_288' title='bbox 1377 2279 1526 2320; x_wconf 91' lang='lat' dir='ltr'>morbo</span> <span class='ocrx_word' id='word_1_289' title='bbox 1542 2310 1647 2331; x_wconf 72' lang='lat' dir='ltr'>causa.</span> 
     </span>
    </p>
   </div>
   <div class='ocr_carea' id='block_1_21' title="bbox 66 2346 1527 2943">
    <p class='ocr_par' dir='ltr' id='par_1_21' title="bbox 70 2346 1527 2468">
     <span class='ocr_line' id='line_1_35' title="bbox 71 2346 1527 2399; baseline 0.002 -14"><span class='ocrx_word' id='word_1_290' title='bbox 71 2359 96 2385; x_wconf 89' lang='lat' dir='ltr'>a</span> <span class='ocrx_word' id='word_1_291' title='bbox 126 2360 194 2386; x_wconf 89' lang='lat' dir='ltr'>me</span> <span class='ocrx_word' id='word_1_292' title='bbox 226 2360 301 2399; x_wconf 91' lang='lat' dir='ltr'>pro</span> <span class='ocrx_word' id='word_1_293' title='bbox 326 2346 498 2386; x_wconf 91' lang='lat' dir='ltr'>modulo</span> <span class='ocrx_word' id='word_1_294' title='bbox 534 2361 628 2387; x_wconf 89' lang='lat' dir='ltr'>meo</span> <span class='ocrx_word' id='word_1_295' title='bbox 658 2347 819 2387; x_wconf 87' lang='lat' dir='ltr'>factum</span> <span class='ocrx_word' id='word_1_296' title='bbox 847 2347 1200 2399; x_wconf 81' lang='lat' dir='ltr'>observatumque</span> <span class='ocrx_word' id='word_1_297' title='bbox 1233 2346 1374 2396; x_wconf 88' lang='lat' dir='ltr'>fuerit,</span> <span class='ocrx_word' id='word_1_298' title='bbox 1402 2346 1527 2388; x_wconf 90' lang='lat' dir='ltr'>initio</span> 
     </span>
     <span class='ocr_line' id='line_1_36' title="bbox 70 2414 1521 2468; baseline 0.001 -15"><span class='ocrx_word' id='word_1_299' title='bbox 70 2427 95 2453; x_wconf 91' lang='lat' dir='ltr'>a</span> <span class='ocrx_word' id='word_1_300' title='bbox 114 2427 301 2467; x_wconf 88' lang='lat' dir='ltr'>nuperae</span> <span class='ocrx_word' id='word_1_301' title='bbox 322 2414 404 2454; x_wconf 89' lang='lat' dir='ltr'>luis</span> <span class='ocrx_word' id='word_1_302' title='bbox 424 2415 664 2468; x_wconf 85' lang='lat' dir='ltr'>primordiis</span> <span class='ocrx_word' id='word_1_303' title='bbox 686 2415 826 2465; x_wconf 90' lang='lat' dir='ltr'>ducto,</span> <span class='ocrx_word' id='word_1_304' title='bbox 849 2429 1015 2454; x_wconf 88' lang='lat' dir='ltr'>summa</span> <span class='ocrx_word' id='word_1_305' title='bbox 1036 2415 1118 2455; x_wconf 89' lang='lat' dir='ltr'>fide</span> <span class='ocrx_word' id='word_1_306' title='bbox 1140 2415 1366 2455; x_wconf 87' lang='lat' dir='ltr'>edisserere</span> <span class='ocrx_word' id='word_1_307' title='bbox 1388 2415 1521 2455; x_wconf 87' lang='lat' dir='ltr'>lubet.</span> 
     </span>
    </p>

    <p class='ocr_par' dir='ltr' id='par_1_22' title="bbox 66 2481 1525 2943">
     <span class='ocr_line' id='line_1_37' title="bbox 135 2481 1525 2535; baseline 0.001 -13"><span class='ocrx_word' id='word_1_308' title='bbox 135 2481 241 2535; x_wconf 60' lang='lat'>[34]</span> <span class='ocrx_word' id='word_1_309' title='bbox 280 2482 481 2523; x_wconf 89' lang='lat' dir='ltr'>Nobilem</span> <span class='ocrx_word' id='word_1_310' title='bbox 501 2483 730 2523; x_wconf 87' lang='lat' dir='ltr'>foeminam</span> <span class='ocrx_word' id='word_1_311' title='bbox 752 2483 928 2524; x_wconf 89' lang='lat' dir='ltr'>ineunte</span> <span class='ocrx_word' id='word_1_312' title='bbox 950 2483 1069 2523; x_wconf 87' lang='lat' dir='ltr'>Maio</span> <span class='ocrx_word' id='word_1_313' title='bbox 1091 2497 1203 2523; x_wconf 86' lang='lat' dir='ltr'>anno</span> <span class='ocrx_word' id='word_1_314' title='bbox 1228 2483 1351 2532; x_wconf 82' lang='lat'>1665,</span> <span class='ocrx_word' id='word_1_315' title='bbox 1375 2483 1525 2523; x_wconf 83' lang='lat' dir='ltr'>aetatis</span> 
     </span>
     <span class='ocr_line' id='line_1_38' title="bbox 68 2549 1523 2604; baseline 0.001 -14"><span class='ocrx_word' id='word_1_316' title='bbox 68 2549 234 2591; x_wconf 85' lang='lat' dir='ltr'>circiter</span> <span class='ocrx_word' id='word_1_317' title='bbox 268 2551 396 2590; x_wconf 92' lang='lat' dir='ltr'>unius</span> <span class='ocrx_word' id='word_1_318' title='bbox 437 2556 479 2591; x_wconf 90' lang='lat' dir='ltr'>et</span> <span class='ocrx_word' id='word_1_319' title='bbox 519 2551 671 2604; x_wconf 70' lang='lat' dir='ltr'>viginti</span> <span class='ocrx_word' id='word_1_320' title='bbox 712 2566 935 2601; x_wconf 89' lang='lat' dir='ltr'>annorum,</span> <span class='ocrx_word' id='word_1_321' title='bbox 974 2565 1021 2591; x_wconf 89' lang='lat' dir='ltr'>ac</span> <span class='ocrx_word' id='word_1_322' title='bbox 1056 2556 1393 2604; x_wconf 85' lang='lat' dir='ltr'>temperamento</span> <span class='ocrx_word' id='word_1_323' title='bbox 1429 2565 1523 2591; x_wconf 89' lang='lat' dir='ltr'>san-</span> 
     </span>
     <span class='ocr_line' id='line_1_39' title="bbox 68 2618 1524 2672; baseline 0.001 -14"><span class='ocrx_word' id='word_1_324' title='bbox 68 2618 223 2670; x_wconf 87' lang='lat' dir='ltr'>guineo</span> <span class='ocrx_word' id='word_1_325' title='bbox 257 2619 491 2672; x_wconf 87' lang='lat' dir='ltr'>praeditam</span> <span class='ocrx_word' id='word_1_326' title='bbox 531 2619 668 2659; x_wconf 89' lang='lat' dir='ltr'>invisi.</span> <span class='ocrx_word' id='word_1_327' title='bbox 731 2620 904 2659; x_wconf 85' lang='lat' dir='ltr'>Praeter</span> <span class='ocrx_word' id='word_1_328' title='bbox 934 2619 1113 2659; x_wconf 84' lang='lat' dir='ltr'>Febrem</span> <span class='ocrx_word' id='word_1_329' title='bbox 1154 2618 1373 2658; x_wconf 88' lang='lat' dir='ltr'>ardentem</span> <span class='ocrx_word' id='word_1_330' title='bbox 1416 2633 1524 2672; x_wconf 89' lang='lat' dir='ltr'>quae</span> 
     </span>
     <span class='ocr_line' id='line_1_40' title="bbox 66 2685 1522 2740; baseline 0.001 -14"><span class='ocrx_word' id='word_1_331' title='bbox 66 2685 192 2739; x_wconf 86' lang='lat' dir='ltr'>paulo</span> <span class='ocrx_word' id='word_1_332' title='bbox 213 2691 312 2727; x_wconf 91' lang='lat' dir='ltr'>ante</span> <span class='ocrx_word' id='word_1_333' title='bbox 332 2686 555 2735; x_wconf 87' lang='lat' dir='ltr'>invaserat,</span> <span class='ocrx_word' id='word_1_334' title='bbox 582 2687 833 2728; x_wconf 84' lang='lat' dir='ltr'>vomitiones</span> <span class='ocrx_word' id='word_1_335' title='bbox 854 2687 1123 2740; x_wconf 87' lang='lat' dir='ltr'>importunae</span> <span class='ocrx_word' id='word_1_336' title='bbox 1151 2686 1314 2739; x_wconf 90' lang='lat' dir='ltr'>aliaque</span> <span class='ocrx_word' id='word_1_337' title='bbox 1336 2691 1522 2740; x_wconf 77' lang='lat' dir='ltr'>sympto-</span> 
     </span>
     <span class='ocr_line' id='line_1_41' title="bbox 66 2753 1523 2806; baseline 0.001 -13"><span class='ocrx_word' id='word_1_338' title='bbox 66 2757 183 2794; x_wconf 88' lang='lat' dir='ltr'>mata</span> <span class='ocrx_word' id='word_1_339' title='bbox 213 2753 378 2794; x_wconf 88' lang='lat' dir='ltr'>febrilia</span> <span class='ocrx_word' id='word_1_340' title='bbox 418 2768 587 2806; x_wconf 86' lang='lat' dir='ltr'>aegram</span> <span class='ocrx_word' id='word_1_341' title='bbox 621 2754 932 2795; x_wconf 81' lang='lat' dir='ltr'>excruciabant.</span> <span class='ocrx_word' id='word_1_342' title='bbox 994 2754 1269 2794; x_wconf 84' lang='lat' dir='ltr'>Curationem</span> <span class='ocrx_word' id='word_1_343' title='bbox 1310 2767 1335 2793; x_wconf 86' lang='lat' dir='ltr'>a</span> <span class='ocrx_word' id='word_1_344' title='bbox 1374 2768 1523 2794; x_wconf 82' lang='lat' dir='ltr'>venae-</span> 
     </span>
     <span class='ocr_line' id='line_1_42' title="bbox 67 2821 1523 2876; baseline -0.001 -14"><span class='ocrx_word' id='word_1_345' title='bbox 67 2822 253 2862; x_wconf 83' lang='lat' dir='ltr'>sectione</span> <span class='ocrx_word' id='word_1_346' title='bbox 275 2822 527 2875; x_wconf 89' lang='lat' dir='ltr'>auspicatus,</span> <span class='ocrx_word' id='word_1_347' title='bbox 542 2827 708 2876; x_wconf 88' lang='lat' dir='ltr'>postero</span> <span class='ocrx_word' id='word_1_348' title='bbox 731 2823 797 2862; x_wconf 87' lang='lat' dir='ltr'>die</span> <span class='ocrx_word' id='word_1_349' title='bbox 819 2822 871 2862; x_wconf 85' lang='lat' dir='ltr'>ad</span> <span class='ocrx_word' id='word_1_350' title='bbox 892 2822 1223 2875; x_wconf 75' lang='lat' dir='ltr'>praecavendam</span> <span class='ocrx_word' id='word_1_351' title='bbox 1244 2821 1523 2873; x_wconf 86' lang='lat' dir='ltr'>diarrhoeam,</span> 
     </span>
     <span class='ocr_line' id='line_1_43' title="bbox 70 2890 1520 2943; baseline 0 -13"><span class='ocrx_word' id='word_1_352' title='bbox 70 2890 203 2942; x_wconf 88' lang='lat' dir='ltr'>(quae,</span> <span class='ocrx_word' id='word_1_353' title='bbox 230 2895 277 2931; x_wconf 89' lang='lat' dir='ltr'>ut</span> <span class='ocrx_word' id='word_1_354' title='bbox 311 2891 356 2930; x_wconf 91' lang='lat' dir='ltr'>in</span> <span class='ocrx_word' id='word_1_355' title='bbox 392 2890 567 2943; x_wconf 76' lang='lat' dir='ltr'>hujusce</span> <span class='ocrx_word' id='word_1_356' title='bbox 599 2892 820 2931; x_wconf 80' lang='lat' dir='ltr'>Tractatus</span> <span class='ocrx_word' id='word_1_357' title='bbox 854 2891 976 2930; x_wconf 85' lang='lat' dir='ltr'>initio</span> <span class='ocrx_word' id='word_1_358' title='bbox 1018 2890 1061 2941; x_wconf 86' lang='lat' dir='ltr'>[i.</span> <span class='ocrx_word' id='word_1_359' title='bbox 1096 2892 1134 2930; x_wconf 74' lang='lat'>4.</span> <span class='ocrx_word' id='word_1_360' title='bbox 1165 2892 1227 2943; x_wconf 88' lang='lat'>9.]</span> <span class='ocrx_word' id='word_1_361' title='bbox 1263 2890 1520 2940; x_wconf 84' lang='lat' dir='ltr'>monuimus,</span> 
     </span>
    </p>
   </div>
  </div>
 </body>
</html>
