1985 3308
249 285 302 314 Da
321 285 398 315 Lux-2

226 327 409 358 vssxmm.

225 387 332 416 minus
349 398 400 427 pe-

433 176 518 215 326
599 176 735 217 THO.
771 176 1112 217 SYDENHAM
1143 176 1327 217 EPIST.
1354 176 1417 216 II.
1441 175 1723 216 RESPONS.

431 276 608 318 eandem
639 277 766 331 longe
796 277 1028 319 faciliorem
1057 291 1160 328 esse,
1182 277 1324 318 minus
1354 275 1504 317 itidem
1533 274 1824 328 periculosam,
1847 280 1889 316 et

428 345 570 385 minus
589 345 796 386 recidivae
812 345 1038 386 obnoxiam
1051 362 1062 396 ;
1096 345 1209 399 quod
1229 344 1518 397 experimento
1539 356 1614 383 suo
1631 342 1762 383 discet
1776 342 1887 396 quis-

224 429 369 465 riculosa‚
381 435 411 460 et
429 413 522 465 quis
552 412 598 453 in
629 413 761 454 altera
791 413 911 467 praxi
940 418 1143 463 versatus,
1167 413 1220 453 ad
1255 412 1367 452 hanc
1403 425 1447 452 se
1480 410 1653 452 demum
1685 410 1886 452 conferet.

222 472 378 503 recidivae

223 514 331 544 minus
344 516 398 545 ob-

222 557 328 587 noxia.

428 480 542 521 Mihi
568 481 718 522 saltem
750 495 801 523 ex
831 481 963 522 animi
993 480 1206 522 sententia
1237 479 1436 520 successit
1466 479 1513 519 in
1543 492 1672 532 quam
1694 478 1887 532 plurimis

425 548 574 601 aegris,
597 563 778 602 quorum
798 563 881 590 non
889 549 995 589 nulli
1023 547 1278 588 salivationis
1300 547 1490 588 taedium
1519 550 1561 588 et
1580 545 1771 587 laborem
1790 546 1886 600 plus

425 615 556 655 semel
586 615 704 656 irrito
734 621 890 656 conatu
923 615 1253 665 exantlaverant,
1285 614 1514 655 recidivam
1544 627 1710 668 semper
1745 613 1886 656 denuo

423 682 535 735 passi
557 697 607 724 ex
629 682 931 733 occasionibus,
954 688 997 723 et
1016 686 1193 736 propter
1214 696 1373 732 causaS‚
1397 696 1499 736 quas
1521 696 1649 736 supra
1678 695 1885 724 memora-

425 764 576 791 vimus.

487 850 594 904 [41]
633 850 737 891 Non
766 856 829 891 est
860 854 1017 901 autem,
1039 850 1118 891 Vir
1146 850 1468 901 Candidissime,
1490 864 1566 891 cur
1592 850 1729 891 Tuam
1755 850 1884 892 fidem

419 917 644 958 verborum
666 917 914 971 ambagibus
935 918 1058 958 anxie
1080 917 1315 967 sollicitem,
1334 917 1418 970 qui,
1437 916 1694 971 jamdudum
1716 917 1767 958 de
1787 931 1882 971 pro-

419 984 552 1026 bitate
572 999 669 1025 mea
694 986 1049 1038 persuasissimus,
1073 985 1375 1026 existimationi
1396 985 1525 1026 etiam
1553 990 1724 1026 nostrae
1745 984 1883 1026 favere

419 1051 618 1105 dignaris.
681 1053 811 1093 Plura
842 1052 986 1106 itaque
1018 1052 1069 1093 de
1095 1052 1176 1093 hoc
1201 1052 1351 1094 morbo
1380 1067 1470 1094 non
1501 1053 1623 1103 addo,
1651 1067 1748 1094 cum
1778 1053 1884 1094 mihi

417 1119 667 1173 neutiquam
697 1120 861 1173 placeat
892 1120 992 1175 (nec
1021 1120 1205 1174 placebit
1234 1121 1456 1174 unquam,)
1489 1121 1628 1174 longis
1655 1120 1881 1162 verborum

417 1187 666 1240 ambagibus
694 1193 736 1228 et
768 1188 1032 1229 sermonibus
1054 1186 1405 1244 ἀπροσδιονύσοις
1430 1189 1632 1230 nucleum
1655 1188 1880 1240 involvere,

415 1270 499 1309 quo
528 1256 589 1296 rei
621 1260 761 1309 caput,
784 1270 862 1297 ceu
889 1257 980 1297 Nili
1009 1257 1117 1307 fons,
1141 1257 1308 1310 aegrius
1337 1257 1592 1298 innotescat.
1655 1257 1881 1299 Quantali-

414 1337 582 1376 cunque
605 1328 748 1364 autem
771 1325 823 1364 sit
845 1324 924 1365 hoc
946 1325 1199 1378 opusculum
1230 1325 1313 1365 sive
1343 1324 1481 1378 pretii,
1505 1324 1589 1365 sive
1610 1324 1746 1375 molis,
1768 1324 1812 1365 id
1832 1329 1881 1366 ut

414 1391 514 1432 boni
536 1392 731 1433 consulas
751 1407 868 1446 rogo,
892 1407 989 1433 cum
1009 1393 1116 1433 illud
1137 1407 1186 1433 eo
1211 1392 1437 1446 praecipue
1457 1393 1542 1433 fine
1564 1392 1878 1442 elaboraverim,

412 1464 462 1499 ut
484 1464 526 1500 et
553 1460 599 1499 in
618 1459 782 1500 bonum
803 1460 1022 1514 publicum
1050 1460 1231 1510 cederet,
1255 1465 1297 1501 et
1321 1474 1404 1513 quo
1431 1460 1477 1500 in
1499 1461 1558 1501 Te
1579 1474 1715 1500 essem
1737 1460 1880 1501 animo

411 1527 552 1580 palam
572 1532 752 1568 testarer
764 1545 775 1578 3
809 1528 1125 1581 quantumlibet
1148 1534 1291 1568 autem
1312 1528 1455 1581 magni
1475 1528 1535 1569 Te
1556 1528 1722 1578 faciam,
1744 1528 1881 1581 major

412 1600 560 1636 tamen
591 1596 730 1637 adhuc
757 1596 851 1636 Tibi
880 1596 1015 1637 honos
1047 1596 1228 1637 debetur
1258 1602 1300 1637 et
1333 1611 1357 1636 a
1386 1610 1467 1646 me,
1491 1601 1533 1636 et
1565 1596 1617 1636 ab
1647 1596 1697 1636 iis
1729 1595 1880 1649 quibus

413 1677 579 1703 summa
606 1664 679 1704 illa
710 1664 801 1704 Tua
831 1664 1025 1714 eruditio,
1048 1679 1217 1705 morum
1249 1664 1443 1714 suavitas,
1466 1663 1681 1717 animique
1708 1663 1879 1715 candor,

412 1736 686 1785 caeteraeque
715 1732 892 1772 virtutes
923 1732 1049 1772 laude
1078 1731 1363 1784 dignissimae,
1386 1731 1446 1772 ita
1476 1731 1587 1771 clare
1618 1731 1877 1772 elucescunt.

413 1800 545 1840 Haud
586 1800 781 1853 equidem
821 1800 916 1841 Tibi
956 1805 1160 1850 assentor,
1199 1800 1363 1853 quoties
1402 1800 1605 1853 profiteor
1638 1813 1707 1840 me
1741 1800 1879 1840 Tuam

412 1868 653 1918 amicitiam,
690 1882 741 1908 ex
777 1882 859 1921 quo
895 1882 963 1908 me
996 1868 1183 1921 primum
1219 1882 1268 1908 ea
1301 1867 1624 1918 condecorabas,
1661 1868 1772 1908 inter
1806 1868 1879 1910 illa

411 1950 516 1988 quae
544 1935 648 1975 mihi
673 1936 908 1989 comparavi
937 1935 1241 1989 pretiosissima
1266 1936 1685 1990 luculentissimaque
1713 1950 1878 1990 semper

409 2003 620 2044 habuisse.
682 2005 805 2045 Inter
832 2005 913 2045 alia
941 2005 1055 2045 enim
1082 2004 1130 2045 in
1155 2004 1271 2045 brevi
1296 2004 1406 2045 vitae
1431 2004 1640 2045 curriculo
1662 2019 1686 2045 a
1712 2018 1782 2045 me
1803 2004 1875 2046 ob-

410 2076 573 2112 servata
601 2071 802 2112 eximium
827 2077 891 2113 est
920 2073 1050 2124 istud,
1076 2073 1206 2126 (quod
1226 2072 1356 2113 etiam
1376 2072 1462 2113 filio
1486 2087 1582 2113 meo
1606 2072 1875 2114 commenda-

408 2138 621 2180 tissimum
651 2154 740 2181 esse
769 2141 892 2194 volo,)
926 2141 1152 2181 hominum
1184 2140 1341 2181 scilicet
1372 2140 1584 2195 probitate
1615 2140 1875 2194 caeterisque

409 2207 636 2248 virtutibus
666 2209 1017 2262 praecellentium
1048 2209 1402 2250 consuetudinem
1433 2223 1598 2263 semper
1626 2209 1731 2249 mihi
1761 2223 1874 2250 com-

408 2275 535 2316 modo
551 2276 722 2317 vertisse
745 2283 872 2331 atque
894 2277 1184 2319 emolumento
1197 2295 1208 2328 ς
1236 2282 1363 2332 atque
1381 2292 1431 2319 ex
1447 2278 1633 2328 adverso,
1650 2292 1874 2332 pravorum

410 2345 650 2396 amicitiam,
678 2346 775 2398 (nisi
795 2360 845 2387 ea
865 2347 1004 2400 potius
1027 2347 1283 2397 combinatio,
1307 2347 1391 2387 sive
1413 2347 1541 2388 etiam
1564 2347 1791 2400 conjuratio
1812 2347 1874 2388 di-

409 2412 543 2453 cenda
571 2413 637 2463 sit,
661 2428 768 2467 quae
794 2414 841 2454 in
861 2415 1019 2455 virtute
1046 2429 1135 2455 non
1162 2414 1398 2467 fundatur,)
1432 2415 1621 2469 quamvis
1649 2429 1729 2456 nec
1755 2414 1873 2456 dictu

409 2494 488 2521 nec
520 2481 641 2522 vultu
668 2482 839 2536 quidem
871 2497 940 2523 me
969 2482 1171 2524 laeserint
1202 2495 1406 2535 unquam,
1435 2486 1583 2523 tamen
1614 2481 1757 2523 nescio
1790 2495 1873 2536 quo

409 2554 533 2602 pacto
562 2550 739 2591 tandem
767 2550 995 2605 aliquando
1026 2554 1100 2591 aut
1132 2549 1239 2590 mihi
1270 2553 1344 2590 aut
1374 2548 1500 2589 rebus
1531 2548 1636 2589 meis
1666 2547 1769 2588 mali
1798 2553 1873 2589 aut

410 2616 556 2658 damni
577 2618 793 2673 quippiam
814 2619 1037 2661 affricasse.
1080 2618 1202 2668 Vale,
1220 2617 1298 2657 Vir
1316 2616 1652 2667 Humanissime,
1670 2620 1713 2657 et
1731 2629 1872 2657 amare

441 2698 538 2726 erve

410 2698 436 2737 p
487 2719 511 2739 ὃ
1046 2743 1128 2784 Tui
1150 2756 1316 2797 semper
1337 2740 1756 2783 observantissimum

1280 2810 1418 2852 THO.
1454 2808 1810 2851 SYDENHAM.

538 2864 695 2904 [Londini
705 2873 727 2903 q,

455 2916 549 2947 Mart.
571 2920 617 2949 10.
639 2920 810 2961 16ι9-8Ο.]
909 2969 921 2989 q
945 2966 1076 2996 Lamum.
1093 2965 1162 3006 3⁶]
1181 2975 1242 2996 om.
1260 2964 1306 2994 ed.
1325 2965 1386 2994 ,85¹
