1985 3308
233 279 362 309 Fzmus

225 322 373 351 Cox‘rlx.

209 365 395 394 Ausonum

231 407 366 437 ’61-’64.

210 584 328 624 Aeger,
346 585 373 614 si

211 627 244 657 id
261 638 348 657 com-

208 670 302 700 mode
319 670 385 699 fieri

209 713 318 752 possit,
331 713 394 752 pri·

210 764 249 783 us
262 761 308 784 est
319 765 394 794 pur-

211 797 349 836 gandus.

209 1398 348 1436 Vigiliae

208 1446 280 1481 post
299 1441 323 1470 F
326 1451 358 1470 e-

210 1484 298 1513 brem
316 1493 394 1523 quo-

210 1526 305 1555 modo
321 1536 395 1555 cou-

211 1568 388 1607 sopiendae.

212 1664 344 1696 Tcssm.

213 2476 394 2515 Ohamygd.

212 2519 294 2547 dulc.
317 2519 348 2548 in

213 2561 308 2590 Tussi
324 2561 395 2590 reli—

212 2603 283 2642 quis
300 2609 388 2632 aute-

212 2645 377 2675 ferendum
391 2658 397 2680 ς

416 167 472 207 58
825 166 1080 208 ΤΗΟΜΑΕ
1115 165 1454 206 SYDENHAM

414 272 466 306 vel
486 272 617 317 [Form.
639 270 735 314 10.]“·
750 270 790 315 R
817 274 940 317 Aquae
958 273 1164 306 Cerasorum
1183 271 1375 316 Nigrorum
1393 270 1667 315 sesquiunciam,

813 330 932 374 Aquae
951 329 1178 374 Epidemicae
1197 329 1379 362 drachmas
1397 328 1494 368 duas,

812 387 973 420 Laudani
994 385 1133 430 Liquidi
1150 393 1266 430 guttas
1283 385 1444 425 sedecim,

812 444 936 488 Syrupi
955 443 1266 487 Caryophyllorum
1285 442 1485 475 drachmam
1504 452 1631 479 uuam·,

649 502 771 535 Misce.

477 577 585 631 [45]
624 577 739 617 Illud
768 576 943 616 unicum
972 576 1040 616 hic
1072 575 1225 615 addere
1252 574 1402 627 placet,
1427 572 1539 626 quod
1561 572 1613 612 ad
1638 571 1749 611 hanc
1781 582 1871 610 rem

412 645 652 686 observasse
683 659 771 685 non
801 645 1090 684 inconsultum
1131 642 1312 683 arbitror
1328 659 1339 691 ς
1383 655 1536 694 nempe
1568 641 1603 680 si
1633 643 1873 693 symptoma

411 714 491 754 hoc
523 727 706 766 eousque
736 712 929 752 inducias
961 711 1082 760 ferat,
1106 716 1147 750 et
1169 710 1316 750 Febris
1339 709 1442 749 adeo
1467 709 1513 748 in
1544 707 1872 748 diuturnitatem

413 781 535 821 abeat
544 787 574 830 ¹¹,
584 786 632 820 ut
648 794 772 832 aeger
787 785 886 820 ante
903 784 1166 831 assumptum
1182 777 1445 817 narcoticum
1467 775 1685 816 commode
1698 774 1872 827 purgari

413 849 557 902 possit,
572 848 926 887 medicamentum
943 846 1048 886 illud
1065 850 1187 885 tanto
1208 844 1396 884 faelicius
1419 844 1616 884 effectum
1639 857 1761 882 suum
1785 842 1872 882 edi-

413 921 571 955 turum.
647 915 856 956 Quocirca
889 928 966 966 ego
997 914 1203 966 imperare
1237 912 1349 952 soleo
1377 911 1602 964 pilularum
1634 910 1874 950 cochiarum

413 984 618 1037 majorum
646 983 864 1036 scrupulos
890 981 994 1021 duos
1019 981 1065 1020 in
1096 995 1205 1033 aqua
1234 979 1456 1020 betonicae
1485 978 1723 1027 dissolutos,
1746 982 1873 1031 atque

411 1051 491 1090 hoc
526 1050 669 1090 decem
700 1050 765 1090 vel
799 1048 1020 1089 duodecim
1052 1048 1166 1088 horis
1194 1052 1294 1087 ante
1321 1046 1523 1087 narcotici
1554 1045 1871 1086 exhibitionem.

411 1119 565 1171 Neque
583 1118 861 1158 metuendum
876 1121 939 1157 est
962 1131 987 1156 a
1006 1116 1199 1156 tumultu
1214 1115 1300 1165 illo,
1319 1128 1443 1168 quem
1459 1113 1633 1154 calidior
1647 1113 1720 1153 illa
1735 1127 1874 1153 massa

411 1186 635 1239 pilularum
655 1185 756 1225 alias
780 1184 962 1224 excitare
980 1184 1109 1233 solet,
1134 1182 1430 1235 subsequentis
1452 1182 1565 1222 enim
1587 1179 1791 1221 narcotici
1811 1180 1873 1220 vis

411 1253 607 1307 pensabit
628 1253 720 1293 illas
742 1253 902 1303 turbas,
936 1257 978 1293 et
1013 1252 1198 1305 quietem
1221 1251 1510 1291 suavissimam
1532 1248 1871 1290 blandissimam-

413 1335 494 1375 que
514 1321 703 1361 inducet.

471 1389 635 1430 Quodsi
661 1388 828 1441 xigssiae
861 1388 976 1428 ultra
1007 1387 1185 1429 Febrem
1221 1390 1461 1435 excurrant,
1484 1384 1747 1426 cessantibus
1781 1383 1873 1424 aliis

413 1457 780 1511 symptomatibus,
810 1456 1037 1506 observavi,
1060 1456 1240 1496 linteum
1271 1455 1317 1494 in
1348 1469 1457 1508 aqua
1486 1467 1676 1494 rosarum
1704 1453 1873 1493 immer-

414 1539 519 1575 sum,
543 1531 585 1565 et
606 1525 758 1579 frigide
780 1525 964 1578 sincipiti
987 1539 1034 1565 ac
1055 1524 1316 1578 temporibus
1338 1524 1607 1577 applicatum,
1630 1522 1724 1575 plus
1747 1535 1874 1575 quam

413 1593 627 1633 narcotica
649 1592 818 1645 quaevis
839 1593 1073 1645 prodesse0.

479 1661 586 1714 [46]
628 1661 761 1713 Saepe
795 1660 947 1700 accidit
981 1674 1153 1713 aegrum
1190 1673 1265 1712 per
1300 1662 1439 1700 totum
1476 1657 1613 1698 morbi
1648 1657 1873 1698 decursum

413 1728 536 1768 Tussi
567 1728 744 1768 molesta
780 1728 988 1777 divexari,
1031 1727 1232 1767 nimirum
1266 1731 1476 1767 commota
1511 1726 1785 1766 vehementer
1825 1738 1874 1765 ac

413 1796 706 1836 tumultuante
741 1795 975 1848 sanguinea
1008 1796 1130 1845 mole,
1166 1794 1363 1834 omnibus
1400 1795 1489 1847 jam
1532 1793 1585 1833 ad
1621 1793 1874 1833 seditionem

414 1870 456 1904 et
477 1863 662 1917 partium
689 1863 829 1903 studia
857 1863 1161 1916 spectantibus,
1184 1863 1233 1902 fit
1254 1868 1302 1902 ut
1331 1862 1529 1901 humores
1552 1860 1722 1914 quidam
1746 1860 1874 1901 soluti

414 1932 737 1984 diffluentesque
759 1945 781 1971 e
810 1945 947 1971 massa
968 1931 1187 1983 sanguinis
1215 1944 1290 1983 per
1311 1930 1480 1970 vascula
1506 1928 1786 1983 pulmonaria,
1807 1928 1874 1969 vel

414 1999 540 2039 etiam
576 2013 651 2052 per
687 1999 931 2052 diapedesin
963 1999 1009 2038 in
1050 1998 1247 2038 tracheae
1281 1997 1572 2037 membranam
1612 1997 1872 2046 interiorem,

413 2067 666 2107 teneriorem
699 2067 857 2106 scilicet-
889 2072 1015 2119 atque
1047 2066 1255 2119 exquisito
1289 2079 1416 2105 sensu
1450 2064 1699 2118 praeditam,
1734 2069 1873 2105 trans-

413 2135 618 2174 ferantur.
683 2134 798 2174 Hinc
824 2134 967 2174 Tussis
999 2133 1202 2183 oboritur,
1227 2147 1333 2186 quae
1363 2132 1499 2186 primo
1531 2132 1641 2172 sicca
1671 2136 1747 2182 est,
1771 2145 1872 2185 quo-

412 2203 526 2242 niam
567 2201 710 2242 tenuis
753 2202 891 2242 adhuc
932 2201 1109 2242 materia
1144 2202 1227 2241 iim
1265 2200 1540 2254 expultricem
1577 2199 1710 2240 eludit
1723 2216 1735 2250 ;
1777 2214 1874 2240 mox

412 2270 642 2319 crassescit,
665 2275 793 2323 atque
819 2274 1093 2323 expectoratu
1115 2269 1293 2309 difficilis
1320 2268 1472 2317 evadit,
1501 2281 1549 2307 eo
1578 2267 1690 2320 quod
1717 2267 1873 2307 sensim

412 2338 569 2378 Febrili
602 2338 739 2378 calore
770 2342 983 2378 torreatur
1016 2341 1143 2390 atque
1175 2341 1361 2376 assetur:
1394 2335 1494 2375 hinc
1524 2335 1585 2384 fit,
1617 2339 1666 2374 ut
1695 2334 1872 2375 suffoca-

412 2405 540 2445 tionis
562 2412 680 2445 metu
700 2406 955 2459 percellatur
976 2418 1113 2458 aeger,
1135 2410 1283 2457 utpote
1310 2404 1379 2443 cui
1399 2403 1506 2443 vires
1530 2402 1685 2443 desunt
1709 2402 1762 2442 ad
1782 2403 1873 2443 len-

413 2478 500 2514 tam
522 2473 632 2513 hanc
654 2473 938 2526 m'scidamque
960 2473 1178 2513 materiam
1208 2472 1315 2512 tussi
1337 2470 1652 2511 eliminandam.
1713 2471 1806 2524 Ego
1827 2471 1874 2511 in

413 2541 493 2581 hoc
514 2541 669 2582 effectu
689 2555 784 2581 raro
806 2541 887 2581 alio
909 2541 1049 2593 aliquo
1077 2539 1387 2580 medicamento
1412 2544 1522 2588 utor,
1544 2543 1712 2592 praeter
1733 2538 1873 2578 oleum
1927 2557 1930 2559 ·

416 2609 733 2663 amygdalarum
765 2609 952 2649 dulcium
984 2613 1177 2648 recenter
1205 2621 1462 2660 expressum,
1484 2607 1568 2646 nisi
1595 2606 1737 2646 forsan
1766 2606 1872 2647 acci-

459 2720 478 2732 ¹¹¹
505 2715 598 2744 Hanc
614 2715 705 2745 form.
723 2726 784 2746 om.
799 2715 867 2746 edd.
883 2716 946 2752 ’66,
959 2715 1023 2750 '68‚
1037 2714 1090 2746 ’76
1105 2727 1112 2748 ς
1174 2713 1266 2743 dictis
1289 2714 1322 2743 in
1348 2713 1430 2743 Sect.
1453 2713 1496 2742 vi.
1521 2722 1546 2741 c.
1565 2713 1592 2742 3.
1619 2711 1807 2752 plerumque
1823 2721 1872 2741 re-

415 2758 453 2786 cf.
470 2757 560 2786 form.
581 2759 651 2786 144.
1175 2757 1327 2796 spondere
1343 2756 1422 2785 mihi
1437 2755 1612 2790 videantur,
1628 2764 1702 2784 eum
1718 2754 1751 2784 in
1767 2754 1874 2784 locum

459 2800 474 2813 ¹¹
492 2805 520 2828 et
537 2800 644 2829 Febris
755 2800 863 2840 abeat]
882 2810 942 2829 om.
960 2801 1029 2830 edd.
1051 2800 1113 2835 ⁷66,
1175 2799 1341 2832 t1·anstuli;
1377 2799 1518 2836 itemque
1545 2797 1613 2826 add.
1644 2797 1800 2836 quaedam
1825 2796 1872 2826 ed.

421 2841 483 2875 ’GR
501 2842 563 2871 ⁷76-
1176 2843 1227 2871 ’66
1245 2842 1283 2871 de
1301 2843 1396 2871 Febre
1409 2842 1642 2880 Symplomatica
1660 2840 1874 2879 Vernaliquae

458 2882 472 2895 ⁰
499 2883 538 2912 In
563 2884 630 2913 edd.
655 2885 718 2919 ⁹66,
743 2886 794 2915 ’68
819 2890 998 2924 sequuntur
1018 2894 1114 2924 quae-
1174 2890 1247 2924 post
1265 2884 1346 2914 Sect.
1364 2883 1395 2913 ii.
1413 2893 1439 2913 c.
1459 2884 1488 2919 2,
1506 2881 1699 2921 transcripsi.

417 2926 488 2956 dam
521 2926 558 2955 de
584 2927 762 2963 Pleuritide,
791 2938 882 2967 quae,
908 2938 1008 2967 quum
1033 2927 1116 2957 infra
