1985 3308
407 149 800 193 DISSERTATIO
832 149 1233 190 EPISTOLARIS.
1468 150 1549 189 335

99 282 106 285 -
161 260 240 313 [8.]
279 259 413 299 Nulla
451 266 549 299 vero
588 256 723 310 magis
763 254 977 311 προφάσει
1017 259 1287 308 promovetur
1328 253 1552 293 immodica
1571 267 1624 296 DE
1644 267 1754 296 Vmu-

96 328 298 368 materiae
319 327 562 367 Variolosae
593 325 850 374 assimilatio,
881 338 1007 377 quam
1039 324 1073 363 si
1104 337 1229 376 aeger
1258 322 1551 375 intempestive
1571 311 1755 382 ‘'iii-:5515-

97 408 140 435 se
160 395 269 435 lecto
291 394 470 444 addicat,
484 394 677 434 videlicet
694 397 793 433 ante
812 393 924 433 diem
947 396 1113 432 sextum
1128 406 1152 431 a
1166 390 1302 444 prima
1322 390 1550 440 invasione,
1570 397 1754 449 gfffqssa“

33 460 36 463 ⁴
96 462 161 503 vel
194 467 393 515 quartum
414 462 616 503 inclusive
642 461 694 501 ab
717 461 952 514 eruptione,
976 474 1059 513 quo
1086 464 1278 512 tempore
1302 459 1392 512 jam
1413 459 1550 499 omnis
1569 451 1735 491 moadeca.

96 529 366 582 pustularum
395 530 543 570 cohors
570 529 616 569 in
643 533 873 582 conspectu
900 532 976 578 est,
999 541 1077 568 1100
1105 531 1206 567 sunt
1235 527 1376 581 plures
1405 540 1550 580 expec-
1569 505 1758 577 ᾘῙῖζξζζξ

96 597 265 638 tandae.
1570 600 1608 619 ne
1625 600 1718 619 omne

154 665 211 705 Et
231 664 330 705 licet
351 665 592 705 moderatus
613 664 711 705 lecti
732 665 856 714 calor,
876 663 1004 704 etiam
1024 667 1119 716 post
1141 662 1302 715 elapsos
1324 660 1414 701 dies
1434 660 1550 710 istos,
1569 632 1732 704 {dlxiiii-la-

95 730 306 784 phrenesi,
337 731 500 784 vigiliis,
533 732 707 785 aliisque
739 731 1031 786 symptomatis
1068 729 1327 771 accersendis
1357 717 1554 769 nonnihil
1570 727 1735 800 ζέξὲηῖΐτῖμ

96 799 299 849 conferat,
321 813 371 840 ea
394 805 539 839 tamen
567 800 776 853 ejusmodi
801 805 901 839 sunt
923 813 1029 852 quae
1057 813 1081 838 a
1107 797 1428 838 medicamentis
1456 810 1554 836 cum

92 866 252 920 judicio
272 866 507 919 propinatis
528 867 639 906 vinci
663 867 851 920 possint3
884 880 982 907 cum
1009 868 1161 918 ingens
1182 866 1290 906 illud
1309 865 1418 905 vitae
1446 863 1554 918 peri-

96 935 241 976 culum
263 934 376 987 quod
397 934 465 974 die
491 934 718 974 undecimo
740 935 884 984 instat,
908 934 959 974 ab
988 934 1224 974 innumeris
1254 933 1346 974 istis
1373 932 1555 987 pustulis

96 1006 368 1056 prognatum,
391 1016 561 1042 omnem
582 1002 791 1042 medicam
813 1016 935 1055 opem
957 1006 1128 1056 respuat
1151 1007 1192 1042 et
1215 1006 1476 1055 aspernetur.

157 1068 240 1125 [9.]
276 1069 360 1110 Hic
383 1069 527 1122 itaque
557 1069 664 1110 serio
695 1070 957 1110 monendum
983 1075 1059 1119 est,
1083 1084 1258 1123 aegrum
1286 1070 1404 1109 nullo
1432 1072 1555 1122 pacto

96 1152 140 1178 se
170 1138 327 1178 lectu]o
357 1137 547 1177 interdiu
575 1137 727 1178 debere
758 1138 1035 1188 committere,
1059 1138 1093 1178 si
1125 1137 1204 1178 sibi
1236 1151 1380 1178 cavere
1401 1137 1500 1177 velit
1531 1151 1556 1176 a

95 1205 228 1246 nimio
260 1205 529 1258 pustularum
560 1206 771 1255 confluxu,
804 1206 886 1245 nisi
922 1211 1038 1245 sexto
1070 1205 1136 1245 die
1168 1206 1257 1258 jam
1289 1205 1554 1258 advesperas-

96 1277 233 1323 cente,
266 1273 380 1313 unde
417 1287 459 1313 se
495 1273 727 1326 plurimum
763 1287 897 1326 usque
932 1272 1157 1313 refocillari
1190 1272 1368 1313 sentiet:
1411 1287 1436 1313 a
1472 1287 1554 1325 quo
1574 1282 1759 1314 Quomorbi

96 1345 287 1394 tempore
307 1341 376 1380 vix
398 1354 441 1381 se
462 1341 699 1381 continebit
716 1355 740 1380 a
756 1341 851 1394 jugi
870 1340 917 1380 in
936 1341 1046 1381 lecto
1068 1340 1282 1390 deeubitu,
1298 1340 1332 1379 si
1347 1340 1555 1393 insignior
1571 1330 1713 1365 tempore

1572 1378 1665 1398 aeffel‘
1680 1378 1714 1398 111

95 1409 224 1451 fuerit
239 1409 509 1463 pustularum
531 1407 753 1464 συνδρομή,
768 1414 863 1448 tum
884 1408 937 1449 ob
955 1408 1158 1449 acriorem
1174 1409 1264 1462 jam
1285 1408 1554 1461 pustularum
1572 1393 1710 1440 sofidum

96 1477 346 1526 molestiam,
368 1481 463 1516 tum
485 1475 598 1529 quod
626 1476 677 1516 ab
699 1476 789 1529 ipso
818 1476 1013 1517 sessionis
1043 1476 1196 1516 habitu
1222 1476 1269 1516 in
1297 1476 1427 1516 animi
1452 1477 1553 1517 deli·
1571 1453 1760 1526 fficczffiffissu‘

95 1545 246 1598 quium
268 1545 321 1585 sit
348 1543 595 1598 propensior
608 1561 619 1594 3
652 1544 765 1597 quod
792 1558 890 1584 cum
915 1558 1218 1597 saepenumero
1247 1544 1554 1586 animadverte-

95 1612 191 1662 rim,
218 1613 264 1653 in
294 1617 485 1653 mentem
514 1612 621 1652 mihi
647 1611 775 1662 venit,
806 1625 856 1652 ex
887 1612 1106 1652 communi
1135 1612 1264 1665 hujus
1294 1612 1432 1653 morbi
1462 1613 1556 1666 lege

95 1680 310 1721 Naturam
340 1680 476 1734 ipsam
508 1679 626 1734 quasi
662 1680 795 1733 digito
825 1680 931 1720 mihi
960 1684 1232 1730 monstrasse,
1255 1694 1338 1733 quo
1370 1680 1556 1733 primum

52 1781 57 1791 ,
97 1748 234 1790 morbi
253 1752 443 1801 tempore
465 1761 590 1801 aeger
608 1748 766 1788 lectulo
787 1748 992 1788 continuo
1014 1747 1321 1802 adjudicandus
1343 1752 1419 1789 est.

100 1846 102 1849 -
163 1815 272 1869 [10.]
307 1815 398 1868 ‚Sed
428 1820 478 1856 ut
509 1829 597 1856 non
630 1815 765 1856 solum
801 1815 903 1855 dicti
932 1815 1205 1869 problematis
1233 1815 1456 1869 veritatem
1484 1815 1555 1856 ad-

98 1886 273 1932 struam,
300 1882 427 1936 (quod
454 1883 565 1923 tanti
595 1887 658 1923 est
689 1883 896 1923 momenti
927 1883 980 1923 ad
1010 1883 1293 1923 minuendum
1323 1897 1348 1923 a
1374 1883 1556 1923 Variolis

98 1950 349 2004 impendens
370 1950 634 2003 periculum,)
659 1964 805 1990 verum
827 1950 955 1990 etiam
976 1955 1025 1990 ut
1046 1951 1091 1990 in
1112 1950 1262 1990 iisdem
1279 1964 1304 1989 α
1325 1951 1557 1991 carceribus

102 2018 167 2071 (ut
201 2018 262 2058 ita
297 2017 462 2070 dicam,)
503 2018 560 2056 ad
596 2021 743 2057 metam
778 2017 1086 2070 pertractandis
1121 2017 1330 2058 rationem
1365 2023 1556 2058 nostram

102 2085 223 2138 quasi
257 2099 390 2125 manu
426 2084 591 2134 ducam,
625 2098 713 2125 non
749 2084 822 2125 abs
855 2098 900 2125 re
939 2085 1067 2125 fuerit
1111 2084 1303 2137 (opinor,)
1344 2085 1557 2137 quoddam

98 2153 221 2206 quasi
244 2152 413 2192 schema
433 2152 564 2192 totius
585 2152 722 2193 morbi
750 2152 890 2193 animo
912 2152 1152 2205 depingere,
1177 2156 1218 2192 et
1241 2152 1467 2204 diligenter
1488 2166 1557 2193 ex-

98 2219 283 2274 pendere
312 2233 419 2273 quae
450 2220 504 2260 sit
535 2220 625 2273 ejus
653 2224 820 2270 natura,
844 2234 891 2260 ac
923 2221 1057 2273 qualis
1088 2219 1338 2269 methodus3
1372 2234 1454 2272 quo
1486 2220 1556 2261 de-

98 2301 218 2328 mum
260 2301 310 2328 ex
350 2292 466 2329 certo
502 2301 629 2328 sensu
668 2288 905 2341 hominum,
938 2287 1152 2328 fidissimis
1193 2287 1555 2328 observationibus

98 2355 328 2406 utentium,
350 2370 438 2396 non
469 2370 519 2396 ex
550 2355 747 2409 opinione
777 2355 939 2397 incerto
969 2355 1216 2409 phantasiae
1238 2355 1371 2396 fundo
1396 2355 1553 2406 innixa,

100 2436 190 2463 rem
211 2423 322 2464 clare
343 2422 573 2477 dijudicare
593 2423 819 2463 valeamus.

165 2491 273 2544 [11.]
312 2491 526 2545 Imprimis
556 2492 699 2545 itaque
725 2492 815 2545 ejus
847 2491 1028 2532 essentia
1056 2490 1281 2544 (quantum
1307 2504 1385 2531 nos
1412 2504 1554 2531 rerum
1574 2501 1725 2550 Essentia

101 2559 303 2599 essentias
334 2560 577 2613 conjectura
614 2559 779 2612 assequi
813 2559 1030 2611 valemus,)
1065 2559 1110 2598 in
1140 2558 1341 2612 peculiari
1373 2558 1554 2611 quadam
1573 2545 1761 2618 ἓὲῗὶῗίῂῖζι-

99 2626 318 2680 sanguinis
339 2626 674 2668 inflammatione
695 2627 997 2680 comprehendi
1017 2626 1196 2676 videtur,
1217 2626 1263 2665 in
1285 2640 1368 2679 qua
1388 2626 1557 2666 Natura
1573 2629 1760 2678 flammafio-

100 2693 246 2748 primis
267 2694 427 2748 aliquot
455 2694 604 2735 diebus
634 2695 678 2735 id
703 2695 865 2748 negotii
895 2694 1036 2744 habet,
1059 2699 1107 2734 ut
1132 2694 1360 2748 particulas
1390 2693 1555 2734 inflam-
1574 2682 1750 2752 {¹3⁶}g?¹¹⁵¹s'

100 2766 236 2802 matas
255 2766 476 2818 praeparet
498 2762 764 2820 subigatque,
788 2776 870 2815 quo
891 2762 1055 2802 facilius
1076 2761 1121 2801 in
1143 2761 1326 2815 corporis
1347 2760 1557 2802 ambitum

71 2833 76 2839 ”
102 2828 375 2871 eliminentur
387 2847 398 2881 3
431 2844 513 2884 quo
534 2835 738 2884 tempore,
760 2835 877 2871 mota
907 2829 1113 2870 seditione
1135 2834 1177 2870 et
1197 2828 1446 2883 perturbato
1468 2830 1557 2883 jam

102 2897 320 2951 sanguinis
349 2903 477 2948 statu,
500 2898 627 2939 febris
648 2904 697 2939 ut
726 2898 896 2939 accedat
923 2898 1096 2938 omnino
1121 2911 1290 2938 necesse
1315 2901 1401 2938 est:
1435 2897 1556 2950 quin-
