1985 3308
422 104 744 147 SCHEDULA
775 105 1125 147 MONITORIA
1157 108 1192 148 I.
1450 113 1526 151 511

79 212 188 253 forte
209 212 402 253 Naturae
423 211 592 253 dotibus
613 211 829 264 praeditus
850 211 1016 264 excipit,
1035 213 1108 265 qui
1128 213 1385 254 sententiam
1405 215 1531 257 istam
1551 229 1732 260 DnNovn:

82 294 188 333 quae
208 281 269 321 ita
289 279 462 333 pulchre
483 278 670 319 stabilita
692 278 911 318 videbatur
931 280 1140 329 convellit,
1155 284 1196 320 et
1213 281 1387 322 firmiori
1408 296 1531 335 argu·
1552 272 1727 343 IJJRBJ‘S'SSU

80 352 322 388 mentorum
343 347 383 386 vi
403 346 510 386 nihil
529 346 634 386 illud
655 359 744 386 6886
766 345 880 385 aliud
900 360 1027 398 quam
1048 347 1208 387 cerebri
1228 354 1532 400 commentum,

79 415 198 468 eujus
235 415 354 454 nulla
387 427 557 467 prorsus
592 413 638 453 in
667 413 837 453 Natura
870 413 1045 466 vestigia
1078 415 1362 468 reperiuntur,
1393 417 1533 469 palam

79 483 279 523 ostendit.
341 483 472 535 Cujus
488 482 578 535 jam
594 481 685 521 1060
706 481 740 520 18
761 495 914 521 novam
930 482 1143 534 quandam
1164 483 1385 524 substituit
1401 485 1532 538 hypo-

78 549 232 599 thesin,
254 549 403 603 majori
428 549 565 589 adhuc
588 548 964 588 verisimilitudinis
993 549 1127 602 specie
1151 550 1355 601 innixam,
1378 556 1420 592 et
1444 567 1532 592 ma-

80 617 143 669 gis
171 616 329 657 affabre
360 615 657 655 concinnatam
670 632 682 664 3
727 615 838 668 quod
865 620 1011 656 tamen
1040 618 1248 670 posterius
1279 619 1532 671 figmentum

79 683 170 737 pari
197 698 295 724 cum
323 683 527 735 superiori
554 682 625 722 illo
653 683 740 722 fato
768 682 984 734 fungetur,
1011 684 1174 736 quoties
1204 685 1355 726 tertius
1384 687 1534 742 aliquis

77 763 120 792 se
160 750 374 804 objecerit,
407 749 479 803 qui
519 749 751 789 secuudum
786 750 916 789 istum
956 754 1128 791 tantum
1167 751 1340 804 ingenio
1376 754 1533 805 vincat,

79 822 287 872 quantum
308 818 378 858 ille
401 817 480 857 sibi
502 817 827 870 praecedentem
852 817 1074 858 devicerat.
1134 818 1278 872 Atque
1303 821 1382 861 hoc
1406 822 1533 862 itera-

20 887 23 892 '
78 885 195 928 bitur
214 885 341 926 toties
363 885 538 938 quoties,
557 884 689 925 (101166
709 884 884 924 tandem
907 885 959 925 ad
980 885 1100 926 illum
1120 894 1372 940 perventum
1391 889 1532 940 fuerit,

80 966 206 1006 quem
226 952 378 992 ultima
393 952 571 992 humani
592 952 754 1004 ingenii
770 953 962 1005 potentia
982 957 1349 997 consummaverit.
1393 958 1535 999 Quam

78 1032 176 1060 vero
204 1019 369 1059 difficile
394 1019 448 1059 sit
468 1019 584 1060 hunc
608 1019 827 1060 hominem
851 1020 1105 1074 investigare
1131 1027 1173 1062 et
1195 1038 1219 1063 a
1242 1025 1417 1065 cacteris
1443 1025 1534 1078 dig-

79 1101 264 1137 noscere,
292 1087 437 1127 statim
468 1087 635 1137 sentiet,
664 1088 854 1142 quisquis
882 1103 969 1129 11011
996 1104 1130 1143 usque
1161 1091 1264 1132 adeo
1292 1093 1458 1146 desipit,
1484 1100 1534 1135 ut

14 1189 18 1197 ,
79 1155 190 1197 113116
211 1156 290 1197 sibi
310 1156 480 1196 laudem
501 1156 657 1196 delirus
683 1161 863 1209 arroget.
911 1157 1128 1210 Quinimo,
1151 1173 1248 1200 cum
1265 1161 1361 1214 jure
1383 1163 1536 1204 merito

68 1223 282 1277 'suspicari
316 1224 451 1273 liceat,
485 1237 573 1264 esse
608 1228 783 1264 naturas
824 1225 869 1264 in
905 1225 1077 1266 orbibus
1117 1227 1431 1279 illustrioribus,
1462 1244 1538 1283 per

81 1291 279 1332 Universi
309 1306 543 1345 expansum
577 1291 677 1332 hinc
712 1291 829 1332 illinc
859 1293 1025 1345 sparsiS,
1056 1307 1165 1346 pene
1194 1295 1397 1346 infinitas,
1431 1311 1537 1350 quae

78 1360 413 1413 praecellentiori
436 1360 562 1412 longe
587 1359 828 1399 intellectus
850 1359 888 1399 vi
914 1360 1076 1412 pollent
1099 1375 1226 1414 quam
1251 1376 1329 1402 nos
1353 1362 1536 1403 homun-

80 1428 221 1474 ciones
233 1444 245 1478 5
277 1428 393 1469 haud
421 1428 521 1468 satis
549 1427 703 1467 scimus
729 1441 873 1467 annon
898 1427 962 1467 vel
988 1431 1130 1468 totum
1153 1428 1373 1469 hominum
1402 1444 1537 1483 genus

80 1495 298 1536 cerebrum
342 1495 666 1549 (cogitationum
706 1494 947 1547 officinam,)
987 1494 1175 1535 habeant
1210 1510 1234 1536 a
1268 1496 1438 1537 Natura
1476 1498 1537 1538 ita

80 1563 363 1613 efformatum,
385 1567 434 1603 ut
454 1576 542 1603 non
565 1566 656 1602 tam
683 1562 785 1615 quid
811 1562 864 1602 sit
886 1561 1077 1603 absolute
1097 1577 1258 1614 verum,
1282 1578 1410 1617 quam
1435 1565 1537 1618 quid

79 1631 263 1671 maxime
288 1630 541 1671 conveniens
567 1643 615 1670 ac
641 1630 726 1670 suis
747 1629 912 1670 naturis
941 1630 1276 1681 accommodum,
1299 1633 1537 1685 excogitare

81 1703 254 1754 queant.
325 1699 469 1751 Atque
503 1698 607 1738 haec
640 1697 692 1737 iis
724 1696 796 1750 qui
830 1697 876 1736 in
911 1697 1128 1738 Medicina
1168 1698 1362 1740 facienda
1395 1700 1537 1753 potius

81 1767 439 1822 speculationibus
460 1767 588 1815 vanis,
612 1780 739 1819 quam
767 1766 1050 1819 experientiae
1071 1767 1205 1808 solido
1230 1782 1433 1809 sensuum
1453 1774 1536 1810 tes-

80 1835 260 1876 timonio
281 1834 463 1884 innixae,
485 1834 613 1874 fidem
634 1833 851 1883 adhibent,
873 1833 987 1873 dicta
1007 1838 1147 1874 sunto.
1594 1878 1597 1879 ⁷

147 1902 256 1956 [44]
295 1901 421 1943 Quod
442 1901 571 1954 siquis
592 1901 661 1941 hic
680 1905 860 1953 regerat,
884 1901 1084 1941 “Annon
1103 1901 1235 1954 igitur
1256 1902 1308 1943 de
1327 1903 1440 1944 facto
1468 1917 1537 1944 ex-
1556 1916 1725 1948 Quomodo

82 1970 282 2024 perimur,
313 1969 424 2009 hanc
459 1968 638 2009 Febrem
668 1968 870 2008 methodo
905 1968 1004 2008 huic
1041 1983 1168 2021 quam
1198 1970 1330 2009 tradis
1366 1985 1536 2023 prorsus
1551 1959 1747 2032 ἓξὲξίῗέιὲὲ

84 2037 295 2078 contraria
309 2049 506 2089 persaepe
520 2035 658 2088 fugari
673 2035 724 2074 ‘?”
756 2034 1001 2087 respondeo,
1017 2038 1099 2075 toto
1118 2036 1245 2088 (quod
1262 2037 1410 2090 aiunt,)
1430 2040 1536 2079 coelo
1556 2044 1599 2092 tio
1615 2055 1632 2073 a
1649 2055 1740 2074 cura-

83 2104 239 2145 distare
261 2104 524 2144 curationem
547 2102 685 2142 morbi
706 2115 756 2142 ea
775 2102 976 2142 methodo
1005 2101 1073 2142 6111
1095 2103 1182 2143 8013
1203 2103 1318 2156 aegri
1337 2118 1538 2146 nonnun-
1556 2091 1641 2116 ”⁰¹¹⁰
1660 2098 1740 2126 quac

1556 2129 1712 2158 contraria

85 2186 213 2226 quam
244 2172 297 2212 ad
327 2171 554 2211 sanitatem
580 2170 794 2210 restitutio
822 2169 1115 2223 adstipulatur,
1138 2175 1180 2211 et
1209 2171 1398 2224 ejusdem
1420 2187 1538 2214 cura-
1556 2181 1684 2211 prorsus

83 2239 245 2280 tionem
277 2239 360 2279 ista
386 2251 560 2292 praxeos
589 2238 788 2278 methodo
817 2238 884 2277 cui
917 2242 959 2277 et
985 2238 1248 2291 frequentior
1276 2241 1391 2293 aegri
1418 2242 1538 2282 resti·
1557 2214 1728 2295 fflffiffifisso

84 2307 208 2358 tutio,
235 2312 362 2360 atque
390 2306 521 2347 etiam
550 2305 843 2359 phaenomena
874 2306 1059 2358 practica
1089 2307 1232 2346 omnia
1264 2321 1370 2360 quae
1400 2308 1446 2348 in
1473 2323 1540 2350 eo·
1558 2299 1602 2330 fit.

85 2375 182 2416 dem
204 2374 392 2416 curando
413 2372 622 2423 incidunt,
645 2373 803 2426 pariter
824 2373 1121 2426 astipulantur.
1164 2373 1360 2426 Exempli
1381 2375 1540 2427 gratia:

85 2442 132 2482 in
161 2442 327 2483 variolis
358 2441 483 2481 multi
514 2455 563 2481 ex
594 2441 644 2481 iis
681 2440 752 2493 qui
783 2440 873 2480 diro
904 2440 1137 2481 calidorum
1172 2446 1214 2480 et
1243 2441 1462 2493 regiminis
1499 2448 1542 2483 et

86 2509 368 2551 remediorum
389 2523 470 2548 usu
494 2508 751 2558 cruciantur,
773 2513 919 2548 tamen
947 2508 1240 2548 convalescent
1253 2525 1265 2558 3
1298 2522 1349 2548 ex
1370 2509 1543 2550 adverso

86 2582 243 2626 autem,
266 2582 308 2617 et
329 2576 378 2616 iis
406 2576 563 2629 pariter
583 2575 762 2616 feliciter
787 2575 921 2624 cedet,
945 2588 1126 2628 quorum
1153 2575 1315 2615 curatio
1343 2576 1544 2618 methodo

84 2644 210 2698 plane
240 2644 450 2685 contraria
476 2647 682 2684 tentatur.
744 2643 842 2683 Jam
875 2656 957 2695 quo
984 2647 1107 2696 pacto
1137 2643 1257 2683 litem
1284 2644 1396 2685 hanc
1426 2645 1544 2686 finie-

86 2725 195 2761 mus,
211 2711 468 2753 “Quaenam
481 2710 705 2751 methodus
722 2716 785 2750 est
802 2709 1139 2763 praeferenda‘?”
1168 2711 1263 2751 Hoc
1278 2711 1404 2764 plane
1420 2711 1547 2753 modo

85 2778 318 2821 certissime
349 2777 698 2832 dijudicabimus:
751 2790 905 2830 nempe
937 2777 972 2817 si
1003 2777 1049 2817 in
1081 2777 1154 2818 illo
1184 2778 1390 2831 regimine
1420 2779 1550 2832 priori

90 2846 353 2900 exploratum
384 2846 586 2896 habuere,
619 2859 700 2896 me,
725 2849 884 2898 quanto
914 2843 1049 2897 magis
1082 2858 1257 2897 aegrum
1288 2845 1548 2896 excalefacio,
