1985 3308
393 183 889 226 OBSERVATIONES
922 181 1212 224 MEDICAE.
1477 182 1528 220 21

76 292 150 334 sed
179 292 284 334 meis
313 290 676 333 observationibus
708 290 925 331 adstruere
957 290 1084 330 fidem
1099 305 1110 338 3
1143 287 1254 341 quod
1286 291 1333 327 ut
1365 286 1529 336 faciam,
1574 300 1701 329 anr.

75 360 266 401 Lectoris
286 358 538 414 patientiam
559 358 749 399 desidero
769 362 954 408 tantum,
977 371 1064 397 non
1085 356 1284 396 favorem.
1337 355 1420 395 Res
1442 354 1532 407 ipsa
1552 342 1726 371 Ensruur.

76 429 236 470 etenim
276 427 394 468 brevi
431 427 641 480 loquetur,
679 440 735 466 an
773 425 955 466 fideliter
995 430 1038 466 et
1079 425 1242 464 siucero
1282 422 1424 463 animo
1464 422 1533 461 hic

76 496 248 550 egerim,
271 510 327 536 an
347 509 370 536 e
391 500 551 544 contra,
574 494 628 535 ad
648 494 782 535 instar
803 493 1114 534 sceleratissimi
1141 491 1324 533 hominis
1345 504 1533 531 morum-

76 578 158 618 que
192 563 643 617 profligatissimorum,
676 562 933 603 homicidam
967 575 1035 601 me
1071 559 1355 614 praestiterim
1389 559 1456 598 vel
1487 558 1534 598 in

75 636 189 672 terra
209 631 412 672 defossus.
472 630 598 671 Illam
618 634 790 670 tantum
811 629 916 669 mihi
937 629 1102 669 veniam
1124 632 1234 681 peto,
1258 626 1370 680 quod
1390 626 1532 665 minus

77 703 272 739 accurate
298 712 426 751 quam
455 711 756 751 proposueram
786 696 1038 737 Morborum
1062 695 1297 736 Historiam
1330 708 1377 734 ac
1401 694 1532 734 Cura-

76 766 238 807 tionem
285 765 566 819 descripsero:
619 779 717 805 cum
763 780 852 806 non
892 770 981 805 tam
1021 769 1180 805 metam
1221 763 1363 816 figam,
1406 775 1534 815 quam

77 834 240 874 animos
260 833 311 873 iis
333 833 499 884 addam,
523 834 595 886 qui
621 833 806 874 feliciore
834 832 1007 886 ingenio
1034 831 1215 885 praediti
1240 830 1294 870 ad
1320 830 1399 870 hoc
1428 844 1533 883 opus

76 901 252 955 posthac
274 915 317 941 se
339 901 576 953 accingent,
600 900 710 954 quod
727 902 818 954 jam
840 915 917 954 ego
939 900 1184 953 imperfecte
1204 898 1367 939 molior.

143 969 251 1023 [28]
289 968 439 1009 Unum
471 969 609 1009 adhuc
643 973 775 1009 restat
806 969 858 1008 de
889 983 971 1021 quo
1002 967 1240 1008 monendus
1271 970 1334 1006 est
1366 965 1532 1015 Lector,

76 1036 184 1076 mihi
210 1036 255 1077 111
287 1036 428 1077 animo
456 1050 544 1077 11011
575 1050 663 1077 0880
692 1041 915 1089 sequentes
946 1036 1121 1090 paginas
1151 1034 1320 1075 infinito
1350 1033 1533 1087 particu-

76 1105 230 1145 larium
264 1104 607 1145 observationum
637 1119 815 1144 numero
852 1104 1105 1153 distendere,
1143 1103 1296 1156 quibus
1324 1101 1533 1142 Methodo

76 1172 235 1213 ibidem
256 1172 437 1213 traditae
468 1172 594 1212 fidem
624 1176 812 1212 astruam
827 1189 839 1222 3
876 1172 1049 1224 (frustra
1076 1171 1190 1211 enim
1212 1175 1254 1211 01
1276 1183 1373 1210 011111
1394 1169 1534 1210 taedio

78 1240 267 1281 Lectoris
297 1244 590 1293 repeterentur
621 1239 704 1280 ista
732 1239 993 1293 singulatim,
1017 1253 1124 1292 quae
1151 1239 1197 1278 in
1223 1252 1410 1278 summas
1436 1251 1534 1277 con-

76 1308 186 1348 traxi
199 1308 227 1361 3)
262 1308 364 1349 satis
391 1312 535 1349 autem
564 1307 696 1348 habui
724 1307 775 1347 ad
805 1308 962 1348 calcem
984 1306 1287 1347 observationis
1309 1305 1534 1359 cujuslibet

78 1375 286 1429 generalis
320 1376 487 1429 (saltem
518 1389 625 1429 quae
661 1375 713 1415 ad
745 1389 881 1416 annos
913 1389 1094 1428 nuperos
1127 1374 1316 1427 spectat,)
1351 1373 1535 1426 particu-

76 1443 209 1484 larem
240 1443 309 1483 hic
335 1443 421 1483 illic
450 1443 687 1494 adnectere,
711 1458 794 1496 qua
814 1442 1012 1483 Methodi
1036 1441 1326 1495 praecedentis
1347 1441 1536 1480 medulla

77 1511 378 1553 contineretur.
443 1511 537 1553 Hoc
557 1512 730 1552 interim
752 1511 950 1565 spondeo,
965 1511 1128 1551 nullam
1151 1525 1175 1550 a
1194 1524 1263 1550 me
1278 1508 1536 1549 Methodum

77 1580 318 1633 generalem
345 1579 474 1620 fuisse
505 1580 757 1633 evulgatam,
787 1593 894 1632 quae
926 1578 1186 1633 experientia
1217 1578 1418 1618 reiterata
1447 1591 1536 1617 non

77 1652 141 1689 est
162 1647 350 1689 stabilita
370 1652 497 1701 atque
519 1649 780 1688 confirmata.

142 1715 250 1770 [29]
291 1716 376 1756 Sed
406 1721 448 1756 et
477 1730 548 1769 spe
578 1716 854 1757 frustrabitur
885 1716 957 1770 qui
984 1716 1204 1769 ingentem
1237 1715 1534 1763 remediorum,

78 1797 153 1825 seu
171 1784 464 1834 formularum,
488 1785 647 1838 sylvam
668 1785 737 1825 hic
759 1785 1053 1838 expectaverit,
1076 1798 1175 1825 eum
1196 1784 1357 1824 Medici
1374 1782 1536 1837 judicio

46 1854 49 1857 ’
77 1853 362 1907 permittatur,
384 1857 434 1893 ut
455 1867 530 1906 pro
557 1867 602 1894 re
630 1859 733 1894 nata
752 1853 804 1894 iis
833 1858 982 1894 utatur
995 1870 1006 1903 3
1038 1853 1144 1892 mihi
1171 1852 1324 1892 sufficit
1345 1851 1535 1891 innuisse

79 1920 232 1974 quibus
252 1921 583 1962 indicationibus
605 1921 949 1961 satisfaciendum
971 1926 1046 1970 est,
1071 1935 1152 1973 quo
1174 1920 1302 1960 etiam
1325 1919 1471 1960 ordine
1494 1924 1535 1959 et

78 1994 292 2042 101111101ος
325 1989 484 2029 etenim
505 1989 551 2028 in
579 2003 628 2029 eo
655 1990 879 2042 praecipue
907 1994 991 2029 stat
1020 1988 1239 2029 Medicina
1260 1988 1464 2038 Praetica,
1487 1994 1536 2027 ut

81 2056 288 2109 genuinas
307 2056 586 2097 indicationes
609 2058 811 2110 expiscari
831 2058 1058 2107 valeamus,
1080 2072 1168 2097 11011
1190 2062 1238 2097 111
1259 2057 1446 2097 remedia
1467 2070 1536 2096 ex-

80 2124 328 2177 cogitemus,
372 2124 523 2177 quibus
569 2124 651 2163 illis
693 2125 886 2165 satisfieri
926 2126 1080 2177 possit,-
1129 2125 1241 2177 quod
1283 2125 1354 2176 qui
1395 2124 1537 2163 minus

80 2191 373 2241 observabant,
403 2192 633 2245 empericos
660 2192 786 2232 armis
807 2193 1057 2242 instruxere,
1086 2192 1238 2245 quibus
1267 2191 1536 2231 Medicorum

81 2274 208 2314 opera
227 2259 385 2300 imitari
408 2266 579 2313 queant.

145 2328 252 2382 [30.]
292 2328 420 2370 Quod
441 2329 475 2368 si
497 2328 589 2381 quis
620 2328 821 2382 objecerit
852 2343 920 2369 me
951 2328 995 2368 in
1024 2328 1234 2381 aliquibus
1255 2342 1343 2367 11011
1364 2331 1536 2367 tantum

80 2396 487 2437 medicamentorum
502 2411 679 2450 pompae
701 2397 985 2447 renunciasse,
1001 2397 1073 2437 sed
1095 2411 1143 2437 ea
1156 2396 1330 2449 insuper
1351 2395 1537 2435 remedia

80 2464 344 2518 proposuisse
375 2478 482 2518 quae
511 2465 563 2504 ad
594 2465 816 2505 materiam
847 2465 1055 2505 medicam
1087 2465 1153 2504 vix
1183 2464 1345 2518 possint
1376 2463 1535 2512 referri,

81 2532 186 2573 adeo
222 2536 323 2573 sunt
357 2532 563 2586 simplicia
604 2538 730 2586 atque
762 2534 1057 2582 inartificiosa3
1095 2532 1338 2585 vulgaribus
1366 2536 1536 2571 tantum

83 2599 276 2653 (opinor,)
313 2614 360 2640 ae
400 2600 559 2654 plebeis
600 2601 751 2641 animis
785 2601 863 2642 hac
898 2602 944 2641 in
978 2615 1022 2641 re
1058 2599 1299 2654 displicebo.
1362 2599 1534 2639 Norunt

80 2667 196 2708 enim
226 2667 436 2721 sapientes
466 2668 580 2709 bona
612 2682 660 2709 ea
693 2683 782 2709 esse
811 2669 952 2709 omnia
974 2683 1080 2722 quae
1112 2673 1211 2708 sunt
1243 2667 1376 2717 utilia,
1409 2672 1535 2720 atque

81 2732 400 2789 Hippocratem,
427 2736 529 2776 dum
564 2737 729 2777 follium
760 2751 885 2777 usum
920 2737 965 2776 in
1000 2737 1080 2776 ileo
1117 2735 1306 2776 sanando
1339 2735 1535 2788 proponit

87 2801 169 2856 [De
181 2804 318 2844 Morb.
335 2804 393 2844 iii.
411 2808 442 2844 t.
458 2804 500 2844 ii.
519 2819 558 2857 p.
574 2805 711 2857 305.],
731 2810 770 2844 et
789 2805 833 2844 in
851 2818 1002 2844 cancro
1016 2804 1121 2843 nihil
1136 2817 1306 2857 prorsus
1320 2803 1535 2856 agendum

80 2871 282 2925 praecipit
323 2872 450 2925 [Aph.
473 2872 525 2912 vi.
549 2874 617 2912 38.
647 2877 678 2912 t.
702 2872 758 2912 iii.
788 2887 826 2925 p.
857 2872 991 2925 7543,
1033 2873 1175 2925 (atque
1212 2871 1418 2925 ejusmodi
1455 2871 1537 2911 alia

82 2951 188 2991 quae
215 2940 260 2980 111
291 2940 468 2993 singulis
501 2940 587 2981 fere
618 2941 792 2994 pagellis
825 2941 978 2994 scripta
1012 2941 1243 2994 lcguntur,)
1279 2954 1365 2981 non
1394 2940 1538 2980 minus
