1985 3308
488 109 810 150 SCHEDULA
841 108 1192 149 MONITORIA
1224 109 1260 149 Ι.
1513 111 1596 149 513

142 217 287 258 Febris
309 216 593 270 Depuratoria
608 229 651 256 se
672 215 857 268 primum
878 214 1056 263 extulit;
1087 218 1213 267 prout
1234 213 1341 253 libro
1357 214 1421 254 De
1436 214 1597 254 Morbis
1617 221 1799 272 DqNovAn

140 285 299 334 Acutis,
325 284 435 325 Sect.
453 284 480 325 i.
499 297 589 336 cap.
611 284 651 323 3.
676 282 720 337 [ᾧ
742 282 802 335 4.]
831 281 896 322 his
916 280 1054 322 verbis
1076 281 1296 321 subindico
1311 284 1408 320 :—“
1422 280 1595 322 Quanto
1617 264 1797 335 INIG‘ffl‘ssU

141 356 284 391 autem
319 352 409 404 jam
443 355 634 403 tempore
674 349 888 402 praedicta
922 348 1069 389 Febris
1110 348 1326 388 Continua
1360 347 1596 389 invaluerat

141 417 320 458 dicendo
340 432 429 458 non
450 431 556 467 sum,
580 431 711 469 quum
739 416 844 456 mihi
869 416 1076 456 hactenus
1102 415 1204 456 satis
1223 415 1362 455 fuerat
1389 415 1443 454 ad
1470 429 1595 467 gene-

140 484 246 524 ralia
278 484 479 524 Febrium
519 488 803 537 symptomata
843 482 1075 531 attendere,
1107 488 1256 536 utpote
1298 483 1370 536 qui
1404 482 1596 522 nondum

141 551 206 591 vel
223 552 347 605 juxta
366 551 500 591 varias
522 565 732 591 annorum
754 564 904 600 crases,
927 554 1000 590 aut
1023 550 1211 604 ejusdem
1233 550 1336 590 anni
1356 550 1470 590 varia
1489 554 1596 590 tem-

141 631 256 671 pora,
279 618 447 659 easdem
469 618 674 671 distingui
693 632 814 671 posse
836 618 1259 659 animadverteram.''

842 948 906 979 DE

533 1065 793 1123 FEBRE
854 1066 1208 1123 PUTRIDA

282 1209 516 1243 VARIOLIS
548 1208 978 1242 CONFLUENTIBUS
1015 1209 1458 1244 SUPERVENIENTE.

200 1297 304 1337 CUM
325 1296 391 1336 vel
412 1301 527 1337 aetas
544 1296 634 1349 jam
662 1295 899 1348 provectior
920 1299 962 1335 et
982 1295 1028 1334 in
1050 1309 1245 1336 occasum
1270 1309 1411 1346 ruens,
1433 1296 1498 1336 vel
1527 1297 1597 1337 ad-

142 1377 261 1404 versa
289 1377 471 1417 quacum
499 1363 665 1417 jamdiu
695 1362 913 1403 conflictor
942 1362 1152 1412 valetudo,
1174 1368 1461 1416 opportunum
1490 1364 1599 1404 forte

141 1431 324 1484 spatium
344 1431 520 1484 posthac
548 1444 636 1470 non
667 1429 932 1479 concesserit,
956 1443 1038 1482 quo
1063 1443 1245 1483 nuperas
1276 1430 1438 1483 aliquot
1459 1430 1598 1471 obser-

140 1499 330 1539 vationes
352 1513 376 1539 a
396 1512 464 1538 me
494 1497 680 1551 (tametsi
703 1497 830 1536 nimis
861 1510 953 1536 sero
983 1497 1030 1536 in
1060 1497 1148 1537 vita
1176 1498 1299 1550 mea,)
1323 1498 1468 1548 factas,
1491 1498 1601 1539 circa

144 1566 325 1607 Febrem
348 1565 650 1606 Secundariam
668 1563 850 1604 Variolis
871 1563 1197 1604 Confluentibus
1219 1566 1600 1618 supervenientem,

140 1633 187 1673 in
207 1632 425 1686 publicum
452 1632 575 1673 edam
588 1649 600 1681 3
632 1631 800 1672 veniam
825 1630 942 1671 dabit
964 1631 1120 1671 Lector
1150 1631 1342 1685 (opinor‚)
1368 1632 1403 1672 si
1422 1634 1603 1686 paucula

141 1700 348 1754 quaedam
370 1700 422 1740 de
449 1699 529 1740 hoc
557 1699 724 1748 affectu,
748 1698 1021 1751 quantumw's
1043 1712 1067 1738 a
1087 1699 1235 1739 morbo
1257 1713 1384 1752 quem
1410 1701 1601 1754 superius

141 1767 416 1807 tractavimus
438 1766 539 1806 satis
561 1765 829 1815 abhorrente,
851 1779 1025 1818 pergam
1047 1765 1310 1807 subnectere.

207 1834 286 1887 [2.]
326 1834 352 1873 J
357 1833 502 1873 amdiu
527 1833 628 1873 alias
658 1832 844 1886 [Observ.
867 1833 981 1872 Med.
1004 1833 1063 1873 iii.
1086 1835 1126 1874 2.
1153 1834 1174 1887 ξ
1198 1833 1287 1886 50.]
1317 1834 1603 1875 demonstravi
1622 1847 1788 1878 Quantum

143 1907 354 1955 quantum
378 1901 548 1942 intersit
574 1901 687 1940 inter
707 1901 900 1941 Variolas
926 1901 1092 1953 generis
1114 1901 1332 1952 Distincti,
1355 1907 1397 1943 et
1429 1903 1600 1943 Conflu-
1618 1889 1742 1920 intersit
1754 1891 1802 1920 in-

143 1969 253 2010 entis
269 1986 280 2018 ς
311 1969 358 2008 in
383 1968 463 2009 hoc
495 1968 663 2017 scilicet,
691 1968 803 2020 quod
832 1968 904 2020 qui
925 1967 1139 2008 Distincto
1161 1981 1315 2020 genere
1335 1969 1511 2021 laborat,
1534 1971 1601 2011 vix
1618 1937 1666 2004 ἓξ
1680 1933 1805 2013 ἔθῖἓῗίε

143 2036 233 2089 opis
260 2035 448 2076 medicae
474 2035 659 2087 indigus,
686 2039 836 2087 sponte
866 2048 942 2075 sua
971 2039 1013 2075 et
1034 2035 1228 2075 Naturae
1257 2036 1299 2075 vi
1325 2037 1599 2088 convalescet,
1618 2017 1788 2090 ἓιᾶῒοίζὲῗ

143 2103 225 2143 nisi
245 2104 353 2144 forte
380 2102 431 2143 ab
453 2103 574 2143 initio
599 2102 837 2155 diaphoresi
866 2102 912 2142 in
942 2102 1097 2143 lectulo
1127 2103 1331 2144 continuo
1361 2104 1597 2147 indulserit.
1618 2103 1709 2132 entis.

143 2170 342 2223 Namque
374 2170 453 2222 (uti
479 2169 643 2223 pridem
673 2169 774 2209 alibi
808 2168 925 2222 [ibid.
952 2171 973 2223 ξ
997 2169 1086 2222 2Ο.]
1115 2169 1342 2223 adnotavi)
1368 2172 1440 2224 qui
1463 2177 1486 2194 “
1502 2174 1598 2214 Dis-

143 2238 269 2278 cretis
302 2237 485 2277 Variolis
519 2237 684 2277 laborat
718 2250 853 2289 aeger,
887 2250 985 2276 eum
1020 2237 1121 2276 satis
1150 2243 1345 2290 prompte
1376 2239 1598 2282 sudoribus

143 2304 320 2354 diffluat,
349 2318 396 2345 ac
424 2304 503 2344 sibi
530 2304 672 2344 omnia
697 2303 810 2344 bona
839 2304 1073 2357 promittat,
1097 2304 1132 2343 si
1158 2304 1297 2345 morbi
1331 2307 1394 2358 (ut
1425 2311 1594 2362 sperat,)

143 2371 256 2412 virus
288 2386 362 2425 per
388 2371 496 2412 cutis
520 2385 642 2424 poros
668 2371 747 2411 hoc
769 2376 891 2424 pacto
913 2371 1201 2412 amandaverit
1214 2389 1225 2422 ς
1258 2373 1484 2426 diligenter
1502 2376 1596 2418 ideo

143 2439 242 2479 huic
263 2439 464 2479 methodo
484 2438 655 2488 insistit,
673 2443 767 2479 tum
788 2438 984 2479 remediis
1001 2439 1201 2479 cardiacis
1221 2439 1335 2481 intro
1356 2445 1595 2497 assumptis,

142 2511 236 2545 tum
266 2506 470 2558 regimine
499 2506 696 2546 calidiore
725 2507 786 2558 (ut
810 2520 886 2559 par
912 2506 1004 2558 est,)
1029 2506 1244 2546 adhibito:
1277 2512 1404 2561 atque
1424 2509 1527 2551 haec
1549 2525 1597 2552 eo

142 2572 242 2613 facit
267 2572 496 2624 lubentius,
521 2573 633 2626 quod
663 2579 757 2614 tum
784 2573 835 2613 ab
866 2573 945 2613 hac
975 2574 1176 2614 methodo
1206 2574 1251 2614 in
1281 2575 1486 2630 principio
1517 2578 1596 2620 sibi

142 2640 291 2680 melius
312 2640 504 2681 videatur
524 2640 693 2690 habere,
715 2645 809 2681 tum
831 2640 958 2680 etiam
980 2640 1032 2680 ad
1054 2641 1162 2682 male
1183 2642 1405 2683 fundatam
1426 2645 1596 2687 adstan-

141 2707 251 2748 tium
272 2707 513 2761 opinionem
535 2708 705 2761 propius
727 2708 909 2749 accedat.
947 2708 1137 2749 Tandem
1157 2723 1254 2750 vero
1275 2710 1502 2753 eliminatis
1521 2729 1597 2767 per

142 2772 391 2830 διαφόρησιν
421 2775 635 2829 particulis
666 2776 756 2816 istis
789 2789 896 2828 quae
932 2775 985 2815 ad
1016 2777 1284 2829 pustularum
1320 2779 1595 2823 elevationem

143 2846 268 2895 atque
302 2842 673 2884 intumescentiam
707 2843 827 2883 faciei
867 2843 1100 2884 debuerant
1140 2845 1288 2896 facere,
1331 2846 1397 2888 die
1437 2854 1594 2901 octavo,

828 2912 853 2950 3
880 2924 905 2950 U
