1985 3308
393 154 474 194 192
793 154 1050 196 ΤΗΟΜΑΕ
1085 154 1426 196 SYDENHAM

186 271 369 302 vfluomn
388 260 531 302 diente
551 262 710 312 morbo,
729 262 966 303 Distinctae
987 262 1071 303 sint
1090 261 1226 302 factae
1239 278 1250 312 ;
1282 261 1489 315 pustulae,
1509 273 1613 313 quae
1633 263 1840 301 matures-

185 314 367 387 ἓξξζζξυᾯ
387 333 530 369 centes
556 329 728 370 rubram
756 330 904 383 primo,
926 344 1024 370 mox
1044 330 1222 383 nigram,
1246 329 1465 369 materiam
1488 328 1609 368 aliter
1635 327 1839 368 evomuis-

210 401 346 432 ‘To-‘72
387 400 494 446 sent,
526 395 773 437 flavissimae
808 402 1099 450 comparerent
1113 413 1124 446 3
1170 411 1246 450 pro
1281 396 1464 437 efferatis
1503 396 1676 449 insuper
1712 401 1838 450 atque

385 464 620 515 minutulis,
642 465 851 519 benignae
873 472 999 519 atque
1020 465 1167 518 optimi
1187 465 1315 505 moris
1335 464 1607 505 haberentur.

182 548 306 579 Fluxus
449 533 557 586 [10.]
595 533 747 587 Neque
768 533 881 574 enim
897 534 1032 573 fluxus
1052 532 1274 582 mensium,
1293 532 1362 585 qui
1378 532 1570 573 foeminis
1591 532 1670 572 hoc
1691 531 1838 572 morbo

180 601 349 674 ζὲξζξὲξὲῃν
383 600 673 641 laborantibus
698 601 812 641 haud
837 601 1081 654 infrequens
1105 600 1267 650 accidit,
1288 600 1504 641 liberalem
1535 600 1685 641 horum
1706 600 1836 653 liquo-

178 685 241 706 non
259 687 335 707 con-
382 682 477 708 rum
498 683 622 709 usum
644 669 866 722 quicquam
897 668 1090 722 prohibet
1103 685 1115 718 3
1146 668 1232 708 imo
1252 682 1348 708 vero
1375 674 1417 708 et
1439 668 1599 718 suadet,
1622 668 1656 707 si
1683 681 1836 721 nempe
1869 700 1873 703 .
1920 688 1924 690 ·

177 724 276 791 {213¹ss
285 719 364 792 ¹1¹i¹{e'
381 741 570 789 tempore
590 751 677 777 non
699 737 820 777 solito
841 736 909 776 isti
929 737 1074 776 fluant.
1136 736 1309 776 Etenim
1324 749 1412 776 non
1428 736 1518 789 jam
1539 736 1620 776 alia
1639 735 1691 776 de
1712 749 1836 776 causa

176 813 314 852 quo-rum
379 804 670 856 periclitantur
695 805 917 855 foeminae,
938 805 1020 845 nisi
1050 804 1162 858 quod
1183 803 1351 857 sanguis
1372 804 1424 844 ab
1451 803 1676 844 immodico
1698 804 1835 844 morbi

175 846 362 919 ἷῖξᾙῗζζὲζ
378 872 513 912 calore
543 873 636 925 plus
662 874 779 927 justo
807 878 1063 923 attenuatus,
1087 876 1207 926 “qua
1237 872 1335 912 data
1364 877 1498 925 porta,
1526 872 1663 922 ruat,’'
1694 872 1833 926 [Virg.

173 931 295 1012 {2232}
313 938 343 962 Εἴ
376 941 480 981 Aen.
502 941 529 980 i.
556 941 644 995 83.]
683 942 874 982 Naturae
905 941 1053 982 duetus
1085 955 1287 994 sequens,
1328 940 1574 994 praesertim
1603 940 1679 981 ubi
1708 941 1834 981 noxia

376 1009 628 1049 curatricum
649 1010 863 1050 temeritas
883 1010 1089 1063 regimine
1110 1009 1308 1059 calidiori,
1326 1014 1367 1050 et
1389 1009 1560 1049 decocto
1576 1023 1709 1050 cornu
1724 1009 1833 1050 cervi

374 1090 470 1115 cum
498 1076 669 1117 floribus
700 1077 958 1128 calendulae,
981 1082 1074 1127 etc.‚
1097 1077 1308 1127 adhibitis,
1331 1077 1471 1117 oleum
1501 1076 1590 1130 igni
1620 1076 1830 1117 affuderit.

375 1144 583 1198 Quicquid
608 1150 750 1186 autem
783 1145 1035 1199 sanguinem
1065 1150 1262 1199 potenter
1293 1145 1415 1185 diluit
1445 1149 1830 1198 contemperatque‚

372 1212 467 1253 licet
488 1227 575 1254 non
595 1213 851 1267 immediate,
869 1214 915 1254 in
937 1219 1144 1268 quantum
1165 1219 1311 1254 tamen
1332 1213 1520 1267 ejusdem
1539 1213 1703 1254 fluxum
1718 1213 1829 1254 cohi-

372 1280 456 1330 bet,
474 1286 567 1321 tum
583 1283 774 1335 pustuliS,
791 1287 884 1323 tum
900 1282 1020 1323 faciei
1040 1296 1332 1335 manuumque
1352 1280 1522 1332 tumori,
1538 1281 1583 1321 in
1600 1286 1715 1322 statu
1730 1294 1828 1322 con-

370 1349 583 1390 servandis
607 1350 841 1391 necessario
865 1350 1075 1401 conferet,
1108 1365 1206 1391 eum
1233 1364 1285 1390 ex
1315 1349 1487 1390 adverso
1516 1349 1702 1390 remedia
1732 1349 1829 1391 cali-

370 1417 498 1467 diora,
520 1417 617 1458 licet
639 1418 692 1459 ad
722 1419 836 1459 hunc
865 1433 1038 1472 scopum
1064 1418 1219 1459 rectius
1240 1418 1460 1459 videantur
1484 1417 1708 1468 collimare,
1731 1431 1828 1458 cum

369 1490 515 1525 tamen
538 1486 686 1539 jugem
707 1486 822 1526 hunc
844 1486 1059 1539 sanguinis
1088 1487 1246 1526 fluxum
1274 1490 1562 1539 promoveant,
1585 1485 1829 1538 longissime

167 1567 321 1598 Remedia
371 1553 580 1594 aberrent.
620 1554 822 1596 Quinimo
843 1569 921 1595 nec
942 1555 1121 1595 dubium
1141 1555 1245 1594 mihi
1266 1560 1329 1594 est
1351 1553 1683 1608 quamplurimas
1704 1553 1828 1594 muli-

164 1610 352 1692 ἓξζῗέἰξξθη
370 1636 460 1662 eres
481 1623 560 1663 hoc
588 1637 727 1663 errore
751 1623 934 1676 periisse,
958 1623 1058 1663 dum
1087 1623 1243 1664 scilieet
1274 1622 1530 1672 assistentes,
1553 1635 1607 1663 ne
1633 1622 1828 1676 pustulae

164 1695 303 1744 calidius.
370 1690 423 1731 ob
452 1691 668 1744 sanguinis
701 1691 859 1731 fluxum
896 1691 1164 1732 conciderent
1194 1690 1328 1741 veriti,
1350 1690 1462 1731 malo
1494 1690 1593 1731 huic
1629 1690 1827 1731 cardiacis

163 1737 347 1820 'ffitcaagllffli-
369 1757 687 1799 medicamentis
709 1764 749 1799 et
776 1759 981 1812 regimine
1010 1758 1147 1799 adhue
1174 1758 1359 1799 calidiori
1381 1757 1579 1798 adhibitis
1610 1772 1827 1799 occurrere

163 1831 322 1896 {33ssanAE
367 1826 617 1877 niterentur,
641 1842 723 1881 quo
749 1827 860 1869 facto
881 1828 1063 1869 misellas
1091 1827 1243 1868 certius
1270 1826 1636 1881 pessundederunt
1649 1843 1661 1876 3
1694 1841 1825 1880 quan-

161 1877 338 1939 sundeiies
367 1895 564 1936 tumlibet
600 1896 908 1949 adstringentia
938 1896 1052 1937 varia
1086 1895 1285 1936 cardiacis
1321 1894 1600 1935 admiscentes
1632 1895 1825 1936 haemor-

161 1955 247 1981 runt.
366 1961 559 2015 rhagiam
594 1963 752 2014 sistere,
775 1970 901 2017 atque
927 1965 1197 2018 pustularum
1227 1978 1314 2005 una
1343 1963 1604 2016 tumorisque
1637 1962 1825 2005 debitam

367 2030 643 2071 elevationem
663 2032 786 2083 tueri,
810 2033 1053 2086 sategerint.

162 2116 305 2147 Historia
431 2099 538 2153 [11.]
579 2100 708 2141 Haud
747 2101 807 2142 ita
846 2102 1008 2156 pridem
1048 2102 1264 2142 dominam
1303 2108 1392 2142 tam
1432 2099 1657 2141 virtutibus
1697 2115 1823 2154 quam

160 2160 347 2233 ffiffisffig}
366 2167 494 2221 stirpe
516 2170 815 2222 praenobilem,
837 2171 1018 2212 Variolis
1044 2171 1174 2225 nigris
1202 2178 1243 2212 et
1268 2171 1368 2211 mali
1395 2170 1523 2212 moris
1544 2170 1821 2222 laborantem,

161 2244 243 2274 sium
262 2256 326 2294 qna
365 2238 552 2278 tractavi.
616 2238 819 2280 Quamvis
855 2245 998 2280 autem
1035 2240 1086 2280 ab
1127 2240 1248 2280 initio
1282 2239 1331 2279 iis
1367 2238 1563 2279 omnibus
1596 2237 1656 2277 illi
1691 2238 1820 2279 inter-

161 2288 347 2360 ssfflfsssxlaafio,
365 2305 551 2347 dixeram
573 2321 597 2347 a
618 2307 765 2361 quibus
791 2309 960 2362 sanguis
990 2308 1192 2362 exagitari
1218 2312 1396 2362 poterat,
1419 2320 1515 2347 cum
1545 2311 1691 2347 tamen
1714 2311 1821 2347 tem-

159 2373 258 2421 rantis
274 2374 323 2403 51¹·
364 2381 611 2426 peramento
639 2381 748 2416 esset
779 2377 1009 2418 admodum
1037 2376 1282 2430 sanguineo,
1307 2375 1427 2416 viridi
1453 2375 1631 2428 juventa
1653 2380 1821 2428 vegeta·

161 2424 288 2454 ⁵¹gm⁰r‘
365 2455 456 2494 que,
478 2442 636 2484 fervida
657 2443 783 2484 etiam
805 2445 906 2485 anni
926 2449 1154 2498 tempestas
1177 2444 1404 2493 accederet,
1428 2443 1671 2497 derepente,
1693 2444 1820 2485 tertio

364 2510 518 2552 seilicet
541 2512 607 2552 die
628 2512 680 2553 ab
702 2515 935 2566 eruptione,
952 2514 1012 2554 ita
1030 2514 1148 2567 largo
1169 2512 1379 2554 mensium
1399 2511 1614 2565 profluvio,
1630 2516 1821 2564 tempore

363 2577 444 2618 illis
470 2594 558 2620 non
586 2580 740 2632 debito,
763 2587 953 2635 correpta
984 2586 1059 2632 est,
1086 2587 1132 2622 ut
1163 2586 1348 2622 astantes
1378 2580 1575 2620 mulieres
1610 2593 1704 2620 eam
1729 2579 1819 2633 jam

364 2645 605 2687 abortixisse
656 2648 982 2702 suspicarentur.
1064 2649 1182 2689 Licet
1222 2649 1301 2689 hoe
1342 2653 1580 2702 symptoma
1629 2647 1683 2688 ad
1732 2647 1820 2688 dies

363 2717 519 2757 multos
539 2717 780 2771 importune
795 2723 978 2771 urgeret,
1001 2732 1088 2758 non
1108 2723 1253 2758 tamen
1273 2716 1427 2757 idcirco
1449 2715 1680 2756 existimavi
1699 2715 1819 2756 laetis

364 2790 406 2823 et
428 2798 559 2836 aquae
579 2800 718 2834 nsum,
742 2801 765 2826 a
786 2800 853 2826 me
874 2785 1240 2839 praescriptorum,
1261 2784 1488 2825 intermitti
1509 2783 1651 2824 deberi
1662 2800 1674 2834 ς
1707 2782 1817 2837 quid,

364 2852 474 2905 quod
505 2853 636 2905 magis
662 2854 750 2907 jam
778 2854 1060 2895 necessarium
1091 2854 1211 2895 illum
1239 2867 1339 2903 esse,
1363 2857 1404 2893 et
1434 2852 1645 2893 liberalius
1680 2852 1819 2893 adhuc

364 2918 668 2972 indulgendum
700 2923 964 2964 censuerim?
1008 2922 1118 2977 quod
1140 2923 1266 2964 etiam
1293 2936 1368 2975 per
1398 2935 1568 2962 omnem
1588 2921 1725 2963 morbi
1746 2921 1816 2961 de-
