1985 3308
378 168 462 207 292
782 165 1038 208 THOMAE
1074 164 1415 205 SYDENHAM

177 282 231 312 Da
244 280 359 311 Mona.
378 271 459 312 ista
508 270 642 324 εὐεξία
681 271 856 312 tandem
906 270 1238 325 recuperabitur,
1288 269 1511 322 profligato
1559 267 1606 307 in
1653 267 1836 308 solidum

191 323 345 397 {fg-¹32³&
378 338 539 379 morbo.
626 339 706 379 His
757 338 965 378 adductus
1015 337 1251 378 rationibus
1302 336 1414 376 hanc
1464 348 1542 388 ego
1586 335 1836 375 methodum

379 406 553 447 caeteris
575 410 811 459 antepono:
844 404 1069 445 Peruviani
1090 404 1269 444 Cortieis
1296 403 1424 442 uncia
1452 416 1541 442 una
1573 415 1670 442 cum
1692 402 1837 456 syrupi

378 488 570 515 rosarum
608 473 836 513 rubrarum
881 472 1018 512 unciis
1061 470 1225 511 duabus
1270 469 1523 519 misceatur3
1575 483 1701 522 aeger
1739 483 1838 510 vero

379 541 665 596 quantitatem
692 539 814 580 nucis
843 539 1087 579 mosehatae
1120 536 1305 591 majoris,
1331 550 1458 576 mane
1491 541 1534 577 et
1564 550 1669 587 sero,
1697 536 1838 591 quoti-

380 607 447 647 die
477 607 659 657 devoret,
682 605 829 647 diebus
854 620 878 646 a
907 605 1094 657 genuino
1122 617 1374 658 paroxysmo
1400 603 1555 653 vacuis,
1578 603 1712 644 donec
1739 618 1838 644 eon-

379 674 607 715 feetionem
642 687 813 714 omnem
854 672 1149 725 absumpserit.
1228 671 1461 724 Repetatur
1494 684 1619 724 porro
1660 670 1713 711 ad
1752 676 1840 712 tres

380 742 481 783 alias
497 742 619 791 vices,
637 741 868 795 interjectis
891 754 1054 794 semper
1085 739 1232 780 diebus
1261 739 1628 795 quatuordecim.'’
1686 739 1838 793 (Morb.

379 810 501 849 Acut.
525 809 683 849 Histor.
710 807 819 849 Seet.
843 809 870 848 i.
893 822 984 862 cap.
1008 810 1047 848 5.
1078 807 1121 863 [ξ
1145 807 1256 861 34.])

179 878 219 927 11¹
235 877 342 908 tertia·
445 876 575 929 [39]r
597 874 925 917 Quantumlibet
943 880 1085 916 autem
1107 875 1262 915 Cortex
1283 888 1410 927 supra
1429 874 1628 914 laudatus
1648 873 1694 913 in
1714 872 1840 914 febri-

175 930 361 998 ἷῖιζυζῗξέῐῗζ.
379 943 459 983 bus
491 943 606 984 hisee
632 942 852 983 medendis
885 942 1083 982 omnibus
1112 942 1217 992 aliis,
1251 946 1463 996 quotquot
1495 941 1633 981 adhuc
1665 941 1840 981 inventa

177 1010 359 1076 ξξὲωῃὶῗὲῑέ
379 1010 567 1060 fuerunt,
598 1010 783 1063 palmam
808 1009 930 1050 facile
959 1009 1200 1063 praeripiat,
1230 1014 1422 1049 attamen
1446 1009 1493 1048 in
1522 1008 1719 1049 tertianis
1749 1021 1841 1048 ver-

178 1056 362 1118 etfigoliens
381 1077 561 1127 nalibus,
594 1077 628 1117 si
663 1077 789 1118 modo
820 1090 945 1130 aeger
980 1076 1214 1130 sanguineo
1254 1081 1592 1129 temperamento
1624 1075 1842 1129 praeditus

178 1136 336 1212 {ffgtgfe’
382 1149 504 1194 esset,
534 1150 663 1199 atque
694 1144 824 1185 etiam
855 1148 992 1184 aetate
1022 1144 1203 1194 floreret,
1237 1143 1425 1184 remedia
1459 1143 1683 1198 sequentia
1722 1157 1841 1184 cura-

179 1215 328 1254 gendum.
381 1211 543 1252 tionem
568 1211 794 1252 absolvisse
822 1211 1047 1252 observavi.
1110 1211 1305 1264 Exempli
1337 1211 1485 1264 gratia,
1517 1211 1717 1251 mittatur
1747 1224 1842 1250 san-

383 1279 476 1332 guis
497 1292 519 1319 e
545 1279 720 1319 brachio
748 1279 815 1319 die
837 1293 861 1319 a
890 1293 1142 1332 paroxysmo
1162 1278 1310 1328 libero,
1332 1283 1375 1319 et
1404 1283 1501 1332 post
1531 1278 1694 1333 aliquot
1717 1278 1843 1318 horas

383 1345 533 1386 eodem
562 1345 630 1385 die
661 1345 911 1386 exhibeatur
938 1346 1164 1387 emeticum
1198 1360 1248 1386 ex
1272 1346 1485 1386 infusione
1513 1345 1623 1386 croci
1651 1345 1842 1386 metallo-

385 1427 494 1463 rum,
516 1413 577 1453 ita
606 1418 774 1466 tempus
802 1414 1087 1466 praefigendo,
1110 1419 1159 1453 ut
1183 1413 1452 1453 vomitorium
1481 1427 1585 1466 opus
1614 1427 1739 1453 suum
1769 1412 1842 1453 ab-

383 1479 516 1520 solvat
551 1485 650 1520 ante
680 1480 942 1520 invasionem
971 1480 1212 1534 paroxysmi
1246 1480 1510 1535 insequentis
1524 1497 1535 1529 ,-
1583 1494 1668 1535 quo
1699 1480 1840 1533 elapso

383 1545 628 1587 immediate
651 1546 922 1599 aggrediatur
943 1561 1070 1588 usum
1091 1547 1362 1602 sequentium
1379 1564 1448 1587 :—

387 1657 519 1702 [Form.
537 1658 611 1703 56.]
664 1657 704 1707 R
734 1659 892 1693 Extraeti
911 1659 1120 1700 Gentianae,

737 1715 930 1759 [Extracti]
951 1717 1139 1757 Absinfflii,

739 1771 937 1816 [Exti-acti]
960 1773 1142 1806 Centaurii
1160 1772 1321 1812 Minoris,
1337 1784 1407 1806 ana
1424 1773 1610 1807 drachmas
1629 1772 1716 1807 duas
1731 1787 1738 1813 ;

572 1826 803 1869 Misceamur,
819 1839 860 1861 ac
878 1828 1078 1862 dividantur
1098 1829 1135 1862 in
1158 1840 1283 1862 novem
1305 1829 1415 1870 doses,
1432 1841 1582 1874 quarum
1599 1841 1706 1864 unam
1724 1831 1843 1875 capiat

570 1890 694 1928 quarta
719 1896 854 1929 quaque
879 1885 974 1926 hora,
999 1885 1254 1930 superbibendo
1280 1886 1426 1920 Decocti
1451 1887 1570 1920 Amasi
1596 1887 1670 1921 sine
1693 1898 1843 1932 purgan-

570 1941 663 1974 tibus
680 1947 714 1974 et
730 1940 815 1974 Vini
831 1941 924 1983 Albi,
942 1953 1010 1975 ana
1026 1942 1147 1976 uncias
1165 1948 1242 1976 tres.

180 2028 366 2110 fflegffitilpgl
392 2025 499 2078 [40]
537 2024 615 2064 Est
644 2029 686 2065 et
714 2025 847 2067 altera
870 2027 1097 2068 methodus
1123 2028 1300 2068 curandi
1324 2028 1400 2069 has
1424 2029 1642 2077 tertianas,
1668 2028 1714 2069 in
1740 2043 1843 2082 pau-

177 2122 366 2153 pauperum.
384 2092 554 2145 peribus
590 2092 761 2143 scilieet,
794 2107 977 2148 quorum
1012 2095 1191 2136 facultas
1226 2096 1388 2149 prolixo
1424 2097 1645 2151 apparatui
1679 2096 1844 2137 medico

384 2159 558 2200 ferendo
579 2174 667 2200 non
689 2160 766 2201 sit:
798 2166 921 2212 ut,—

388 2275 519 2319 [Form.
539 2275 614 2320 57.]
666 2274 707 2325 R
736 2276 975 2322 Serpeutariae
1003 2279 1232 2324 Virginianae
1262 2280 1485 2314 subtilissime
1517 2281 1718 2325 pulveratae
1751 2291 1843 2314 seru-

781 2334 905 2378 pulum
924 2346 1046 2376 unum,

735 2390 818 2423 Vini
836 2391 916 2424 Albi
935 2393 1056 2425 uncias
1074 2399 1160 2431 tres;

572 2446 704 2486 Misce3
729 2453 845 2480 sumat
867 2447 1002 2481 duabus
1018 2448 1111 2482 horis
1128 2456 1208 2482 ante
1225 2461 1470 2495 paroxysmum
1486 2463 1493 2490 3
1521 2456 1556 2484 et
1572 2450 1737 2495 stragulis
1753 2450 1842 2484 bene

571 2510 753 2548 coopertus
779 2503 879 2538 sudet
903 2516 964 2550 per
980 2512 1047 2539 tres
1074 2507 1127 2540 vel
1153 2514 1301 2550 quatuor
1326 2506 1446 2541 horas:
1481 2507 1575 2541 idem
1593 2507 1755 2541 faciendo
1784 2518 1845 2552 per

573 2560 658 2594 duas
675 2561 761 2595 alias
779 2561 869 2595 n‘ces
885 2572 1091 2607 paroxysmo
1109 2564 1305 2607 ingruente.

211 2686 336 2768 ῗέἒὸὃ
453 2694 560 2747 [41]
601 2696 809 2751 Sequenti
837 2711 951 2738 anno
980 2699 1149 2752 (nempe
1179 2701 1321 2753 1679,)
1351 2699 1430 2740 sub
1461 2700 1584 2741 initio
1610 2701 1636 2740 J
1642 2701 1715 2741 ulii
1751 2715 1843 2742 eae-

180 2796 275 2823 Anno
291 2758 342 2825 [79
391 2760 486 2801 dem
506 2762 644 2803 febres
666 2764 717 2804 de
730 2778 839 2805 novo
851 2765 959 2806 vires
972 2766 1338 2820 redintegrabant,
1357 2773 1400 2809 et
1421 2769 1612 2823 quotidie
1634 2769 1843 2809 increbre-

183 2836 335 2907 gilbminliul
389 2834 566 2878 scentes,
589 2844 733 2872 mense
763 2832 959 2885 Augusto
985 2848 1113 2888 quam
1134 2834 1438 2876 immanissime
1461 2835 1843 2886 debacchabantur,

185 2920 312 2949 eaedem
324 2920 369 2950 fe·
853 2921 862 2934 ¹
887 2916 1013 2947 Desunt
1031 2920 1063 2957 ἐξ
1083 2919 1133 2954 39,
1152 2921 1192 2949 40
1208 2920 1241 2950 in
1258 2920 1305 2950 ed.
1325 2921 1386 2950 ³80.
