1985 3308
427 161 483 200 98
833 160 1090 200 THOMAE
1126 159 1468 199 SYDENHAM

257 279 385 309 Faenus
431 268 568 315 Peste,
590 272 684 307 tum
712 266 998 306 laborantium
1030 266 1245 316 halitibus,
1268 271 1362 306 tum
1383 271 1650 307 mortuorum
1678 264 1887 305 cadaveri-

238 323 407 394 g'ffffsssfs
430 335 523 385 bus,
545 335 661 375 labes
693 340 735 376 et
766 335 1013 389 contagium
1042 334 1283 384 inducitiu·;
1316 335 1420 375 adeo
1453 339 1501 375 ut
1536 334 1588 374 ad
1620 333 1888 374 tristissimae

229 407 411 460 *QSJ'OFHM
431 403 710 456 aegritudinis
723 403 1071 456 propagationem
1080 403 1169 456 jam
1183 417 1272 443 non
1286 403 1465 457 amplius
1479 403 1545 443 vel
1557 401 1705 442 fomite
1718 401 1784 441 vel
1796 414 1889 454 per-

229 454 314 501 1⁰3⁵
344 452 394 539 ‘gb'
431 471 564 512 sonali
579 470 790 511 consortio
798 485 901 524 opus
910 470 977 520 sit,
985 484 1132 511 verum
1147 484 1444 524 quemcunque
1457 469 1762 519 homineni‚vel
1775 483 1890 509 sum-

228 520 382 590 ggrzxeeij
431 554 502 580 ma
522 553 623 580 eura
640 553 664 578 a
679 539 804 579 Peste
826 538 1028 591 correptis
1046 543 1270 588 semotum,
1285 538 1374 591 ipse
1397 541 1468 578 ae‘r
1483 551 1582 578 cum
1604 537 1755 591 spiritu
1775 536 1890 576 intro

227 595 412 678 {?lf‡})tr‘'0{,{-
433 607 603 648 subiens
623 621 699 660 per
719 620 762 647 se
784 620 831 647 ac
861 620 937 647 suo
960 606 1103 646 Marte
1134 606 1306 646 inficere
1327 606 1477 656 valeat,
1502 606 1628 647 modo
1649 606 1719 646 ille
1740 618 1892 658 eorpus

228 686 331 719 gatur.
432 676 586 717 habeat
608 675 857 715 humoribus
886 674 939 715 ad
965 674 1151 714 afflatum
1175 674 1472 727 excipiendum
1493 675 1650 728 paratis
1671 674 1890 715 refertum.

230 744 364 792 Quotice
498 744 576 797 [5.]
616 743 872 796 Quanquam
904 747 1048 783 autem
1075 741 1145 782 hie
1174 741 1360 792 morbus,
1387 756 1485 782 eum
1514 742 1723 782 duntaxat
1751 755 1892 795 spora-

228 787 404 865 {gagga-a
432 812 550 852 dicus
592 811 746 861 existit,
784 811 903 851 nullo
943 809 1210 863 tempestatis
1253 809 1496 851 discrimine
1535 823 1691 863 paucos
1732 809 1893 863 aliquot

228 871 400 943 pgrreaicnter
431 878 608 933 (tradito
631 878 749 931 quasi
770 892 844 931 per
865 892 1019 918 manus
1041 877 1267 930 eontagio‚)
1294 877 1452 931 affligat
1467 895 1478 928 3
1510 882 1656 919 tamen
1677 877 1753 918 ubi
1774 877 1894 918 adest

229 962 380 986 aestatem
431 948 561 989 etiam
592 947 825 1001 epidemica
856 947 963 987 aeris
1000 946 1265 996 constitutio,
1299 947 1486 988 exoritur
1521 947 1632 988 circa
1667 961 1760 987 eam
1792 946 1895 987 anni

228 999 408 1037 ambigente
761 1015 768 1021 ·
862 1029 870 1038 ‚
913 1029 923 1038 V
1419 1015 1426 1022 ·
1465 1015 1472 1022 ·

229 1042 388 1071 exoritur:
430 1021 595 1069 partem
625 1029 730 1068 quae
758 1019 864 1055 intel
898 1028 970 1055 xer
1001 1028 1049 1055 ac
1078 1019 1284 1055 aestatem
1316 1014 1508 1068 amb1g1t‚
1530 1019 1679 1069 utpote
1701 1029 1809 1068 quae
1840 1014 1895 1055 ad

429 1083 747 1137 producendam
793 1082 1119 1136 aegritudinem,
1167 1083 1288 1136 cujus
1336 1083 1520 1124 essentia
1564 1083 1611 1123 in
1664 1083 1895 1124 humorum

430 1151 661 1207 φλοὙώσει,
685 1151 769 1192 sive
791 1151 1122 1204 inflammatione,
1151 1152 1213 1203 (ut
1234 1156 1381 1204 postea
1409 1152 1451 1207 [ξ
1477 1152 1563 1205 16.]
1588 1152 1891 1204 ostendemus)

429 1220 638 1273 imprimis
670 1219 876 1270 consistit,
909 1219 1094 1259 maxime
1125 1219 1279 1260 idonea
1315 1224 1442 1273 atque
1475 1219 1794 1261 accommodata
1825 1219 1894 1259 sit.

430 1288 562 1328 Porro
585 1293 627 1328 et
650 1302 726 1328 sua
746 1287 875 1328 habet
897 1287 1151 1328 incrementi
1179 1301 1227 1328 30
1255 1287 1550 1329 declinationis
1580 1292 1785 1341 tempora,
1807 1301 1897 1327 non

432 1370 550 1396 secus
585 1370 633 1396 ac
669 1361 858 1396 caeterae
894 1370 1037 1396 rerum
1072 1355 1336 1396 naturalium
1373 1356 1543 1409 species,
1604 1355 1810 1396 Nascitur
1846 1369 1896 1396 eo

434 1439 515 1478 quo
533 1424 715 1464 diximus
732 1430 934 1478 tempore,
951 1429 1165 1465 crescente
1183 1438 1296 1465 anno
1319 1424 1532 1475 adolescit,
1551 1425 1784 1478 eodemque
1805 1438 1897 1464 ver-

435 1497 561 1545 gente
603 1492 858 1542 collabaseit,
893 1492 1026 1532 donec
1066 1492 1243 1533 tandem
1284 1496 1425 1534 ae'rem
1456 1493 1502 1533 in
1544 1493 1756 1534 diathesin
1795 1492 1896 1532 huic

434 1560 582 1601 morbo
605 1560 899 1601 adversantem
921 1560 1107 1614 glacialis
1129 1560 1282 1601 bruma
1302 1565 1574 1602 transmutet.

501 1629 579 1682 [6.]
619 1628 747 1670 Quod
783 1629 817 1669 si
852 1634 1158 1682 tempestatum
1200 1629 1302 1669 anni
1342 1630 1653 1670 vicissitudines
1692 1630 1739 1670 in
1781 1629 1898 1670 hunc
1934 1651 1940 1657 ·

436 1697 634 1737 affectum
671 1697 779 1737 nihil
819 1697 986 1751 imperii
1022 1701 1278 1747 exercerent,
1315 1711 1462 1738 verum
1499 1698 1727 1738 seminium
1762 1697 1898 1738 Pesti-

435 1764 621 1814 lentiale,
659 1764 779 1804 nulla
813 1765 919 1805 aejris
956 1765 1195 1805 mutatione
1229 1764 1453 1816 domabile,
1484 1765 1536 1806 de
1572 1765 1654 1806 alio
1686 1766 1733 1805 in
1765 1764 1898 1806 alium

435 1837 640 1886 perpetua
656 1833 973 1886 propagationis
996 1833 1101 1873 serie
1122 1833 1489 1874 transmitteretur
1500 1851 1512 1884 3
1541 1833 1633 1874 fieri
1653 1848 1741 1874 non
1756 1837 1898 1887 posset

438 1900 553 1952 quin,
569 1899 644 1940 ubi
664 1900 710 1939 in
731 1900 1062 1953 frequentiorem
1081 1901 1266 1955 aliquam
1287 1902 1437 1942 urbem
1459 1902 1589 1943 semel
1610 1901 1761 1956 pedem
1781 1902 1899 1942 intu-

437 1967 567 2017 lisset,
605 1967 855 2008 continuata
888 1974 1028 2022 strage
1069 1968 1220 2009 funera
1255 1984 1390 2023 usque
1431 1974 1473 2010 et
1512 1984 1647 2024 usque
1689 1969 1899 2021 densaret,

438 2034 571 2075 donec
592 2035 767 2076 tandem
782 2050 907 2077 nemo
929 2042 1166 2090 superesset
1187 2037 1233 2077 in
1250 2051 1377 2091 quem
1399 2038 1644 2078 Pestilentis
1665 2037 1900 2079 miasmatis

436 2103 552 2143 labes
587 2103 810 2156 impingat.
872 2104 1007 2157 Atqui
1038 2105 1299 2145 contrarium
1337 2119 1459 2159 saepe
1491 2106 1677 2147 evenisse
1708 2105 1899 2146 animad-

437 2185 604 2211 versum
633 2176 709 2222 est,
732 2186 911 2213 numero
933 2172 1231 2224 extinctorum,
1256 2188 1359 2227 quos
1386 2174 1514 2215 unica
1540 2175 1698 2215 mensis
1729 2174 1900 2215 Sextilis

438 2239 675 2292 septimana
697 2240 750 2280 ad
771 2241 931 2294 aliquot
952 2241 1087 2282 millia
1115 2242 1337 2292 extulerat,
1361 2242 1439 2283 sub
1461 2242 1715 2283 Novembris
1737 2242 1900 2283 exitum

237 2323 299 2351 2150
315 2322 373 2351 ali-
437 2308 557 2348 valde
578 2307 807 2349 imminuto
835 2323 883 2350 ac
910 2310 1217 2363 propemodum
1238 2309 1371 2350 nullo.
1433 2311 1527 2351 Nec
1552 2315 1699 2351 tamen
1720 2310 1901 2352 diffiteor

237 2371 414 2447 ggss'fgffln
438 2375 528 2414 fieri
558 2390 679 2428 posse
711 2376 839 2430 (quod
870 2382 913 2417 et
938 2378 1136 2418 nonnulli
1168 2378 1367 2418 authores
1395 2377 1557 2418 factum
1587 2378 1896 2432 prodiderunt,)

238 2451 370 2479 ‹101-211-0.
439 2448 486 2483 ut
510 2443 648 2483 Pestis
680 2444 773 2484 aliis
805 2445 934 2485 etiam
966 2446 1067 2486 anni
1099 2446 1425 2499 tempestatibus
1457 2451 1584 2501 caput
1614 2447 1800 2501 primum
1831 2461 1900 2488 ex-

441 2516 529 2551 erat
543 2529 554 2561 3
586 2511 666 2553 hoe
688 2518 831 2553 autem
852 2514 988 2554 rarius
1005 2514 1170 2564 accidit,
1189 2528 1267 2555 nec
1289 2515 1497 2568 ejusmodi
1517 2515 1608 2556 lues
1629 2515 1675 2556 in
1695 2515 1901 2570 populum

241 2588 411 2635 Abrtisjdis-
442 2579 671 2620 admodum
713 2581 1010 2622 debacchatur.
1081 2583 1160 2636 [7]
1199 2583 1373 2624 Interea
1417 2583 1525 2624 aeris
1567 2583 1899 2638 dispositionem,

240 2637 412 2711 (Ῑῖζζζξζῖζω-
443 2649 713 2699 quantumvis
741 2648 941 2702 λοιμώδη,
964 2650 1081 2691 Pesti
1109 2651 1378 2692 suscitandae
1405 2665 1481 2705 per
1508 2665 1551 2693 se
1578 2651 1784 2705 imparem
1811 2665 1902 2692 esse

240 2715 416 2793 ἔξῖ-ἒλῧιὲιςιῒίνί-
442 2714 713 2756 vehementer
760 2718 970 2771 suspicor,
1023 2718 1126 2772 quin
1167 2719 1443 2760 Pestilentiae
1489 2716 1699 2770 morbum,
1747 2719 1902 2761 alicubi

240 2781 425 2830 exc’itanilae
444 2796 608 2836 semper
636 2787 921 2839 superstitem,
944 2792 1017 2827 aut
1051 2802 1127 2842 per
1159 2787 1351 2829 fomitem
1385 2793 1458 2829 aut
1488 2802 1563 2842 per
1598 2788 1795 2830 Pestiferi
1827 2788 1901 2829 ali-

240 2853 294 2882 1³⁰?
311 2854 342 2872 ⁵⁰
359 2843 418 2872 ³¹¹*
446 2851 565 2903 cujus
598 2853 817 2905 appulsum
852 2869 873 2894 e
905 2856 1005 2895 loeis
1036 2856 1204 2896 infectis
1235 2857 1280 2896 in
1312 2856 1414 2897 alios
1446 2856 1622 2906 deferri3
1659 2856 1901 2910 ibidemque
1941 2846 1944 2853 Α

247 2886 383 2915 sarx-ido-

239 2896 301 2957 iur.
446 2931 529 2957 non
570 2919 648 2958 nisi
683 2921 908 2962 accedente
949 2924 1074 2963 simul
1115 2924 1267 2965 idonea
1303 2925 1409 2965 a'e'ris
1446 2924 1626 2965 diathesi
1656 2924 1901 2978 popularem
