1985 3308
470 131 810 174 PROCESSUS
842 130 1112 172 INTEGRI.
1433 131 1518 171 543

130 239 209 293 [7.]
250 239 296 282 Si
324 239 480 295 pilulae
506 238 787 295 praescriptae
810 241 1004 280 ventrem
1030 236 1253 287 moverint,
1279 240 1427 278 utatur
1457 249 1520 277 se·
1561 249 1615 279 Da
1633 249 1701 279 Ar-

16 358 19 361 !
66 306 294 358 quentibus
310 323 378 348 :—
1539 291 1712 364 Trcgmlci}
1734 374 1740 378 ι

67 393 201 433 [Form.
224 395 339 441 142]i
375 395 414 446 Ra
443 397 599 431 Castorei
618 396 820 431 drachmam
837 406 958 437 unam,

441 452 531 487 Salis
550 453 691 487 Succini
708 453 868 487 Volatilis
885 451 1187 492 semidrachrnam‚

441 523 520 545 cum
539 512 730 546 sufficiente
748 512 944 556 quantitate
964 511 1122 546 Extracti
1141 510 1276 550 Rutae3

254 567 360 602 Fiant
396 570 524 614 pilulae
557 571 681 613 viginti
714 577 881 614 q11at110r3
922 570 1038 615 capiat
1069 576 1137 603 tres
1171 568 1319 612 singulis
1351 565 1524 609 noctibus,

253 626 506 671 superbibcndo
522 627 544 660 J
549 627 656 672 ulapii
677 627 875 673 Hyste1·ici¹‹
893 628 1087 662 cochlearia
1104 627 1170 661 tria
1187 626 1239 660 vel
1253 631 1413 670 quatuor.

19 750 22 768 ·:
127 705 310 759 Spiritus
340 720 473 747 cornu
504 706 614 747 cervi
649 707 702 747 ad
730 711 874 760 guttas
907 707 1089 748 sedecim
1120 707 1186 748 vel
1213 705 1447 748 octodecim
1477 704 1525 745 in

19 775 23 840 ζ
66 786 177 827 aqua
196 773 334 827 aliqua
354 774 621 828 appropriata
638 775 801 828 saepius
823 776 1048 826 exhibitus,
1070 775 1191 816 valde
1212 774 1388 816 confert.

20 866 23 908 ᾖ
132 841 210 895 [8.]
251 841 297 882 Si
316 856 414 884 vero
438 842 504 883 his
524 857 613 884 non
637 843 759 885 cedat
781 843 991 895 remediis,
1012 848 1107 885 tum
1135 843 1271 898 capiat
1300 845 1525 896 sequentes

21 949 22 952 ,
66 909 221 963 pilulas
237 926 306 951 2—-

69 999 204 1040 [Form.
225 1001 320 1043 143.]
372 999 413 1052 R
442 1002 708 1037 Trochiscorum
748 1002 791 1037 de
836 1001 983 1048 Myrrha
1027 1001 1284 1048 pulver-aterum
1324 1000 1528 1046 scrupulum

489 1072 612 1103 unum,

444 1118 600 1153 Balsami
619 1119 802 1164 Sulphuris
818 1118 1097 1153 Terebinthinati
1113 1124 1231 1164 guttas
1247 1124 1404 1163 quatuor,

443 1189 521 1212 cum
547 1178 737 1212 sufficiente
762 1178 959 1223 quantitate
986 1178 1131 1212 Gummi
1158 1178 1377 1212 Ammoniaci
1409 1178 1532 1219 soluti;

258 1234 365 1269 Fiant
380 1236 509 1280 pilulae
527 1242 695 1280 quatu0r3
721 1237 836 1281 capiat
852 1247 956 1269 mane
974 1241 1008 1270 et
1024 1248 1109 1277 sero,
1126 1236 1379 1281 super-bibendo
1395 1236 1418 1269 J
1422 1236 1533 1281 ulapii

258 1292 437 1338 Hysterici
462 1292 654 1326 cochlearia
683 1299 830 1337 quatuor
862 1293 915 1326 vel
947 1293 1112 1338 quinque,
1146 1293 1348 1327 instillando
1382 1293 1532 1339 Spiritus

258 1351 378 1385 Cornu
396 1351 498 1385 Cervi
517 1356 634 1396 guttas
653 1350 850 1385 duodecim.

17 1480 25 1496 η
128 1430 420 1472 Electuarium
444 1429 855 1472 Antiscorbuticuml
880 1445 975 1472 cum
1009 1445 1119 1485 aqua
1144 1431 1303 1472 ibidem
1324 1431 1534 1487 descripta

1 1500 25 1541 1*
71 1499 242 1553 prodest
262 1499 308 1540 in
333 1500 400 1540 his
428 1499 736 1550 affectionibus,
758 1505 807 1541 ut
830 1504 872 1540 et
894 1500 1186 1540 Electuarium
1208 1500 1534 1542 Corroboransm

14 1557 25 1615 ,Ι
71 1578 171 1610 cum
192 1568 406 1609 additione
427 1582 650 1610 conservae
671 1568 929 1610 cochleariae
945 1568 1157 1610 hortensis
1177 1569 1306 1611 uncia
1325 1580 1425 1621 una,
1442 1571 1535 1625 pul-

71 1636 180 1678 veris
201 1637 263 1678 ari
292 1636 514 1691 compositi
536 1636 748 1678 drachmis
774 1651 858 1688 seX,
882 1635 1196 1690 superbibendo
1225 1638 1532 1692 praescriptam

74 1719 242 1760 aquam.

139 1772 219 1826 [9.]
233 1777 252 1796 ¹¹
281 1772 342 1813 At
364 1772 399 1814 si
420 1773 595 1814 affectus
615 1773 682 1814 his
703 1787 792 1814 non
813 1773 935 1814 cedat
956 1773 1167 1825 remediis,
1185 1773 1376 1816 eundum
1397 1779 1461 1816 est
1482 1774 1536 1816 ad

74 1854 205 1896 aquas
239 1841 420 1892 ferreas;
452 1846 494 1882 et
526 1842 561 1882 si
595 1855 734 1895 neque
764 1841 843 1892 his,
875 1845 970 1881 tum
1006 1841 1061 1882 ad
1095 1842 1358 1896 sulphureas,
1392 1843 1536 1897 quales

74 1913 177 1950 sunt
198 1908 523 1949 Bathonienses.

134 1976 242 2031 [10.]
280 1977 402 2017 Inter
428 1976 663 2017 bibendum
696 1991 825 2030 aquas
853 1976 1010 2017 ferreas
1037 1977 1141 2018 haec
1172 1977 1456 2020 observanda:
1500 1979 1535 2020 si
1554 1990 1736 2021 observan-

74 2045 246 2099 aliquod
266 2049 505 2099 symptoma
532 2045 699 2098 gravius
720 2045 931 2096 acciderit,
955 2045 1068 2098 quod
1091 2046 1302 2099 potationi
1329 2062 1534 2102 aquarum
1551 2034 1727 2107 gaieffissm

72 2113 221 2155 referri
250 2118 404 2168 potest,
424 2118 530 2154 tunc
561 2113 612 2154 ab
641 2113 692 2153 iis
724 2127 849 2167 aeger
877 2113 1101 2164 abstineat,
1130 2114 1265 2156 donec
1296 2121 1536 2170 symptoma
1554 2130 1654 2160 aquas
1671 2119 1731 2149 fer-

73 2181 191 2223 istud
209 2181 381 2236 penitus
409 2181 640 2222 evanuerit.
702 2182 843 2235 Aeger
862 2181 909 2222 in
939 2195 1086 2222 earum
1106 2196 1188 2223 usu
1208 2197 1283 2237 per
1317 2198 1388 2224 sex
1410 2185 1536 2239 septi·
1554 2173 1635 2200 reas,

75 2264 224 2291 manas
255 2248 310 2290 ad
339 2249 578 2300 minimum,
600 2249 665 2290 vel
692 2250 833 2303 potius
865 2249 919 2290 ad
946 2249 1051 2291 duos
1081 2264 1262 2302 menses,
1283 2258 1537 2306 perseveret.

77 2318 274 2360 Zinziber
300 2317 534 2368 conditum,
560 2318 626 2359 vel
654 2318 817 2359 semina
841 2318 958 2359 carui
983 2318 1237 2370 saccharata,
1265 2320 1319 2360 ad
1349 2321 1538 2362 calefaci-

79 2386 237 2428 endum
252 2386 537 2427 ventriculum
553 2386 734 2427 subinde
751 2391 904 2427 sumat.
937 2386 1101 2427 Pilulae
1119 2387 1247 2428 etiam
1264 2388 1538 2442 Hystericae⁰

78 2459 165 2496 tres
187 2453 378 2495 devorari
397 2458 575 2508 possunt
595 2467 670 2508 per
690 2454 847 2508 primas
869 2454 1016 2495 decem
1041 2459 1201 2506 noctes,
1225 2456 1537 2510 superbibendo

80 2521 241 2575 Julapii
262 2521 478 2575 Hysterici
498 2521 732 2563 cochlearia
753 2527 935 2576 quatuor
954 2523 1020 2564 vel
1042 2523 1241 2577 quinque.

140 2587 252 2645 [11.]
287 2589 440 2631 Quoad
469 2603 596 2630 usum
626 2605 833 2644 aquarum
863 2591 1231 2641 Bathoniensium,
1254 2591 1419 2632 duobus
1450 2591 1536 2634 die·
1555 2610 1587 2637 et
1609 2607 1743 2647 sulphu.

79 2657 160 2698 bus
177 2656 297 2698 bibat
318 2672 401 2708 eas,
416 2671 463 2699 ac
483 2657 611 2699 tertio
632 2658 699 2700 die
719 2673 794 2713 per
814 2659 988 2700 modum
1003 2659 1145 2700 balnei
1162 2673 1230 2700 eas
1246 2659 1512 2713 ingrediatur
1523 2677 1536 2712 ς
1556 2660 1635 2681 reas.

80 2729 207 2780 atque
228 2726 288 2767 ita
309 2725 552 2767 alternatim
572 2740 647 2780 per
668 2741 737 2768 sex
760 2727 1016 2781 septimanas
1036 2726 1102 2767 vel
1123 2726 1227 2768 duos
1248 2741 1429 2769 menses.

124 2826 132 2847 ¹
156 2828 205 2859 Cf.
223 2829 314 2859 form.
332 2831 382 2859 81.
877 2833 898 2847 “¹
924 2830 1022 2859 Elect.
1039 2827 1178 2869 Corrob.]
1199 2828 1247 2859 Cf.
1268 2829 1357 2860 form.
1377 2830 1427 2860 93.

124 2869 139 2890 ¹¹
162 2873 227 2901 Jul.
243 2871 353 2913 Hyst.]
373 2872 421 2903 Cf.
438 2872 563 2902 formm.
581 2872 632 2908 75,
652 2873 722 2902 133.
878 2879 892 2894 ¹¹
918 2871 967 2901 Cf.
985 2873 1114 2902 Dissert.
1130 2873 1227 2910 Epist.
1249 2874 1264 2911 §
1283 2873 1342 2903 108
1359 2882 1405 2912 sq.

126 2912 132 2932 ¹
156 2916 253 2946 Elect.
270 2914 406 2954 Amisa]
427 2915 474 2945 Cf.
493 2915 619 2946 sormm.
639 2916 690 2952 41,
709 2916 757 2945 42.
877 2919 890 2932 ⁰
917 2914 1098 2954 Pil.11yst.]
1114 2914 1162 2944 Cf.
1175 2915 1301 2945 foi-mm.
1314 2915 1365 2952 74,
1381 2917 1450 2952 132,
1463 2917 1534 2947 229.
