1985 3308
270 164 794 206 OBSERVATIONUM
827 163 1201 204 MEDICARUM
1235 169 1299 202 IV.
1326 173 1358 202 4.
1464 157 1546 204 181'

85 285 223 326 neque
250 272 452 313 methodo
475 271 674 312 medendi
695 285 823 324 quam
848 270 1136 324 postulabant,
1159 284 1183 310 a
1203 270 1320 310 febre
1341 270 1414 310 illa
1439 283 1544 323 quae
1593 279 1722 309 Faunis

84 340 302 393 integrum
343 339 615 394 percurrebat
657 339 848 391 annum,)
892 339 996 379 haec
1045 338 1264 391 (inquam,)
1308 338 1403 391 plus
1444 338 1544 377 satis
1564 322 1732 393 Αἳῗζῖἶῖῐζῗ

86 408 287 448 evincunt
310 421 436 461 quam
468 407 522 447 sit
548 406 715 447 difficile
743 410 903 447 certam
922 406 1051 446 febris
1080 405 1262 459 speeiem
1289 405 1406 446 omni
1437 408 1544 444 tem-
1585 407 1717 438 ’69-’72-

85 489 186 529 pore
207 490 229 516 e
257 475 562 529 phaenomenis
590 475 740 515 elicere
754 491 765 524 3
798 475 897 515 licet
919 488 1012 515 eam
1038 474 1139 514 satis
1160 477 1274 514 recte
1300 472 1431 526 possit
1454 472 1544 525 dig·
1563 465 1702 546 {Ifg'c‘iffm

85 557 270 593 noscere,
303 544 375 596 qui
411 543 464 583 ad
495 543 597 583 alios
633 542 801 583 morbos
838 542 986 583 eodem
1022 556 1135 582 anno
1170 541 1420 594 ingruentes
1452 540 1544 580 dili-
1563 550 1683 589 optime

86 614 237 663 genter
257 610 500 660 attenderit,
524 614 566 650 ct
587 610 756 664 propria
776 610 950 662 insuper
971 609 1099 650 febris
1121 613 1419 663 symptomata,
1438 622 1545 661 quae
1563 592 1738 673 gffinffi‘ff'

86 678 139 719 ad
160 678 274 719 hune
295 679 360 718 vel
380 678 501 718 illum
524 678 808 718 evacuationis
830 678 1005 718 modum
1027 682 1232 731 spectant,
1250 677 1330 717 rite
1353 676 1544 717 observa·
1562 677 1620 749 {303³
1637 687 1721 750 mgr-

85 746 205 787 verit.
265 747 359 787 Nec
394 761 544 800 parum
585 746 686 786 facit
728 746 781 786 ad
821 745 1162 799 investigandam
1198 745 1327 786 febris
1363 744 1545 798 speciem
1564 730 1740 793 affissOinesn

87 814 382 865 consideratio,
405 814 489 855 sive
510 814 715 864 methodi,
735 814 820 854 sive
841 814 1157 863 medicamenti,
1176 828 1201 854 a
1221 813 1375 867 quibus
1397 812 1545 853 eadem
1563 811 1749 879 Ξξῧθξῐξῖξυὸ

87 883 264 923 minimo
286 897 384 923 cum
405 883 577 936 negotio
599 886 881 935 expugnatur.
1564 859 1706 921 angme-

153 950 232 1004 [7.]
272 950 399 992 Quod
429 950 480 990 ad
512 950 694 1004 reliquas
726 954 1074 1003 symptomatum,
1104 949 1241 990 febres
1278 949 1546 990 stationarias
1564 934 1729 1017 ilytmfittoad

88 1018 398 1069 comitantium,
417 1018 677 1059 differentias
695 1022 869 1072 spectat,
887 1018 1002 1059 varia
1022 1018 1341 1059 constitutionis
1357 1022 1549 1071 tempora
1566 1024 1652 1049 mata
1668 1030 1738 1050 mo-

89 1101 162 1127 eae
188 1091 359 1127 tantum
380 1087 626 1140 respiciunt,
650 1091 777 1140 atque
806 1100 855 1127 eo
882 1086 1056 1128 nomine
1077 1086 1142 1127 vel
1170 1091 1271 1127 sunt
1299 1085 1545 1136 intensiora,
1566 1061 1733 1135 ‘3335ssss-

89 1155 154 1195 vel
169 1155 407 1195 remissiora
422 1154 542 1204 illam,
560 1160 687 1208 prout
703 1154 1002 1204 intenduntur,
1021 1154 1085 1194 vel
1107 1154 1235 1194 etiam
1253 1154 1546 1204 remittuntur,
1566 1148 1753 1220 Ξῧθὲξὲῒῖξὲᾶῖ

89 1228 374 1276 symptomata
395 1222 572 1262 aliorum
596 1221 925 1275 epidemicorum
947 1221 1000 1262 ad
1023 1235 1125 1275 quos
1146 1222 1238 1275 ipsa
1257 1221 1488 1275 pertinent.
1567 1232 1644 1262 dum
1663 1233 1751 1263 insu-

154 1290 233 1344 [8.]
275 1289 358 1330 Sed
389 1294 437 1330 ut
471 1289 524 1330 ad
544 1304 634 1330 rem
666 1294 951 1330 revertamur:
995 1289 1140 1330 Febris
1167 1289 1284 1339 haee,
1314 1303 1421 1343 quae
1449 1303 1547 1330 eum
1565 1276 1704 1348 ffggi‘c'ffl

89 1357 340 1413 dysenteriis
366 1358 429 1410 (ut
451 1372 577 1411 supra
605 1358 648 1412 [ξ
674 1357 731 1410 1.]
757 1357 948 1410 dictum,)
974 1362 1036 1398 est
1058 1357 1260 1410 ingressa,
1283 1371 1428 1411 parem
1449 1371 1547 1398 cum
1565 1367 1722 1397 mentum,

87 1427 139 1467 iis
160 1441 330 1481 passum
351 1426 504 1477 tenuit,
523 1426 605 1466 nisi
628 1426 740 1479 quod
762 1439 804 1466 se
821 1426 1043 1479 paululum
1065 1426 1333 1475 subduceret,
1352 1425 1455 1465 dum
1477 1425 1548 1465 alii
1566 1404 1724 1476 sseffissbff,

88 1495 242 1536 horum
273 1509 483 1535 annorum
515 1494 736 1548 epidemici
767 1494 1058 1548 praevalerent
1072 1511 1083 1544 3
1117 1493 1370 1547 persistebat
1401 1498 1548 1534 tamen
1566 1488 1704 1561 {iillffiffir

88 1564 173 1614 illa,
202 1577 318 1604 nunc
347 1564 502 1618 plures,
532 1577 649 1604 nunc
678 1562 897 1617 pauciores
927 1567 1089 1616 petenS,
1117 1562 1299 1603 durante
1329 1562 1409 1602 hac
1437 1562 1548 1603 Con-
1570 1573 1721 1604 Febrium

90 1632 326 1673 stitutione.
1567 1621 1720 1690 iiiiffia'

155 1699 234 1754 [9.]
272 1699 355 1740 Pro
382 1699 559 1753 hujusce
587 1697 735 1739 Febris
761 1698 1003 1739 curatione:
1037 1712 1134 1738 cum
1156 1697 1442 1739 observassem
1471 1698 1551 1751 (uti
1569 1708 1712 1743 sympto-

90 1767 205 1821 prius
227 1767 270 1822 [ξ
282 1767 339 1820 1.]
361 1766 553 1819 dictum,)
571 1766 866 1820 phaenomena
880 1765 1008 1806 febris
1024 1765 1388 1820 dysentericorum
1403 1780 1549 1819 quam·
1568 1746 1740 1819 Ῑᾘῖζὲὃζξέἃ

90 1835 278 1889 plurium
305 1835 452 1876 eadem
480 1835 606 1888 plane
633 1848 722 1875 esse
754 1849 851 1875 cum
872 1834 955 1874 illis
978 1848 1085 1888 quae
1115 1834 1244 1888 hujus
1269 1834 1372 1874 anni
1394 1834 1550 1875 Febres
1568 1832 1746 1904 iggiqgigia

1650 1898 1656 1903 -
1751 1898 1758 1912 ‚

92 1903 298 1944 solitarias
316 1902 643 1953 comitabantur,
662 1907 997 1943 consentaneum
1015 1902 1120 1942 mihi
1135 1902 1359 1943 videbatur
1380 1907 1550 1943 sanatos
1568 1922 1662 1956 prout
1678 1917 1728 1947 in-

91 1970 144 2011 iri
165 1984 311 2023 aegros
333 1984 462 2019 meos,
486 1970 520 2010 si
548 1970 867 2011 evacuationem
887 1970 1004 2010 illam
1027 1970 1325 2024 quadantenus
1346 1970 1549 2021 imitarer,
1569 1960 1754 2033 ζῗίΐὲῐᾚζ

94 2052 177 2091 qua
197 2038 366 2078 Natura
386 2038 608 2078 materiam
634 2038 749 2078 illam
773 2038 1024 2078 corrosivam
1047 2042 1174 2091 atque
1197 2052 1349 2088 acrem,
1373 2052 1480 2091 quae
1508 2043 1550 2079 et
1569 2048 1690 2081 tuntur,

91 2106 223 2160 ipsius
257 2106 522 2160 dysenteriae
556 2111 597 2146 et
632 2106 967 2159 supervenientis
1000 2105 1129 2146 febris
1170 2119 1296 2146 causa
1325 2106 1550 2146 continens
1568 2093 1738 2170 Ῐζζῗξϊέρῑ

92 2180 169 2224 est,
196 2174 301 2215 solet
335 2174 543 2227 ablegare.
605 2175 670 2215 Ac
700 2174 877 2227 proinde
909 2174 1057 2214 eadem
1089 2173 1180 2227 ipsa
1211 2173 1426 2224 methodo,
1455 2179 1549 2214 tum
1569 2172 1710 2246 demica-

93 2241 229 2296 quoad
266 2242 662 2291 venae-sectionem,
694 2246 789 2282 tum
823 2241 1025 2295 repetitas
1060 2241 1334 2294 purgationes
1370 2241 1549 2282 Febrem
1567 2225 1731 2298 ἓᾞιςῖργ.

92 2310 203 2351 hanc
216 2324 438 2364 aggressus
453 2324 560 2360 sum,
577 2324 703 2363 quam
717 2309 762 2349 in
779 2309 1044 2364 dysenteriae
1061 2309 1279 2350 curatione
1294 2323 1420 2363 supra
1440 2310 1493 2364 [c.
1509 2311 1550 2351 3.
1569 2300 1679 2332 tinent.

97 2380 118 2433 ξ
136 2380 163 2419 9
183 2378 263 2432 sq.]
291 2378 427 2419 fusius
450 2378 706 2428 diduximus,
724 2378 807 2418 nisi
829 2377 941 2431 quod
962 2377 1206 2431 paregorica
1226 2377 1550 2431 purgationibus
1570 2353 1748 2443 {giga

92 2447 316 2501 interjecta
331 2461 419 2487 non
435 2451 606 2487 tantum
622 2460 710 2487 non
732 2446 799 2486 hic
816 2446 976 2500 juvare,
1000 2445 1073 2486 sed
1090 2451 1132 2486 et
1154 2445 1298 2486 obesse
1321 2445 1550 2499 deprehen·
1569 2455 1646 2486 haec
1663 2467 1716 2487 ea-

94 2514 240 2565 derim,
268 2515 402 2568 (secus
435 2519 563 2568 atque
596 2514 643 2555 in
675 2514 945 2569 dysenteria,)
980 2528 1078 2554 cum
1106 2513 1159 2554 ab
1192 2513 1257 2554 his
1289 2513 1552 2555 detineretur
1569 2498 1677 2572 ῗζζᾶἒ
1677 2510 1748 2583 ¹51]ae

93 2582 272 2623 materia
310 2582 383 2623 illa
423 2597 530 2636 quae
570 2581 755 2623 catharsi
795 2581 1005 2623 eliminari
1046 2581 1264 2622 debuerat.
1338 2582 1552 2623 Pulticula
1570 2583 1718 2624 dysente-

95 2664 312 2702 avenaeea,
333 2651 579 2701 hordeacea,
601 2651 828 2705 panatella,
851 2655 894 2691 et
917 2650 1124 2691 similibus
1147 2649 1224 2690 sub
1246 2650 1393 2703 primis
1414 2649 1552 2691 morbi
1569 2636 1740 2706 Effingunt

95 2718 243 2760 diebus
274 2719 496 2760 victitabat
529 2733 654 2773 aeger
666 2736 678 2769 3
710 2723 836 2772 potus
870 2723 960 2759 erat
994 2718 1192 2759 cerevisia
1224 2718 1366 2759 tenuis
1400 2733 1552 2772 parum
1569 2713 1732 2786 ¹¹2⁵?quer

94 2787 315 2842 tepefacta.
377 2788 479 2829 Post
510 2787 764 2829 celebratam
798 2801 894 2828 vero
925 2787 1054 2828 semel
1080 2786 1287 2827 iterumve
1322 2787 1550 2839 catharsin,
1568 2765 1751 2847 {iargfiuiclc-a

96 2855 213 2897 nulla
243 2856 448 2897 suadebat
484 2856 712 2897 necessitas
743 2855 957 2909 pullorum
991 2855 1203 2906 carnibus,
1237 2859 1311 2896 aut
1345 2855 1552 2897 similibus
1571 2841 1664 2871 ¹¹¹b¹¹⁵
1682 2852 1728 2872 ¹¹¹·

1723 373 1745 393 M

1571 2885 1700 2923 terjocta

652 2948 674 2961 m
700 2945 770 2986 illa]
789 2956 850 2976 om.
869 2946 915 2976 ed.
934 2946 993 2977 76.
1572 2927 1728 2957 obessem'
