<?xml version="1.0" encoding="UTF-8"?>
<!DOCTYPE html PUBLIC "-//W3C//DTD XHTML 1.0 Transitional//EN"
    "http://www.w3.org/TR/xhtml1/DTD/xhtml1-transitional.dtd">
<html xmlns="http://www.w3.org/1999/xhtml" xml:lang="en" lang="en">
 <head>
  <title>
</title>
<meta http-equiv="Content-Type" content="text/html;charset=utf-8" />
  <meta name='ocr-system' content='tesseract 3.04.00' />
  <meta name='ocr-capabilities' content='ocr_page ocr_carea ocr_par ocr_line ocrx_word'/>
</head>
<body>
  <div class='ocr_page' id='page_1' title='image "./thomaesydenhammd00sydeuoft_0244.png"; bbox 0 0 1985 3308; ppageno 0'>
   <div class='ocr_carea' id='block_1_1' title="bbox 418 164 1466 207">
    <p class='ocr_par' dir='ltr' id='par_1_1' title="bbox 418 164 1466 207">
     <span class='ocr_line' id='line_1_1' title="bbox 418 164 1466 207; baseline 0.002 -3"><span class='ocrx_word' id='word_1_1' title='bbox 418 164 503 204; x_wconf 79' lang='lat'><strong>208</strong></span> <span class='ocrx_word' id='word_1_2' title='bbox 832 165 1089 207; x_wconf 85' lang='grc' dir='ltr'><strong>ΤΗΟΜΑΕ</strong></span> <span class='ocrx_word' id='word_1_3' title='bbox 1123 165 1466 206; x_wconf 81' lang='lat' dir='ltr'>SYDENHAM</span> 
     </span>
    </p>
   </div>
   <div class='ocr_carea' id='block_1_2' title="bbox 248 272 1880 329">
    <p class='ocr_par' dir='ltr' id='par_1_2' title="bbox 248 272 1880 329">
     <span class='ocr_line' id='line_1_2' title="bbox 248 272 1880 329; baseline 0.001 -15"><span class='ocrx_word' id='word_1_4' title='bbox 248 285 378 315; x_wconf 69' lang='lat' dir='ltr'><strong>anms</strong></span> <span class='ocrx_word' id='word_1_5' title='bbox 424 288 543 314; x_wconf 91' lang='lat' dir='ltr'><strong>mum</strong></span> <span class='ocrx_word' id='word_1_6' title='bbox 568 274 738 329; x_wconf 86' lang='lat' dir='ltr'><strong>signum</strong></span> <span class='ocrx_word' id='word_1_7' title='bbox 770 280 872 326; x_wconf 88' lang='lat' dir='ltr'><strong>erat,</strong></span> <span class='ocrx_word' id='word_1_8' title='bbox 895 275 1007 329; x_wconf 91' lang='lat' dir='ltr'><strong>quod</strong></span> <span class='ocrx_word' id='word_1_9' title='bbox 1028 274 1111 315; x_wconf 91' lang='lat' dir='ltr'><strong>cibi</strong></span> <span class='ocrx_word' id='word_1_10' title='bbox 1132 280 1205 315; x_wconf 90' lang='lat' dir='ltr'><strong>aut</strong></span> <span class='ocrx_word' id='word_1_11' title='bbox 1235 280 1360 327; x_wconf 89' lang='lat' dir='ltr'><strong>potus</strong></span> <span class='ocrx_word' id='word_1_12' title='bbox 1383 287 1516 327; x_wconf 89' lang='lat' dir='ltr'><strong>genus</strong></span> <span class='ocrx_word' id='word_1_13' title='bbox 1547 272 1716 327; x_wconf 85' lang='lat' dir='ltr'>aliquod</span> <span class='ocrx_word' id='word_1_14' title='bbox 1741 273 1880 315; x_wconf 87' lang='lat' dir='ltr'><strong>insue-</strong></span> 
     </span>
    </p>
   </div>
   <div class='ocr_carea' id='block_1_3' title="bbox 219 328 1882 401">
    <p class='ocr_par' dir='ltr' id='par_1_3' title="bbox 219 328 1882 401">
     <span class='ocr_line' id='line_1_3' title="bbox 219 328 1882 401; baseline -0.001 -17"><span class='ocrx_word' id='word_1_15' title='bbox 219 328 402 401; x_wconf 41' lang='lat' dir='ltr'><strong>foJssgi</strong></span> <span class='ocrx_word' id='word_1_16' title='bbox 422 347 516 381; x_wconf 92' lang='lat' dir='ltr'><strong>tum</strong></span> <span class='ocrx_word' id='word_1_17' title='bbox 545 347 619 383; x_wconf 91' lang='lat' dir='ltr'><strong>aut</strong></span> <span class='ocrx_word' id='word_1_18' title='bbox 641 343 872 383; x_wconf 89' lang='lat' dir='ltr'><strong>absurdum</strong></span> <span class='ocrx_word' id='word_1_19' title='bbox 896 343 1117 396; x_wconf 80' lang='lat' dir='ltr'><strong>deperiret.</strong></span> <span class='ocrx_word' id='word_1_20' title='bbox 1180 342 1522 383; x_wconf 78' lang='lat' dir='ltr'><strong>convalescentis</strong></span> <span class='ocrx_word' id='word_1_21' title='bbox 1553 347 1693 395; x_wconf 89' lang='lat' dir='ltr'><strong>eaput,</strong></span> <span class='ocrx_word' id='word_1_22' title='bbox 1716 342 1770 382; x_wconf 88' lang='lat' dir='ltr'><strong>ad</strong></span> <span class='ocrx_word' id='word_1_23' title='bbox 1794 343 1882 383; x_wconf 86' lang='lat' dir='ltr'><strong>dies</strong></span> 
     </span>
    </p>
   </div>
   <div class='ocr_carea' id='block_1_4' title="bbox 219 412 1883 805">
    <p class='ocr_par' dir='ltr' id='par_1_4' title="bbox 221 412 1881 468">
     <span class='ocr_line' id='line_1_4' title="bbox 221 412 1881 468; baseline 0 -15"><span class='ocrx_word' id='word_1_24' title='bbox 221 414 380 463; x_wconf 58' lang='lat'><strong>—73-&#39;75-</strong></span> <span class='ocrx_word' id='word_1_25' title='bbox 423 413 583 466; x_wconf 79' lang='lat' dir='ltr'>aliquot</span> <span class='ocrx_word' id='word_1_26' title='bbox 620 414 755 454; x_wconf 87' lang='lat' dir='ltr'><strong>debile</strong></span> <span class='ocrx_word' id='word_1_27' title='bbox 791 419 918 468; x_wconf 90' lang='lat' dir='ltr'><strong>atque</strong></span> <span class='ocrx_word' id='word_1_28' title='bbox 956 414 1187 463; x_wconf 89' lang='lat' dir='ltr'><strong>infirmum,</strong></span> <span class='ocrx_word' id='word_1_29' title='bbox 1221 427 1337 454; x_wconf 90' lang='lat' dir='ltr'><strong>nunc</strong></span> <span class='ocrx_word' id='word_1_30' title='bbox 1374 426 1521 453; x_wconf 76' lang='lat' dir='ltr'><strong>versus</strong></span> <span class='ocrx_word' id='word_1_31' title='bbox 1561 412 1672 453; x_wconf 87' lang='lat' dir='ltr'><strong>hanc</strong></span> <span class='ocrx_word' id='word_1_32' title='bbox 1703 418 1881 466; x_wconf 87' lang='lat' dir='ltr'><strong>partem,</strong></span> 
     </span>
    </p>

    <p class='ocr_par' dir='ltr' id='par_1_5' title="bbox 219 473 1882 556">
     <span class='ocr_line' id='line_1_5' title="bbox 219 473 1882 556; baseline 0.001 -35"><span class='ocrx_word' id='word_1_33' title='bbox 219 473 397 556; x_wconf 47' lang='lat' dir='ltr'><strong>{igssszodis-</strong></span> <span class='ocrx_word' id='word_1_34' title='bbox 423 496 538 521; x_wconf 89' lang='lat' dir='ltr'><strong>nunc</strong></span> <span class='ocrx_word' id='word_1_35' title='bbox 563 482 692 532; x_wconf 88' lang='lat' dir='ltr'><strong>illam,</strong></span> <span class='ocrx_word' id='word_1_36' title='bbox 715 482 894 522; x_wconf 89' lang='lat' dir='ltr'><strong>nutabat</strong></span> <span class='ocrx_word' id='word_1_37' title='bbox 907 499 918 532; x_wconf 76' lang='lat'>3</span> <span class='ocrx_word' id='word_1_38' title='bbox 951 482 1114 535; x_wconf 87' lang='lat' dir='ltr'><strong>aliaque</strong></span> <span class='ocrx_word' id='word_1_39' title='bbox 1145 482 1321 522; x_wconf 84' lang='lat' dir='ltr'><strong>aderant</strong></span> <span class='ocrx_word' id='word_1_40' title='bbox 1344 482 1477 534; x_wconf 89' lang='lat' dir='ltr'><strong>signa,</strong></span> <span class='ocrx_word' id='word_1_41' title='bbox 1501 495 1607 534; x_wconf 91' lang='lat' dir='ltr'><strong>quae</strong></span> <span class='ocrx_word' id='word_1_42' title='bbox 1635 486 1759 534; x_wconf 89' lang='lat' dir='ltr'><strong>eaput</strong></span> <span class='ocrx_word' id='word_1_43' title='bbox 1790 481 1882 534; x_wconf 88' lang='lat' dir='ltr'><strong>plu-</strong></span> 
     </span>
    </p>

    <p class='ocr_par' dir='ltr' id='par_1_6' title="bbox 219 549 1881 685">
     <span class='ocr_line' id='line_1_6' title="bbox 219 549 1881 607; baseline 0.001 -19"><span class='ocrx_word' id='word_1_44' title='bbox 219 559 392 607; x_wconf 55' lang='lat' dir='ltr'><strong>cgssstquo</strong></span> <span class='ocrx_word' id='word_1_45' title='bbox 422 549 530 589; x_wconf 88' lang='lat' dir='ltr'><strong>rima</strong></span> <span class='ocrx_word' id='word_1_46' title='bbox 559 550 688 590; x_wconf 81' lang='lat' dir='ltr'><strong>fuisse</strong></span> <span class='ocrx_word' id='word_1_47' title='bbox 717 564 887 603; x_wconf 88' lang='lat' dir='ltr'><strong>passum</strong></span> <span class='ocrx_word' id='word_1_48' title='bbox 918 550 1204 589; x_wconf 78' lang='lat' dir='ltr'><strong>ostenderent.</strong></span> <span class='ocrx_word' id='word_1_49' title='bbox 1266 549 1325 588; x_wconf 89' lang='lat' dir='ltr'><strong>At</strong></span> <span class='ocrx_word' id='word_1_50' title='bbox 1357 563 1440 602; x_wconf 91' lang='lat' dir='ltr'><strong>quo</strong></span> <span class='ocrx_word' id='word_1_51' title='bbox 1466 563 1593 602; x_wconf 89' lang='lat' dir='ltr'><strong>passu</strong></span> <span class='ocrx_word' id='word_1_52' title='bbox 1624 549 1731 589; x_wconf 83' lang='lat' dir='ltr'><strong>vires</strong></span> <span class='ocrx_word' id='word_1_53' title='bbox 1761 550 1881 590; x_wconf 86' lang='lat' dir='ltr'><strong>resti-</strong></span> 
     </span>
     <span class='ocr_line' id='line_1_7' title="bbox 219 612 1521 685; baseline -0.001 -28"><span class='ocrx_word' id='word_1_54' title='bbox 219 612 405 685; x_wconf 46' lang='grc' dir='ltr'><strong>ζζξῖῗῖῗξξίῗ</strong></span> <span class='ocrx_word' id='word_1_55' title='bbox 421 616 666 666; x_wconf 76' lang='lat' dir='ltr'><strong>tuebantiu·,</strong></span> <span class='ocrx_word' id='word_1_56' title='bbox 690 631 738 657; x_wconf 92' lang='lat' dir='ltr'><strong>eo</strong></span> <span class='ocrx_word' id='word_1_57' title='bbox 760 617 850 669; x_wconf 89' lang='lat' dir='ltr'><strong>ipso</strong></span> <span class='ocrx_word' id='word_1_58' title='bbox 872 616 1060 656; x_wconf 80' lang='lat' dir='ltr'><strong>discessit</strong></span> <span class='ocrx_word' id='word_1_59' title='bbox 1083 616 1246 656; x_wconf 89' lang='lat' dir='ltr'><strong>dietum</strong></span> <span class='ocrx_word' id='word_1_60' title='bbox 1269 631 1303 670; x_wconf 65' lang='lat' dir='ltr'><strong>s)</strong></span> <span class='ocrx_word' id='word_1_61' title='bbox 1317 621 1521 669; x_wconf 53' lang='lat' dir='ltr'><strong>mptama.</strong></span> 
     </span>
    </p>

    <p class='ocr_par' dir='ltr' id='par_1_7' title="bbox 486 684 1882 738">
     <span class='ocr_line' id='line_1_8' title="bbox 486 684 1882 738; baseline 0.001 -14"><span class='ocrx_word' id='word_1_62' title='bbox 486 685 564 738; x_wconf 85' lang='grc'>[5.]</span> <span class='ocrx_word' id='word_1_63' title='bbox 605 685 871 738; x_wconf 82' lang='lat' dir='ltr'><strong>Quandoque</strong></span> <span class='ocrx_word' id='word_1_64' title='bbox 906 699 992 724; x_wconf 90' lang='grc'>11011</span> <span class='ocrx_word' id='word_1_65' title='bbox 1035 689 1124 723; x_wconf 85' lang='lat' dir='ltr'><strong>tam</strong></span> <span class='ocrx_word' id='word_1_66' title='bbox 1155 684 1411 725; x_wconf 82' lang='lat' dir='ltr'><strong>dormitabat</strong></span> <span class='ocrx_word' id='word_1_67' title='bbox 1452 698 1577 737; x_wconf 85' lang='lat' dir='ltr'><strong>aeger</strong></span> <span class='ocrx_word' id='word_1_68' title='bbox 1608 699 1735 738; x_wconf 88' lang='lat' dir='ltr'><strong>quam</strong></span> <span class='ocrx_word' id='word_1_69' title='bbox 1765 690 1882 725; x_wconf 88' lang='lat' dir='ltr'><strong>tran-</strong></span> 
     </span>
    </p>

    <p class='ocr_par' dir='ltr' id='par_1_8' title="bbox 422 751 1883 805">
     <span class='ocr_line' id='line_1_9' title="bbox 422 751 1883 805; baseline 0.001 -13"><span class='ocrx_word' id='word_1_70' title='bbox 422 753 549 805; x_wconf 85' lang='lat' dir='ltr'><strong>quille</strong></span> <span class='ocrx_word' id='word_1_71' title='bbox 594 753 811 803; x_wconf 88' lang='lat' dir='ltr'><strong>delirabat,</strong></span> <span class='ocrx_word' id='word_1_72' title='bbox 853 753 1089 805; x_wconf 86' lang='lat' dir='ltr'><strong>incongrua</strong></span> <span class='ocrx_word' id='word_1_73' title='bbox 1137 758 1283 793; x_wconf 89' lang='lat' dir='ltr'><strong>tamen</strong></span> <span class='ocrx_word' id='word_1_74' title='bbox 1323 751 1503 792; x_wconf 89' lang='lat' dir='ltr'><strong>subinde</strong></span> <span class='ocrx_word' id='word_1_75' title='bbox 1553 752 1764 802; x_wconf 81' lang='lat' dir='ltr'><strong>effutiens,</strong></span> <span class='ocrx_word' id='word_1_76' title='bbox 1805 767 1883 794; x_wconf 91' lang='lat' dir='ltr'><strong>eeu</strong></span> 
     </span>
    </p>
   </div>
   <div class='ocr_carea' id='block_1_5' title="bbox 420 819 1881 861">
    <p class='ocr_par' dir='ltr' id='par_1_9' title="bbox 420 819 1881 861">
     <span class='ocr_line' id='line_1_10' title="bbox 420 819 1881 861; baseline 0.002 -3"><span class='ocrx_word' id='word_1_77' title='bbox 420 819 554 858; x_wconf 86' lang='lat' dir='ltr'><strong>iratus</strong></span> <span class='ocrx_word' id='word_1_78' title='bbox 577 833 623 859; x_wconf 87' lang='lat' dir='ltr'><strong>ac</strong></span> <span class='ocrx_word' id='word_1_79' title='bbox 652 825 795 859; x_wconf 90' lang='lat' dir='ltr'><strong>mente</strong></span> <span class='ocrx_word' id='word_1_80' title='bbox 815 825 980 859; x_wconf 89' lang='lat' dir='ltr'><strong>motus:</strong></span> <span class='ocrx_word' id='word_1_81' title='bbox 1014 825 1056 859; x_wconf 86' lang='lat' dir='ltr'><strong>at</strong></span> <span class='ocrx_word' id='word_1_82' title='bbox 1078 834 1166 860; x_wconf 88' lang='lat' dir='ltr'><strong>non</strong></span> <span class='ocrx_word' id='word_1_83' title='bbox 1194 834 1243 860; x_wconf 92' lang='lat' dir='ltr'><strong>eo</strong></span> <span class='ocrx_word' id='word_1_84' title='bbox 1264 820 1637 861; x_wconf 80' lang='lat' dir='ltr'><strong>excandescentiae</strong></span> <span class='ocrx_word' id='word_1_85' title='bbox 1665 826 1707 861; x_wconf 92' lang='lat' dir='ltr'><strong>et</strong></span> <span class='ocrx_word' id='word_1_86' title='bbox 1727 820 1881 861; x_wconf 82' lang='lat' dir='ltr'><strong>furoris</strong></span> 
     </span>
    </p>
   </div>
   <div class='ocr_carea' id='block_1_6' title="bbox 275 460 405 464">
    <p class='ocr_par' dir='ltr' id='par_1_10' title="bbox 275 460 405 464">
     <span class='ocr_line' id='line_1_11' title="bbox 275 460 405 464; baseline 0 0"><span class='ocrx_word' id='word_1_87' title='bbox 275 460 405 464; x_wconf 95' lang='lat' dir='ltr'><strong> </strong></span> 
     </span>
    </p>
   </div>
   <div class='ocr_carea' id='block_1_7' title="bbox 222 888 1882 1347">
    <p class='ocr_par' dir='ltr' id='par_1_11' title="bbox 222 888 1882 1347">
     <span class='ocr_line' id='line_1_12' title="bbox 423 888 1882 942; baseline 0 -14"><span class='ocrx_word' id='word_1_88' title='bbox 423 888 691 938; x_wconf 82' lang='lat' dir='ltr'><strong>ascendebat,</strong></span> <span class='ocrx_word' id='word_1_89' title='bbox 723 903 805 941; x_wconf 90' lang='lat' dir='ltr'><strong>quo</strong></span> <span class='ocrx_word' id='word_1_90' title='bbox 834 889 969 929; x_wconf 89' lang='lat' dir='ltr'><strong>solent</strong></span> <span class='ocrx_word' id='word_1_91' title='bbox 1001 888 1032 928; x_wconf 88' lang='lat' dir='ltr'><strong>ii</strong></span> <span class='ocrx_word' id='word_1_92' title='bbox 1059 888 1131 942; x_wconf 91' lang='lat' dir='ltr'><strong>qui</strong></span> <span class='ocrx_word' id='word_1_93' title='bbox 1163 904 1187 929; x_wconf 84' lang='lat' dir='ltr'><strong>a</strong></span> <span class='ocrx_word' id='word_1_94' title='bbox 1217 889 1384 929; x_wconf 76' lang='lat' dir='ltr'><strong>variolis</strong></span> <span class='ocrx_word' id='word_1_95' title='bbox 1413 893 1540 942; x_wconf 88' lang='lat' dir='ltr'><strong>atque</strong></span> <span class='ocrx_word' id='word_1_96' title='bbox 1573 888 1664 928; x_wconf 90' lang='lat' dir='ltr'><strong>aliis</strong></span> <span class='ocrx_word' id='word_1_97' title='bbox 1694 888 1882 929; x_wconf 85' lang='lat' dir='ltr'><strong>febribus</strong></span> 
     </span>
     <span class='ocr_line' id='line_1_13' title="bbox 422 955 1881 1010; baseline 0.001 -15"><span class='ocrx_word' id='word_1_98' title='bbox 422 955 655 1008; x_wconf 80' lang='lat' dir='ltr'><strong>phrenetici</strong></span> <span class='ocrx_word' id='word_1_99' title='bbox 685 956 794 996; x_wconf 91' lang='lat' dir='ltr'><strong>fiunt</strong></span> <span class='ocrx_word' id='word_1_100' title='bbox 809 974 818 1006; x_wconf 81' lang='lat'><em>3</em></span> <span class='ocrx_word' id='word_1_101' title='bbox 851 970 875 996; x_wconf 93' lang='lat' dir='ltr'><strong>a</strong></span> <span class='ocrx_word' id='word_1_102' title='bbox 909 956 1060 1010; x_wconf 89' lang='lat' dir='ltr'><strong>quibus</strong></span> <span class='ocrx_word' id='word_1_103' title='bbox 1088 957 1157 997; x_wconf 89' lang='lat' dir='ltr'><strong>hic</strong></span> <span class='ocrx_word' id='word_1_104' title='bbox 1187 957 1233 996; x_wconf 89' lang='lat' dir='ltr'><strong>in</strong></span> <span class='ocrx_word' id='word_1_105' title='bbox 1261 971 1310 997; x_wconf 92' lang='lat' dir='ltr'><strong>eo</strong></span> <span class='ocrx_word' id='word_1_106' title='bbox 1338 957 1467 997; x_wconf 88' lang='lat' dir='ltr'><strong>etiam</strong></span> <span class='ocrx_word' id='word_1_107' title='bbox 1498 955 1881 1006; x_wconf 86' lang='lat' dir='ltr'><strong>discriminabatur,</strong></span> 
     </span>
     <span class='ocr_line' id='line_1_14' title="bbox 425 1023 1881 1078; baseline 0.001 -15"><span class='ocrx_word' id='word_1_108' title='bbox 425 1023 537 1076; x_wconf 88' lang='lat' dir='ltr'><strong>quod</strong></span> <span class='ocrx_word' id='word_1_109' title='bbox 562 1037 636 1076; x_wconf 86' lang='lat' dir='ltr'><strong>per</strong></span> <span class='ocrx_word' id='word_1_110' title='bbox 660 1023 881 1064; x_wconf 79' lang='lat' dir='ltr'><strong>intervalla</strong></span> <span class='ocrx_word' id='word_1_111' title='bbox 908 1024 1087 1078; x_wconf 87' lang='lat' dir='ltr'><strong>abrupte</strong></span> <span class='ocrx_word' id='word_1_112' title='bbox 1119 1024 1368 1075; x_wconf 85' lang='lat' dir='ltr'><strong>dormiebat,</strong></span> <span class='ocrx_word' id='word_1_113' title='bbox 1391 1023 1596 1065; x_wconf 87' lang='lat' dir='ltr'><strong>stertebat</strong></span> <span class='ocrx_word' id='word_1_114' title='bbox 1628 1025 1757 1065; x_wconf 91' lang='lat' dir='ltr'><strong>etiam</strong></span> <span class='ocrx_word' id='word_1_115' title='bbox 1786 1039 1881 1078; x_wconf 90' lang='lat' dir='ltr'><strong>pro-</strong></span> 
     </span>
     <span class='ocr_line' id='line_1_15' title="bbox 422 1090 1882 1147; baseline 0.003 -18"><span class='ocrx_word' id='word_1_116' title='bbox 422 1090 608 1130; x_wconf 88' lang='lat' dir='ltr'><strong>fundius.</strong></span> <span class='ocrx_word' id='word_1_117' title='bbox 670 1091 858 1141; x_wconf 71' lang='lat' dir='ltr'><strong>Adlmec,</strong></span> <span class='ocrx_word' id='word_1_118' title='bbox 881 1106 968 1132; x_wconf 89' lang='lat' dir='ltr'><strong>non</strong></span> <span class='ocrx_word' id='word_1_119' title='bbox 988 1092 1050 1132; x_wconf 86' lang='lat' dir='ltr'><strong>ita</strong></span> <span class='ocrx_word' id='word_1_120' title='bbox 1071 1098 1159 1133; x_wconf 88' lang='lat' dir='ltr'><strong>erat</strong></span> <span class='ocrx_word' id='word_1_121' title='bbox 1186 1100 1360 1133; x_wconf 90' lang='lat' dir='ltr'><strong>acutum</strong></span> <span class='ocrx_word' id='word_1_122' title='bbox 1380 1093 1460 1133; x_wconf 90' lang='lat' dir='ltr'><strong>hoc</strong></span> <span class='ocrx_word' id='word_1_123' title='bbox 1488 1098 1727 1147; x_wconf 71' lang='lat' dir='ltr'><strong>symptoma</strong></span> <span class='ocrx_word' id='word_1_124' title='bbox 1755 1098 1882 1146; x_wconf 89' lang='lat' dir='ltr'><strong>atque</strong></span> 
     </span>
     <span class='ocr_line' id='line_1_16' title="bbox 422 1159 1880 1213; baseline 0.001 -14"><span class='ocrx_word' id='word_1_125' title='bbox 422 1160 540 1210; x_wconf 86' lang='lat' dir='ltr'><strong>illud,</strong></span> <span class='ocrx_word' id='word_1_126' title='bbox 564 1160 636 1200; x_wconf 89' lang='lat' dir='ltr'><strong>sed</strong></span> <span class='ocrx_word' id='word_1_127' title='bbox 657 1166 744 1200; x_wconf 88' lang='lat' dir='ltr'><strong>erat</strong></span> <span class='ocrx_word' id='word_1_128' title='bbox 767 1159 1024 1200; x_wconf 68' lang='lat' dir='ltr'><strong>diuturnius.</strong></span> <span class='ocrx_word' id='word_1_129' title='bbox 1086 1160 1232 1201; x_wconf 88' lang='lat' dir='ltr'><strong>Pueris</strong></span> <span class='ocrx_word' id='word_1_130' title='bbox 1255 1161 1383 1201; x_wconf 88' lang='lat' dir='ltr'><strong>etiam</strong></span> <span class='ocrx_word' id='word_1_131' title='bbox 1403 1160 1483 1200; x_wconf 97' lang='grc'>1100</span> <span class='ocrx_word' id='word_1_132' title='bbox 1503 1160 1753 1213; x_wconf 90' lang='lat' dir='ltr'><strong>plerumque</strong></span> <span class='ocrx_word' id='word_1_133' title='bbox 1775 1160 1880 1200; x_wconf 85' lang='lat' dir='ltr'><strong>aeci-</strong></span> 
     </span>
     <span class='ocr_line' id='line_1_17' title="bbox 424 1226 1879 1280; baseline 0.002 -15"><span class='ocrx_word' id='word_1_134' title='bbox 424 1226 562 1276; x_wconf 87' lang='lat' dir='ltr'><strong>debat,</strong></span> <span class='ocrx_word' id='word_1_135' title='bbox 586 1232 659 1267; x_wconf 89' lang='lat' dir='ltr'><strong>aut</strong></span> <span class='ocrx_word' id='word_1_136' title='bbox 680 1227 731 1266; x_wconf 89' lang='lat' dir='ltr'><strong>iis</strong></span> <span class='ocrx_word' id='word_1_137' title='bbox 755 1227 825 1280; x_wconf 93' lang='lat' dir='ltr'><strong>qui</strong></span> <span class='ocrx_word' id='word_1_138' title='bbox 846 1227 1038 1267; x_wconf 87' lang='lat' dir='ltr'><strong>nondum</strong></span> <span class='ocrx_word' id='word_1_139' title='bbox 1068 1227 1354 1277; x_wconf 76' lang='lat' dir='ltr'><strong>adoleverunt,</strong></span> <span class='ocrx_word' id='word_1_140' title='bbox 1376 1228 1482 1268; x_wconf 91' lang='lat' dir='ltr'><strong>illud</strong></span> <span class='ocrx_word' id='word_1_141' title='bbox 1509 1227 1663 1268; x_wconf 88' lang='lat' dir='ltr'><strong>adultis</strong></span> <span class='ocrx_word' id='word_1_142' title='bbox 1684 1227 1879 1268; x_wconf 81' lang='lat' dir='ltr'><strong>maxime.</strong></span> 
     </span>
     <span class='ocr_line' id='line_1_18' title="bbox 222 1293 1881 1347; baseline 0.003 -17"><span class='ocrx_word' id='word_1_143' title='bbox 222 1300 377 1330; x_wconf 80' lang='lat' dir='ltr'><strong>Remedia</strong></span> <span class='ocrx_word' id='word_1_144' title='bbox 424 1293 478 1333; x_wconf 91' lang='lat' dir='ltr'><strong>In</strong></span> <span class='ocrx_word' id='word_1_145' title='bbox 499 1294 689 1347; x_wconf 87' lang='lat' dir='ltr'><strong>utrisque</strong></span> <span class='ocrx_word' id='word_1_146' title='bbox 710 1307 806 1334; x_wconf 75' lang='lat' dir='ltr'><strong>vero</strong></span> <span class='ocrx_word' id='word_1_147' title='bbox 828 1294 863 1333; x_wconf 91' lang='lat' dir='ltr'><strong>si</strong></span> <span class='ocrx_word' id='word_1_148' title='bbox 882 1293 1179 1346; x_wconf 82' lang='lat' dir='ltr'><strong>ingererentur</strong></span> <span class='ocrx_word' id='word_1_149' title='bbox 1199 1295 1397 1335; x_wconf 86' lang='lat' dir='ltr'><strong>calidiora</strong></span> <span class='ocrx_word' id='word_1_150' title='bbox 1416 1295 1615 1345; x_wconf 88' lang='lat' dir='ltr'><strong>remedia,</strong></span> <span class='ocrx_word' id='word_1_151' title='bbox 1638 1300 1680 1335; x_wconf 93' lang='lat' dir='ltr'><strong>et</strong></span> <span class='ocrx_word' id='word_1_152' title='bbox 1701 1295 1881 1335; x_wconf 87' lang='lat' dir='ltr'><strong>solicita-</strong></span> 
     </span>
    </p>
   </div>
   <div class='ocr_carea' id='block_1_8' title="bbox 218 1342 1882 1553">
    <p class='ocr_par' dir='ltr' id='par_1_12' title="bbox 218 1342 1882 1486">
     <span class='ocr_line' id='line_1_19' title="bbox 220 1342 1857 1373; baseline -0.001 -1"><span class='ocrx_word' id='word_1_153' title='bbox 220 1342 371 1373; x_wconf 87' lang='lat' dir='ltr'><strong>calidiora</strong></span> <span class='ocrx_word' id='word_1_154' title='bbox 984 1363 992 1369; x_wconf 85' lang='lat'><strong>·</strong></span> <span class='ocrx_word' id='word_1_155' title='bbox 1255 1364 1262 1370; x_wconf 95' lang='lat'><strong>.</strong></span> <span class='ocrx_word' id='word_1_156' title='bbox 1790 1363 1797 1370; x_wconf 93' lang='lat'><strong>.</strong></span> <span class='ocrx_word' id='word_1_157' title='bbox 1850 1363 1857 1370; x_wconf 93' lang='lat'><strong>.</strong></span> 
     </span>
     <span class='ocr_line' id='line_1_20' title="bbox 219 1362 1882 1425; baseline 0 -23"><span class='ocrx_word' id='word_1_158' title='bbox 219 1393 248 1415; x_wconf 82' lang='lat' dir='ltr'><strong>et</strong></span> <span class='ocrx_word' id='word_1_159' title='bbox 265 1386 398 1425; x_wconf 78' lang='lat' dir='ltr'><strong>diapho-</strong></span> <span class='ocrx_word' id='word_1_160' title='bbox 422 1366 572 1401; x_wconf 86' lang='lat' dir='ltr'><strong>rentm·</strong></span> <span class='ocrx_word' id='word_1_161' title='bbox 593 1362 778 1411; x_wconf 87' lang='lat' dir='ltr'><strong>sudores,</strong></span> <span class='ocrx_word' id='word_1_162' title='bbox 799 1362 959 1402; x_wconf 88' lang='lat' dir='ltr'><strong>malum</strong></span> <span class='ocrx_word' id='word_1_163' title='bbox 981 1377 1026 1402; x_wconf 84' lang='lat'><strong>111</strong></span> <span class='ocrx_word' id='word_1_164' title='bbox 1047 1369 1172 1416; x_wconf 91' lang='lat' dir='ltr'><strong>eaput</strong></span> <span class='ocrx_word' id='word_1_165' title='bbox 1185 1363 1306 1404; x_wconf 86' lang='lat' dir='ltr'><strong>facile</strong></span> <span class='ocrx_word' id='word_1_166' title='bbox 1326 1363 1673 1414; x_wconf 83' lang='lat' dir='ltr'><strong>transferebatur,</strong></span> <span class='ocrx_word' id='word_1_167' title='bbox 1695 1368 1737 1404; x_wconf 90' lang='lat' dir='ltr'><strong>et</strong></span> <span class='ocrx_word' id='word_1_168' title='bbox 1759 1363 1882 1404; x_wconf 73' lang='lat' dir='ltr'><strong>dietis</strong></span> 
     </span>
     <span class='ocr_line' id='line_1_21' title="bbox 218 1429 1143 1486; baseline 0.001 -16"><span class='ocrx_word' id='word_1_169' title='bbox 218 1429 315 1486; x_wconf 53' lang='lat' dir='ltr'><strong>retica</strong></span> <span class='ocrx_word' id='word_1_170' title='bbox 425 1430 718 1483; x_wconf 53' lang='lat' dir='ltr'><strong>snuptomatis</strong></span> <span class='ocrx_word' id='word_1_171' title='bbox 740 1444 885 1470; x_wconf 84' lang='lat' dir='ltr'><strong>ansam</strong></span> <span class='ocrx_word' id='word_1_172' title='bbox 902 1430 1143 1483; x_wconf 87' lang='lat' dir='ltr'><strong>praebebat.</strong></span> 
     </span>
    </p>

    <p class='ocr_par' dir='ltr' id='par_1_13' title="bbox 221 1476 1882 1553">
     <span class='ocr_line' id='line_1_22' title="bbox 221 1476 1882 1553; baseline 0.002 -16"><span class='ocrx_word' id='word_1_173' title='bbox 221 1476 363 1544; x_wconf 41' lang='lat' dir='ltr'><strong>3³21}ss</strong></span> <span class='ocrx_word' id='word_1_174' title='bbox 489 1497 567 1551; x_wconf 82' lang='grc'>[6.]</span> <span class='ocrx_word' id='word_1_175' title='bbox 608 1497 695 1537; x_wconf 83' lang='lat' dir='ltr'><strong>Ubi</strong></span> <span class='ocrx_word' id='word_1_176' title='bbox 716 1512 813 1538; x_wconf 77' lang='lat' dir='ltr'><strong>vero</strong></span> <span class='ocrx_word' id='word_1_177' title='bbox 842 1504 1081 1551; x_wconf 66' lang='lat' dir='ltr'><strong>symptoma</strong></span> <span class='ocrx_word' id='word_1_178' title='bbox 1110 1499 1189 1540; x_wconf 90' lang='grc'>1100</span> <span class='ocrx_word' id='word_1_179' title='bbox 1217 1513 1295 1540; x_wconf 91' lang='lat' dir='ltr'><strong>nec</strong></span> <span class='ocrx_word' id='word_1_180' title='bbox 1317 1504 1465 1553; x_wconf 91' lang='lat' dir='ltr'><strong>sponte</strong></span> <span class='ocrx_word' id='word_1_181' title='bbox 1497 1513 1573 1539; x_wconf 91' lang='lat' dir='ltr'><strong>sua</strong></span> <span class='ocrx_word' id='word_1_182' title='bbox 1593 1498 1781 1548; x_wconf 89' lang='lat' dir='ltr'><strong>accessit,</strong></span> <span class='ocrx_word' id='word_1_183' title='bbox 1802 1512 1882 1540; x_wconf 85' lang='lat' dir='ltr'><strong>nec</strong></span> 
     </span>
    </p>
   </div>
   <div class='ocr_carea' id='block_1_9' title="bbox 214 1565 1927 2910">
    <p class='ocr_par' dir='ltr' id='par_1_14' title="bbox 218 1565 1927 2231">
     <span class='ocr_line' id='line_1_23' title="bbox 218 1565 1927 1629; baseline 0.001 -25"><span class='ocrx_word' id='word_1_184' title='bbox 218 1566 361 1629; x_wconf 51' lang='grc' dir='ltr'>ζὲξῗδθ·</span> <span class='ocrx_word' id='word_1_185' title='bbox 423 1565 829 1606; x_wconf 85' lang='lat' dir='ltr'><strong>medicamentorum</strong></span> <span class='ocrx_word' id='word_1_186' title='bbox 863 1565 903 1605; x_wconf 79' lang='lat' dir='ltr'><strong>vi</strong></span> <span class='ocrx_word' id='word_1_187' title='bbox 933 1573 1138 1617; x_wconf 88' lang='lat' dir='ltr'><strong>coactum,</strong></span> <span class='ocrx_word' id='word_1_188' title='bbox 1171 1567 1342 1607; x_wconf 86' lang='lat' dir='ltr'><strong>morbus</strong></span> <span class='ocrx_word' id='word_1_189' title='bbox 1373 1567 1487 1607; x_wconf 89' lang='lat' dir='ltr'><strong>intra</strong></span> <span class='ocrx_word' id='word_1_190' title='bbox 1522 1567 1634 1607; x_wconf 90' lang='lat' dir='ltr'><strong>diem</strong></span> <span class='ocrx_word' id='word_1_191' title='bbox 1670 1567 1881 1607; x_wconf 87' lang='lat' dir='ltr'><strong>decimum</strong></span> <span class='ocrx_word' id='word_1_192' title='bbox 1926 1610 1927 1614; x_wconf 13' lang='grc' dir='ltr'><strong>Ἰ</strong></span> 
     </span>
     <span class='ocr_line' id='line_1_24' title="bbox 424 1633 1881 1689; baseline 0.003 -18"><span class='ocrx_word' id='word_1_193' title='bbox 424 1637 621 1685; x_wconf 87' lang='lat' dir='ltr'><strong>quartum</strong></span> <span class='ocrx_word' id='word_1_194' title='bbox 670 1633 981 1674; x_wconf 74' lang='lat' dir='ltr'><strong>terminabatm&#39;</strong></span> <span class='ocrx_word' id='word_1_195' title='bbox 1029 1640 1078 1674; x_wconf 89' lang='lat' dir='ltr'><strong>ut</strong></span> <span class='ocrx_word' id='word_1_196' title='bbox 1117 1635 1361 1688; x_wconf 71' lang='lat' dir='ltr'><strong>phu-imum,</strong></span> <span class='ocrx_word' id='word_1_197' title='bbox 1402 1650 1712 1689; x_wconf 73' lang='lat' dir='ltr'><strong>nonniuiquam</strong></span> <span class='ocrx_word' id='word_1_198' title='bbox 1752 1635 1881 1676; x_wconf 86' lang='lat' dir='ltr'><strong>etiam</strong></span> 
     </span>
     <span class='ocr_line' id='line_1_25' title="bbox 420 1701 1445 1755; baseline 0.002 -15"><span class='ocrx_word' id='word_1_199' title='bbox 420 1701 533 1741; x_wconf 88' lang='lat' dir='ltr'><strong>intra</strong></span> <span class='ocrx_word' id='word_1_200' title='bbox 553 1702 728 1742; x_wconf 88' lang='lat' dir='ltr'><strong>tertium</strong></span> <span class='ocrx_word' id='word_1_201' title='bbox 751 1708 1011 1754; x_wconf 72' lang='lat' dir='ltr'><strong>quartumve,</strong></span> <span class='ocrx_word' id='word_1_202' title='bbox 1036 1704 1146 1755; x_wconf 87' lang='lat' dir='ltr'><strong>quod</strong></span> <span class='ocrx_word' id='word_1_203' title='bbox 1167 1703 1327 1742; x_wconf 89' lang='lat' dir='ltr'><strong>factum</strong></span> <span class='ocrx_word' id='word_1_204' title='bbox 1348 1703 1445 1742; x_wconf 75' lang='lat' dir='ltr'><strong>vidi.</strong></span> 
     </span>
     <span class='ocr_line' id='line_1_26' title="bbox 486 1769 1880 1825; baseline 0 -15"><span class='ocrx_word' id='word_1_205' title='bbox 486 1769 564 1823; x_wconf 85' lang='lat'><strong>[7.]</strong></span> <span class='ocrx_word' id='word_1_206' title='bbox 603 1770 838 1819; x_wconf 89' lang='lat' dir='ltr'><strong>Autumno,</strong></span> <span class='ocrx_word' id='word_1_207' title='bbox 865 1771 988 1820; x_wconf 86' lang='lat'><strong>1675,</strong></span> <span class='ocrx_word' id='word_1_208' title='bbox 1015 1771 1077 1821; x_wconf 91' lang='lat' dir='ltr'><strong>(ut</strong></span> <span class='ocrx_word' id='word_1_209' title='bbox 1100 1785 1225 1823; x_wconf 89' lang='lat' dir='ltr'><strong>supra</strong></span> <span class='ocrx_word' id='word_1_210' title='bbox 1254 1771 1306 1824; x_wconf 90' lang='lat' dir='ltr'><strong>[e.</strong></span> <span class='ocrx_word' id='word_1_211' title='bbox 1333 1772 1369 1810; x_wconf 94' lang='grc'><strong>1.</strong></span> <span class='ocrx_word' id='word_1_212' title='bbox 1396 1772 1417 1825; x_wconf 63' lang='grc' dir='ltr'>ξ</span> <span class='ocrx_word' id='word_1_213' title='bbox 1441 1770 1501 1823; x_wconf 86' lang='grc'>5.]</span> <span class='ocrx_word' id='word_1_214' title='bbox 1533 1770 1781 1823; x_wconf 89' lang='lat' dir='ltr'><strong>innuimus,)</strong></span> <span class='ocrx_word' id='word_1_215' title='bbox 1803 1770 1880 1810; x_wconf 88' lang='lat' dir='ltr'><strong>Fe-</strong></span> 
     </span>
     <span class='ocr_line' id='line_1_27' title="bbox 421 1836 1881 1892; baseline 0.001 -16"><span class='ocrx_word' id='word_1_216' title='bbox 421 1836 508 1877; x_wconf 82' lang='lat' dir='ltr'><strong>bris</strong></span> <span class='ocrx_word' id='word_1_217' title='bbox 528 1838 631 1878; x_wconf 87' lang='lat' dir='ltr'><strong>haee</strong></span> <span class='ocrx_word' id='word_1_218' title='bbox 656 1852 730 1891; x_wconf 92' lang='lat' dir='ltr'><strong>per</strong></span> <span class='ocrx_word' id='word_1_219' title='bbox 752 1838 1037 1892; x_wconf 68' lang='lat' dir='ltr'><strong>dysenteriam</strong></span> <span class='ocrx_word' id='word_1_220' title='bbox 1066 1838 1144 1878; x_wconf 90' lang='lat' dir='ltr'><strong>sibi</strong></span> <span class='ocrx_word' id='word_1_221' title='bbox 1168 1838 1315 1891; x_wconf 88' lang='lat' dir='ltr'><strong>fugam</strong></span> <span class='ocrx_word' id='word_1_222' title='bbox 1337 1852 1548 1891; x_wconf 84' lang='lat' dir='ltr'><strong>quaerere,</strong></span> <span class='ocrx_word' id='word_1_223' title='bbox 1570 1852 1881 1891; x_wconf 89' lang='lat' dir='ltr'><strong>nonnunquam</strong></span> 
     </span>
     <span class='ocr_line' id='line_1_28' title="bbox 423 1905 1880 1958; baseline 0.001 -14"><span class='ocrx_word' id='word_1_224' title='bbox 423 1910 464 1944; x_wconf 89' lang='lat' dir='ltr'><strong>et</strong></span> <span class='ocrx_word' id='word_1_225' title='bbox 497 1920 572 1958; x_wconf 87' lang='lat' dir='ltr'><strong>per</strong></span> <span class='ocrx_word' id='word_1_226' title='bbox 604 1905 880 1956; x_wconf 86' lang='lat' dir='ltr'><strong>diarrhoeam,</strong></span> <span class='ocrx_word' id='word_1_227' title='bbox 913 1905 1160 1946; x_wconf 87' lang='lat' dir='ltr'><strong>affectabat:</strong></span> <span class='ocrx_word' id='word_1_228' title='bbox 1211 1906 1364 1945; x_wconf 88' lang='lat' dir='ltr'><strong>harum</strong></span> <span class='ocrx_word' id='word_1_229' title='bbox 1412 1905 1618 1958; x_wconf 85' lang='lat' dir='ltr'><strong>posterior</strong></span> <span class='ocrx_word' id='word_1_230' title='bbox 1656 1906 1880 1958; x_wconf 83' lang='lat' dir='ltr'><strong>praecipue</strong></span> 
     </span>
     <span class='ocr_line' id='line_1_29' title="bbox 423 1973 1880 2026; baseline 0.002 -15"><span class='ocrx_word' id='word_1_231' title='bbox 423 1986 545 2026; x_wconf 91' lang='lat' dir='ltr'><strong>saepe</strong></span> <span class='ocrx_word' id='word_1_232' title='bbox 577 1973 838 2023; x_wconf 81' lang='lat' dir='ltr'><strong>excurrebat,</strong></span> <span class='ocrx_word' id='word_1_233' title='bbox 881 1979 1051 2026; x_wconf 86' lang='lat' dir='ltr'><strong>stupore</strong></span> <span class='ocrx_word' id='word_1_234' title='bbox 1092 1974 1228 2013; x_wconf 85' lang='lat' dir='ltr'><strong>adhuc</strong></span> <span class='ocrx_word' id='word_1_235' title='bbox 1272 1979 1485 2014; x_wconf 89' lang='lat' dir='ltr'><strong>manente.</strong></span> <span class='ocrx_word' id='word_1_236' title='bbox 1548 1973 1742 2026; x_wconf 79' lang='lat' dir='ltr'><strong>Utraque</strong></span> <span class='ocrx_word' id='word_1_237' title='bbox 1782 1987 1880 2014; x_wconf 75' lang='lat' dir='ltr'><strong>vero</strong></span> 
     </span>
     <span class='ocr_line' id='line_1_30' title="bbox 426 2040 1880 2095; baseline 0.001 -15"><span class='ocrx_word' id='word_1_238' title='bbox 426 2041 650 2093; x_wconf 88' lang='lat' dir='ltr'><strong>(quantum</strong></span> <span class='ocrx_word' id='word_1_239' title='bbox 672 2041 867 2094; x_wconf 80' lang='lat' dir='ltr'><strong>diligenti</strong></span> <span class='ocrx_word' id='word_1_240' title='bbox 898 2041 1188 2082; x_wconf 83' lang='lat' dir='ltr'><strong>observatione</strong></span> <span class='ocrx_word' id='word_1_241' title='bbox 1219 2040 1383 2094; x_wconf 86' lang='lat' dir='ltr'><strong>assequi</strong></span> <span class='ocrx_word' id='word_1_242' title='bbox 1410 2041 1629 2095; x_wconf 89' lang='lat' dir='ltr'><strong>poteram,)</strong></span> <span class='ocrx_word' id='word_1_243' title='bbox 1655 2041 1763 2082; x_wconf 83' lang='lat' dir='ltr'><strong>nihil</strong></span> <span class='ocrx_word' id='word_1_244' title='bbox 1790 2046 1880 2082; x_wconf 88' lang='lat' dir='ltr'><strong>erat</strong></span> 
     </span>
     <span class='ocr_line' id='line_1_31' title="bbox 421 2108 1123 2164; baseline 0.004 -17"><span class='ocrx_word' id='word_1_245' title='bbox 421 2108 535 2148; x_wconf 89' lang='lat' dir='ltr'><strong>aliud</strong></span> <span class='ocrx_word' id='word_1_246' title='bbox 558 2124 684 2162; x_wconf 89' lang='lat' dir='ltr'><strong>quam</strong></span> <span class='ocrx_word' id='word_1_247' title='bbox 706 2110 852 2150; x_wconf 85' lang='lat' dir='ltr'><strong>Febris</strong></span> <span class='ocrx_word' id='word_1_248' title='bbox 874 2115 1123 2164; x_wconf 63' lang='lat' dir='ltr'><strong>symptoma.</strong></span> 
     </span>
     <span class='ocr_line' id='line_1_32' title="bbox 219 2176 1879 2231; baseline 0.001 -14"><span class='ocrx_word' id='word_1_249' title='bbox 219 2188 388 2218; x_wconf 64' lang='lat' dir='ltr'><strong>emmo.</strong></span> <span class='ocrx_word' id='word_1_250' title='bbox 486 2176 564 2230; x_wconf 83' lang='lat'><strong>[8.]</strong></span> <span class='ocrx_word' id='word_1_251' title='bbox 605 2177 880 2218; x_wconf 87' lang='lat' dir='ltr'><strong>Curationem</strong></span> <span class='ocrx_word' id='word_1_252' title='bbox 907 2178 1034 2231; x_wconf 86' lang='lat' dir='ltr'><strong>hujus</strong></span> <span class='ocrx_word' id='word_1_253' title='bbox 1064 2178 1208 2218; x_wconf 88' lang='lat' dir='ltr'><strong>Febris</strong></span> <span class='ocrx_word' id='word_1_254' title='bbox 1238 2178 1349 2231; x_wconf 91' lang='lat' dir='ltr'><strong>quod</strong></span> <span class='ocrx_word' id='word_1_255' title='bbox 1377 2178 1554 2218; x_wconf 88' lang='lat' dir='ltr'><strong>attinet:</strong></span> <span class='ocrx_word' id='word_1_256' title='bbox 1588 2177 1665 2217; x_wconf 88' lang='lat' dir='ltr'><strong>sub</strong></span> <span class='ocrx_word' id='word_1_257' title='bbox 1694 2177 1879 2230; x_wconf 89' lang='lat' dir='ltr'><strong>primum</strong></span> 
     </span>
    </p>

    <p class='ocr_par' dir='ltr' id='par_1_15' title="bbox 419 2244 1878 2299">
     <span class='ocr_line' id='line_1_33' title="bbox 419 2244 1878 2299; baseline 0.002 -16"><span class='ocrx_word' id='word_1_258' title='bbox 419 2244 656 2295; x_wconf 87' lang='lat' dir='ltr'><strong>introitum,</strong></span> <span class='ocrx_word' id='word_1_259' title='bbox 678 2260 830 2299; x_wconf 89' lang='lat' dir='ltr'><strong>nempe</strong></span> <span class='ocrx_word' id='word_1_260' title='bbox 853 2247 880 2286; x_wconf 83' lang='lat' dir='ltr'><strong>J</strong></span> <span class='ocrx_word' id='word_1_261' title='bbox 883 2246 981 2296; x_wconf 81' lang='lat' dir='ltr'><strong>ulio,</strong></span> <span class='ocrx_word' id='word_1_262' title='bbox 1007 2246 1131 2296; x_wconf 80' lang='lat'><strong>1673,</strong></span> <span class='ocrx_word' id='word_1_263' title='bbox 1152 2252 1246 2286; x_wconf 86' lang='lat' dir='ltr'><strong>tum</strong></span> <span class='ocrx_word' id='word_1_264' title='bbox 1275 2260 1325 2286; x_wconf 84' lang='lat' dir='ltr'><strong>ex</strong></span> <span class='ocrx_word' id='word_1_265' title='bbox 1346 2246 1469 2285; x_wconf 77' lang='lat' dir='ltr'><strong>variis</strong></span> <span class='ocrx_word' id='word_1_266' title='bbox 1497 2245 1800 2298; x_wconf 78' lang='lat' dir='ltr'><strong>Phaenomenis</strong></span> <span class='ocrx_word' id='word_1_267' title='bbox 1825 2245 1878 2286; x_wconf 89' lang='lat' dir='ltr'><strong>ab</strong></span> 
     </span>
    </p>

    <p class='ocr_par' dir='ltr' id='par_1_16' title="bbox 214 2311 1879 2910">
     <span class='ocr_line' id='line_1_34' title="bbox 419 2311 1879 2367; baseline 0.001 -15"><span class='ocrx_word' id='word_1_268' title='bbox 419 2311 511 2352; x_wconf 89' lang='lat' dir='ltr'><strong>istis</strong></span> <span class='ocrx_word' id='word_1_269' title='bbox 532 2313 658 2366; x_wconf 89' lang='lat' dir='ltr'><strong>longe</strong></span> <span class='ocrx_word' id='word_1_270' title='bbox 683 2314 855 2354; x_wconf 72' lang='lat' dir='ltr'><strong>diversis</strong></span> <span class='ocrx_word' id='word_1_271' title='bbox 883 2328 990 2367; x_wconf 89' lang='lat' dir='ltr'><strong>quae</strong></span> <span class='ocrx_word' id='word_1_272' title='bbox 1015 2314 1336 2367; x_wconf 85' lang='lat' dir='ltr'><strong>praecedentem</strong></span> <span class='ocrx_word' id='word_1_273' title='bbox 1358 2313 1683 2363; x_wconf 82' lang='lat' dir='ltr'><strong>comitabantur,</strong></span> <span class='ocrx_word' id='word_1_274' title='bbox 1705 2318 1800 2353; x_wconf 87' lang='lat' dir='ltr'><strong>tum</strong></span> <span class='ocrx_word' id='word_1_275' title='bbox 1827 2327 1879 2353; x_wconf 83' lang='lat' dir='ltr'><strong>ex</strong></span> 
     </span>
     <span class='ocr_line' id='line_1_35' title="bbox 218 2380 1878 2435; baseline -0.001 -13"><span class='ocrx_word' id='word_1_276' title='bbox 218 2382 281 2412; x_wconf 69' lang='lat' dir='ltr'><strong>Ubi</strong></span> <span class='ocrx_word' id='word_1_277' title='bbox 300 2384 362 2422; x_wconf 83' lang='lat' dir='ltr'><strong>pri-</strong></span> <span class='ocrx_word' id='word_1_278' title='bbox 421 2394 470 2421; x_wconf 92' lang='lat' dir='ltr'><strong>eo</strong></span> <span class='ocrx_word' id='word_1_279' title='bbox 499 2381 610 2434; x_wconf 90' lang='lat' dir='ltr'><strong>quod</strong></span> <span class='ocrx_word' id='word_1_280' title='bbox 638 2382 879 2422; x_wconf 89' lang='lat' dir='ltr'><strong>catharticis</strong></span> <span class='ocrx_word' id='word_1_281' title='bbox 907 2382 1048 2422; x_wconf 88' lang='lat' dir='ltr'><strong>minus</strong></span> <span class='ocrx_word' id='word_1_282' title='bbox 1075 2387 1253 2435; x_wconf 88' lang='lat' dir='ltr'><strong>pareret,</strong></span> <span class='ocrx_word' id='word_1_283' title='bbox 1280 2381 1432 2434; x_wconf 91' lang='lat' dir='ltr'><strong>quibus</strong></span> <span class='ocrx_word' id='word_1_284' title='bbox 1459 2381 1697 2421; x_wconf 87' lang='lat' dir='ltr'><strong>felicissime</strong></span> <span class='ocrx_word' id='word_1_285' title='bbox 1722 2380 1878 2421; x_wconf 82' lang='lat' dir='ltr'><strong>Febres</strong></span> 
     </span>
     <span class='ocr_line' id='line_1_36' title="bbox 215 2436 1878 2507; baseline 0.001 -20"><span class='ocrx_word' id='word_1_286' title='bbox 215 2436 392 2507; x_wconf 48' lang='lat' dir='ltr'><strong>ffinffaffcu&#39;</strong></span> <span class='ocrx_word' id='word_1_287' title='bbox 421 2463 566 2489; x_wconf 87' lang='lat' dir='ltr'><strong>omnes</strong></span> <span class='ocrx_word' id='word_1_288' title='bbox 609 2450 924 2490; x_wconf 88' lang='lat' dir='ltr'><strong>constitutionis</strong></span> <span class='ocrx_word' id='word_1_289' title='bbox 964 2464 1230 2503; x_wconf 87' lang='lat' dir='ltr'><strong>praegressae</strong></span> <span class='ocrx_word' id='word_1_290' title='bbox 1277 2450 1522 2498; x_wconf 65' lang='lat' dir='ltr'><strong>deviceram,</strong></span> <span class='ocrx_word' id='word_1_291' title='bbox 1561 2449 1705 2490; x_wconf 87' lang='lat' dir='ltr'><strong>statim</strong></span> <span class='ocrx_word' id='word_1_292' title='bbox 1750 2449 1878 2489; x_wconf 88' lang='lat' dir='ltr'><strong>didici</strong></span> 
     </span>
     <span class='ocr_line' id='line_1_37' title="bbox 216 2510 1876 2583; baseline 0 -27"><span class='ocrx_word' id='word_1_293' title='bbox 216 2510 341 2583; x_wconf 49' lang='grc' dir='ltr'>11ιὲἶῖἷίΠὲ</span> <span class='ocrx_word' id='word_1_294' title='bbox 420 2516 598 2557; x_wconf 83' lang='lat' dir='ltr'><strong>Febrem</strong></span> <span class='ocrx_word' id='word_1_295' title='bbox 629 2517 738 2558; x_wconf 90' lang='lat' dir='ltr'><strong>hanc</strong></span> <span class='ocrx_word' id='word_1_296' title='bbox 768 2532 858 2558; x_wconf 90' lang='lat' dir='ltr'><strong>esse</strong></span> <span class='ocrx_word' id='word_1_297' title='bbox 888 2518 1061 2558; x_wconf 90' lang='lat' dir='ltr'><strong>alterius</strong></span> <span class='ocrx_word' id='word_1_298' title='bbox 1092 2518 1216 2571; x_wconf 86' lang='lat' dir='ltr'><strong>plane</strong></span> <span class='ocrx_word' id='word_1_299' title='bbox 1246 2517 1453 2566; x_wconf 77' lang='lat' dir='ltr'><strong>falniliae3</strong></span> <span class='ocrx_word' id='word_1_300' title='bbox 1486 2522 1526 2557; x_wconf 92' lang='lat' dir='ltr'><strong>et</strong></span> <span class='ocrx_word' id='word_1_301' title='bbox 1559 2517 1718 2557; x_wconf 91' lang='lat' dir='ltr'><strong>diutius</strong></span> <span class='ocrx_word' id='word_1_302' title='bbox 1750 2531 1876 2569; x_wconf 87' lang='lat' dir='ltr'><strong>quam</strong></span> 
     </span>
     <span class='ocr_line' id='line_1_38' title="bbox 216 2584 1876 2639; baseline 0.001 -16"><span class='ocrx_word' id='word_1_303' title='bbox 216 2595 399 2636; x_wconf 77' lang='lat' dir='ltr'><strong>habuitepi-</strong></span> <span class='ocrx_word' id='word_1_304' title='bbox 419 2584 603 2624; x_wconf 87' lang='lat' dir='ltr'><strong>solebam</strong></span> <span class='ocrx_word' id='word_1_305' title='bbox 635 2585 748 2635; x_wconf 89' lang='lat' dir='ltr'><strong>alias,</strong></span> <span class='ocrx_word' id='word_1_306' title='bbox 777 2586 823 2625; x_wconf 93' lang='lat' dir='ltr'><strong>in</strong></span> <span class='ocrx_word' id='word_1_307' title='bbox 858 2585 948 2639; x_wconf 85' lang='lat' dir='ltr'><strong>ejus</strong></span> <span class='ocrx_word' id='word_1_308' title='bbox 980 2585 1115 2638; x_wconf 90' lang='lat' dir='ltr'><strong>speeie</strong></span> <span class='ocrx_word' id='word_1_309' title='bbox 1151 2584 1445 2637; x_wconf 80' lang='lat' dir='ltr'><strong>investiganda</strong></span> <span class='ocrx_word' id='word_1_310' title='bbox 1478 2584 1719 2634; x_wconf 86' lang='lat' dir='ltr'><strong>haerebam,</strong></span> <span class='ocrx_word' id='word_1_311' title='bbox 1748 2588 1790 2624; x_wconf 87' lang='lat' dir='ltr'><strong>et</strong></span> <span class='ocrx_word' id='word_1_312' title='bbox 1825 2597 1876 2624; x_wconf 81' lang='lat' dir='ltr'><strong>ex</strong></span> 
     </span>
     <span class='ocr_line' id='line_1_39' title="bbox 216 2638 1876 2720; baseline 0 -29"><span class='ocrx_word' id='word_1_313' title='bbox 216 2638 374 2720; x_wconf 36' lang='lat' dir='ltr'><strong>§52¹3ss</strong></span> <span class='ocrx_word' id='word_1_314' title='bbox 419 2654 693 2705; x_wconf 88' lang='lat' dir='ltr'><strong>consequenti</strong></span> <span class='ocrx_word' id='word_1_315' title='bbox 714 2654 862 2693; x_wconf 70' lang='lat' dir='ltr'><strong>anxius</strong></span> <span class='ocrx_word' id='word_1_316' title='bbox 890 2653 1137 2693; x_wconf 89' lang='lat' dir='ltr'><strong>dubitabam</strong></span> <span class='ocrx_word' id='word_1_317' title='bbox 1164 2667 1289 2706; x_wconf 87' lang='lat' dir='ltr'><strong>quem</strong></span> <span class='ocrx_word' id='word_1_318' title='bbox 1315 2652 1421 2692; x_wconf 83' lang='lat' dir='ltr'><strong>mihi</strong></span> <span class='ocrx_word' id='word_1_319' title='bbox 1446 2652 1676 2693; x_wconf 70' lang='lat' dir='ltr'><strong>cmationis</strong></span> <span class='ocrx_word' id='word_1_320' title='bbox 1702 2665 1876 2705; x_wconf 87' lang='lat' dir='ltr'><strong>scopum</strong></span> 
     </span>
     <span class='ocr_line' id='line_1_40' title="bbox 214 2719 1874 2783; baseline -0.001 -23"><span class='ocrx_word' id='word_1_321' title='bbox 214 2734 343 2783; x_wconf 37' lang='lat' dir='ltr'><strong>xpofoq</strong></span> <span class='ocrx_word' id='word_1_322' title='bbox 418 2733 708 2772; x_wconf 85' lang='lat' dir='ltr'><strong>proponerem.</strong></span> <span class='ocrx_word' id='word_1_323' title='bbox 763 2720 860 2762; x_wconf 79' lang='lat' dir='ltr'><strong>Quo</strong></span> <span class='ocrx_word' id='word_1_324' title='bbox 882 2721 995 2761; x_wconf 87' lang='lat' dir='ltr'><strong>enim</strong></span> <span class='ocrx_word' id='word_1_325' title='bbox 1016 2726 1205 2774; x_wconf 89' lang='lat' dir='ltr'><strong>tempore</strong></span> <span class='ocrx_word' id='word_1_326' title='bbox 1225 2720 1411 2773; x_wconf 87' lang='lat' dir='ltr'><strong>primum</strong></span> <span class='ocrx_word' id='word_1_327' title='bbox 1432 2720 1569 2772; x_wconf 88' lang='lat' dir='ltr'><strong>erupit</strong></span> <span class='ocrx_word' id='word_1_328' title='bbox 1589 2720 1694 2759; x_wconf 85' lang='lat' dir='ltr'><strong>haee</strong></span> <span class='ocrx_word' id='word_1_329' title='bbox 1716 2719 1874 2769; x_wconf 87' lang='lat' dir='ltr'><strong>Febris,</strong></span> 
     </span>
     <span class='ocr_line' id='line_1_41' title="bbox 217 2775 1874 2845; baseline 0.001 -21"><span class='ocrx_word' id='word_1_330' title='bbox 217 2775 386 2845; x_wconf 49' lang='grc' dir='ltr'><strong>ζ’,ἓὲἓω</strong></span> <span class='ocrx_word' id='word_1_331' title='bbox 420 2786 584 2826; x_wconf 88' lang='lat' dir='ltr'><strong>nullum</strong></span> <span class='ocrx_word' id='word_1_332' title='bbox 610 2787 759 2828; x_wconf 87' lang='lat' dir='ltr'><strong>habuit</strong></span> <span class='ocrx_word' id='word_1_333' title='bbox 786 2788 916 2829; x_wconf 89' lang='lat' dir='ltr'><strong>alium</strong></span> <span class='ocrx_word' id='word_1_334' title='bbox 949 2789 1229 2842; x_wconf 90' lang='lat' dir='ltr'><strong>epidemieum</strong></span> <span class='ocrx_word' id='word_1_335' title='bbox 1261 2787 1341 2828; x_wconf 90' lang='lat' dir='ltr'><strong>sibi</strong></span> <span class='ocrx_word' id='word_1_336' title='bbox 1367 2787 1613 2843; x_wconf 79' lang='grc' dir='ltr'>σύγχρονον,</span> <span class='ocrx_word' id='word_1_337' title='bbox 1636 2787 1756 2841; x_wconf 87' lang='lat' dir='ltr'><strong>cujus</strong></span> <span class='ocrx_word' id='word_1_338' title='bbox 1781 2800 1874 2840; x_wconf 89' lang='lat' dir='ltr'><strong>per-</strong></span> 
     </span>
     <span class='ocr_line' id='line_1_42' title="bbox 217 2850 1874 2910; baseline 0.001 -19"><span class='ocrx_word' id='word_1_339' title='bbox 217 2850 379 2882; x_wconf 72' lang='lat' dir='ltr'><strong>difficilius</strong></span> <span class='ocrx_word' id='word_1_340' title='bbox 420 2859 562 2905; x_wconf 85' lang='lat' dir='ltr'><strong>specto</strong></span> <span class='ocrx_word' id='word_1_341' title='bbox 594 2855 718 2907; x_wconf 86' lang='lat' dir='ltr'><strong>genio</strong></span> <span class='ocrx_word' id='word_1_342' title='bbox 755 2856 806 2896; x_wconf 86' lang='lat' dir='ltr'><strong>de</strong></span> <span class='ocrx_word' id='word_1_343' title='bbox 843 2856 969 2910; x_wconf 84' lang='lat' dir='ltr'><strong>hujus</strong></span> <span class='ocrx_word' id='word_1_344' title='bbox 1006 2862 1161 2896; x_wconf 86' lang='lat' dir='ltr'><strong>natura</strong></span> <span class='ocrx_word' id='word_1_345' title='bbox 1189 2855 1412 2896; x_wconf 84' lang='lat' dir='ltr'><strong>verisimile</strong></span> <span class='ocrx_word' id='word_1_346' title='bbox 1449 2855 1607 2908; x_wconf 91' lang='lat' dir='ltr'><strong>aliquid</strong></span> <span class='ocrx_word' id='word_1_347' title='bbox 1637 2854 1874 2907; x_wconf 80' lang='lat' dir='ltr'><strong>conjectare</strong></span> 
     </span>
    </p>
   </div>
   <div class='ocr_carea' id='block_1_10' title="bbox 214 2901 1872 2978">
    <p class='ocr_par' dir='ltr' id='par_1_17' title="bbox 214 2901 1872 2978">
     <span class='ocr_line' id='line_1_43' title="bbox 214 2901 1872 2978; baseline 0.001 -19"><span class='ocrx_word' id='word_1_348' title='bbox 214 2901 389 2967; x_wconf 47' lang='grc' dir='ltr'><strong>ἰὲἶιῗῃὲλ</strong></span> <span class='ocrx_word' id='word_1_349' title='bbox 420 2934 608 2972; x_wconf 75' lang='lat' dir='ltr'><strong>possem,</strong></span> <span class='ocrx_word' id='word_1_350' title='bbox 642 2935 738 2962; x_wconf 89' lang='lat' dir='ltr'><strong>eum</strong></span> <span class='ocrx_word' id='word_1_351' title='bbox 759 2923 938 2964; x_wconf 75' lang='lat' dir='ltr'><strong>variolae</strong></span> <span class='ocrx_word' id='word_1_352' title='bbox 964 2924 1042 2976; x_wconf 87' lang='lat' dir='ltr'><strong>(uti</strong></span> <span class='ocrx_word' id='word_1_353' title='bbox 1071 2924 1124 2977; x_wconf 91' lang='lat' dir='ltr'><strong>[e.</strong></span> <span class='ocrx_word' id='word_1_354' title='bbox 1146 2925 1182 2963; x_wconf 93' lang='grc'><strong>1.</strong></span> <span class='ocrx_word' id='word_1_355' title='bbox 1210 2925 1232 2978; x_wconf 64' lang='grc' dir='ltr'>ξ</span> <span class='ocrx_word' id='word_1_356' title='bbox 1257 2923 1314 2976; x_wconf 85' lang='grc'><strong>1.]</strong></span> <span class='ocrx_word' id='word_1_357' title='bbox 1343 2922 1458 2974; x_wconf 81' lang='lat' dir='ltr'><strong>dixi,)</strong></span> <span class='ocrx_word' id='word_1_358' title='bbox 1483 2936 1589 2975; x_wconf 85' lang='lat' dir='ltr'><strong>quae</strong></span> <span class='ocrx_word' id='word_1_359' title='bbox 1609 2922 1724 2962; x_wconf 90' lang='lat' dir='ltr'><strong>illam</strong></span> <span class='ocrx_word' id='word_1_360' title='bbox 1745 2921 1872 2962; x_wconf 88' lang='lat' dir='ltr'><strong>comi-</strong></span> 
     </span>
    </p>
   </div>
  </div>
 </body>
</html>
