1985 3308
729 146 898 184 INDEX
930 145 1134 183 RERUM.

133 251 206 287 399,
223 252 304 286 585;
329 251 362 281 in
378 251 480 281 mictu
495 254 627 280 cruento
643 259 682 280 ex
698 249 784 280 febre
796 254 900 285 acuta,

133 294 216 327 3593
255 293 289 323 in
318 293 558 329 rheumatismo,
590 294 671 328 2583
711 293 745 322 in
775 292 902 322 cholera

132 336 243 365 morbo
266 346 305 366 ex
321 336 451 376 jusculo
467 335 555 366 tenui
577 340 609 366 et
627 335 753 376 syrupis
774 334 902 365 leuiori-

134 378 204 414 bus,
224 379 296 408 165.

179 421 338 451 Enemata
367 421 399 450 in
424 421 541 460 angina
567 420 694 460 quando
721 419 902 459 injicienda,

135 464 216 498 2693
242 463 274 493 in
298 463 398 494 colica
417 463 539 499 biliosa,
560 464 638 498 197;
663 464 696 493 in
712 463 812 493 colica
828 462 902 502 hys-

135 506 242 541 terica‚
270 507 348 540 201:
373 506 407 536 in
430 506 604 542 diarrhoea,
622 507 656 536 61
676 518 682 540 3
708 506 740 535 in
764 505 905 535 febribus

135 548 342 588 quibuslibet,
359 548 467 579 fractis
489 549 591 578 morbi
615 549 745 584 viribus,
763 558 825 578 non
850 547 904 577 diu

136 591 316 630 repetenda,
337 593 418 627 2293
443 592 475 622 in
498 591 678 631 pleuritide,
696 592 776 626 2503
800 591 833 620 in
857 590 903 620 fc-

136 633 247 664 bribus
269 634 400 671 contin„
428 635 480 670 47,
500 636 559 669 483
598 634 631 664 iu
656 634 741 663 febre
769 633 904 674 epidem.

137 686 209 707 ann.
228 677 389 713 ¹73—’75‚
407 679 479 713 209,
497 678 576 712 21ος
603 677 634 707 in
652 676 792 706 febribus
808 676 904 706 inter-

138 719 220 749 mitt.
238 719 354 750 cortice
379 720 492 750 Peruv.
518 719 645 755 curatis,
662 720 742 753 288;
766 719 798 749 in
822 719 906 748 febre

138 761 332 799 morbillosa,
357 763 436 796 2183
460 762 492 792 in
516 762 602 792 febre
625 762 805 797 scarlatina,
823 762 905 795 2433

137 804 170 834 in
194 804 280 834 febre
302 805 437 835 tertiana
452 805 582 841 vernali,
599 805 660 839 753
683 805 716 834 in
740 804 826 834 febre
849 808 907 834 ter-

138 846 225 876 tiana
248 847 378 887 duplici,
395 850 455 880 823
479 848 512 877 in
538 848 624 878 febre
640 847 806 883 variolosa,
826 848 906 881 1583

139 889 172 919 in
185 890 381 929 gonorrhoea
396 890 500 927 virul.,
519 891 685 925 314—16;
710 890 743 920 in
759 889 820 919 ileo
837 899 909 919 vero

139 941 195 972 per
214 943 248 962 os
271 933 469 973 rejiciuntur,
487 934 539 970 62,
559 934 636 967 1953
675 933 757 963 inter
779 932 908 962 laudaui

141 984 247 1011 usum,
271 975 364 1006 istius
388 976 537 1006 effectum
561 976 741 1011 destruunt,
765 976 844 1010 3943
876 975 908 1004 in

139 1018 319 1058 nephritide
335 1029 374 1048 ex
391 1019 515 1049 calculo
531 1018 580 1048 vel
603 1018 753 1054 arenulis,
770 1019 831 1048 395
845 1030 851 1053 3
876 1017 909 1047 in

139 1060 321 1100 nephritide
347 1071 386 1091 ex
412 1062 529 1102 hyster.
557 1061 731 1097 affectione,
756 1062 838 1095 3953
878 1060 910 1090 in

141 1103 298 1143 soporosis
334 1104 509 1140 affectibus,
541 1105 626 1138 209;
665 1104 698 1133 in
732 1103 910 1144 pleuritide,

142 1147 223 1181 2503
248 1147 280 1176 in
304 1147 384 1177 tussi
409 1147 544 1187 epidem.
567 1147 619 1177 ubi
643 1146 750 1182 febris,
767 1151 837 1182 etc„
854 1145 910 1175 ad-

141 1194 228 1224 sunt,
254 1190 333 1225 2293
366 1190 398 1219 in
421 1189 559 1225 variolis,
587 1190 665 1224 1323
693 1189 913 1229 refrigerantia

140 1230 174 1260 in
199 1231 340 1262 febribus
364 1233 491 1268 contin.,
514 1233 565 1269 47,
585 1233 646 1267 48;
672 1236 821 1262 vetantur
842 1235 912 1272 post

141 1273 263 1314 largam
287 1275 591 1311 venae-sectionem,
607 1280 638 1305 et
659 1275 691 1304 in
715 1279 817 1305 aetate
840 1285 911 1314 pro-

142 1322 242 1353 vecta,
261 1318 320 1352 473
349 1318 615 1348 venae-sectionis
636 1317 742 1347 locum
769 1317 911 1357 quando—

142 1369 204 1399 que
224 1360 385 1400 supplent,
404 1362 467 1396 48;
501 1361 729 1391 abstinendum
753 1360 792 1390 ab
817 1360 855 1390 iis
880 1360 913 1390 in

142 1412 313 1442 progressu
329 1403 441 1440 morbi,
460 1405 512 1439 48,
528 1405 601 1434 229.

188 1447 216 1475 1.
241 1445 432 1486 Epidemica
456 1446 651 1476 Constitutio
672 1455 745 1475 ann.
763 1445 914 1475 ’61—’64

142 1488 242 1518 ferme
266 1489 348 1518 nihil
373 1499 471 1528 quam
496 1489 598 1518 febres
623 1488 742 1518 contin.
758 1493 789 1517 et
813 1488 911 1517 inter-

141 1530 227 1561 mitt.
241 1531 340 1570 (quae
355 1531 490 1561 ultimae
503 1536 610 1561 tamen
625 1530 842 1571 principatum
857 1531 912 1560 ob-

143 1573 337 1614 tinuerunt,)
350 1574 511 1614 produxit,
524 1575 574 1609 93,
587 1575 660 1610 234,
673 1575 745 1603 235.
765 1573 915 1603 Traditur

142 1616 232 1652 haec,
249 1617 388 1649 37—94.

187 1661 216 1690 2.
239 1677 284 1682 -
296 1677 340 1681 -
355 1669 429 1690 ann.
445 1659 508 1695 '65,
522 1660 574 1690 ’66
593 1658 817 1699 pestilentialis
832 1658 893 1688 fuit
907 1670 913 1693 ;

144 1702 372 1733 delitescebant
391 1702 539 1737 variolae,
557 1712 637 1742 quae
660 1702 748 1732 brevi
770 1707 843 1741 post
858 1712 914 1741 ap-

145 1755 289 1786 paruere,
309 1747 379 1776 118.
424 1745 576 1775 Traditur
591 1745 678 1780 haec.
695 1744 855 1776 95—117.

189 1789 218 1818 3.
241 1805 285 1810 -—
299 1805 342 1810 —
357 1798 431 1818 ann.
447 1788 508 1823 ’67‚
523 1788 586 1823 ¹68,
603 1793 635 1818 et
649 1788 766 1827 partim
783 1788 845 1822 ’69‚
862 1797 915 1817 va-

145 1830 261 1861 riolosa
276 1831 357 1866 fuit3
383 1831 565 1861 continebat
588 1830 734 1867 variolas,
755 1830 917 1869 simulque

146 1873 267 1904 febrem
278 1873 478 1909 variolosam,
489 1875 558 1907 118,
570 1874 628 1904 119
639 1887 644 1909 ;
663 1873 795 1903 accessit
806 1873 917 1903 itidem

146 1926 230 1947 anno
246 1917 308 1951 ’68,
325 1916 490 1946 diarrhoea
507 1916 644 1955 epidem.
659 1915 804 1955 ejusdem
821 1921 916 1945 natu-

147 1969 200 1990 rae
213 1970 249 1989 ac
262 1959 347 1989 dicta
362 1959 468 1995 febris,
485 1960 555 1994 158,
573 1960 643 1989 159.
662 1958 814 1988 Traditur
829 1958 918 1994 haec,

150 2003 329 2036 118—159.

191 2047 222 2075 4.
236 2062 280 2067 -—
297 2062 340 2066 —
362 2055 435 2075 ann.
452 2044 604 2076 ’69—’72
627 2043 827 2084 dysenterica
847 2043 919 2079 fuit,

148 2088 246 2118 febris
277 2098 351 2118 vero
382 2087 582 2127 dysenterica
612 2087 726 2127 hyeme
757 2086 919 2126 regnabat,

151 2132 331 2161 160—164.
362 2130 514 2160 Traditur
529 2130 616 2166 haec,
636 2131 815 2160 160-203.
846 2130 921 2161 Quo

148 2174 258 2204 ordine
283 2173 433 2208 morbilli,
459 2173 596 2203 tormina
619 2173 749 2207 ventris,
771 2172 919 2207 variolae,

148 2216 359 2256 dysenteriae,
383 2216 485 2246 febres
513 2216 740 2255 dysentericae,
765 2219 795 2245 et
819 2215 922 2245 febres

148 2259 317 2290 intermitt.
334 2269 401 2289 sese
416 2259 596 2295 habuerint,
618 2259 795 2288 160—163.
834 2258 919 2287 Cou-

150 2302 274 2332 stitutio
302 2302 417 2332 haecce
446 2302 590 2332 nonduin
620 2301 748 2341 penitus
780 2301 921 2331 extincta

150 2350 227 2380 erat,
258 2345 385 2384 quando
416 2344 610 2375 Constitutio
645 2354 726 2374 nova
763 2343 836 2373 anni
867 2344 920 2375 ’73

151 2393 199 2418 est
214 2388 368 2427 ingressa,
386 2389 459 2418 204.

194 2432 225 2460 5.
248 2448 291 2452 —
305 2447 348 2452 —-
363 2440 436 2460 ann.
450 2430 600 2462 '73—'75
624 2430 769 2460 insecuta
791 2433 848 2464 est,
863 2439 920 2458 cu-

147 2474 202 2513 jus
227 2483 337 2504 omnes
359 2473 461 2503 morbi
483 2482 638 2512 perquam
661 2472 799 2502 anomali
821 2472 920 2507 fuere,

151 2517 226 2546 206.
272 2516 297 2546 F
300 2516 506 2546 unestabamr
522 2516 625 2555 primo
641 2525 723 2545 anno
743 2515 829 2544 febre
845 2524 920 2544 con-

151 2559 220 2594 tin.‚
248 2560 321 2588 204.
381 2558 526 2588 Morbilli
553 2558 652 2588 altero
679 2568 762 2588 anno
785 2557 922 2587 insecuti

152 2607 238 2636 sunt,
255 2601 394 2632 variolae
418 2601 552 2635 deinde3
577 2606 682 2631 tusses
705 2600 844 2635 tandem,
867 2610 922 2630 su-

152 2645 412 2684 pervenientibus
436 2644 606 2684 pleuritide
637 2649 668 2673 et
696 2643 920 2683 peripneumo-

153 2687 205 2717 nia
221 2692 360 2724 ornatae,
378 2689 450 2723 205,
468 2688 541 2717 206.
587 2686 739 2717 Traditur
755 2686 842 2722 haec,
860 2687 923 2716 204

197 2773 388 2813 Epidemica
405 2772 514 2803 Febris
530 2782 603 2803 ann.
620 2772 781 2803 ’ὃὸ-’90
798 2770 845 2811 [v.
863 2772 924 2802 Νο-

153 2827 190 2846 va
207 2815 343 2856 Febris]

199 2859 408 2899 Epidemicae
430 2859 532 2889 febres
548 2863 623 2888 sunt
639 2857 687 2888 vel
713 2857 926 2894 stationariae,

154 2902 204 2932 vcl
220 2902 477 2936 intercurrentes,
499 2903 637 2936 28-30,
657 2902 844 2934 239—2433
875 2910 923 2930 re-

154 2944 248 2986 gulas
271 2945 310 2975 ad
333 2945 528 2975 curationem
553 2944 716 2983 generales
732 2953 794 2973 non
811 2942 926 2974 admit-

1651 147 1726 185 627

957 252 1040 285 tunt,
1052 249 1092 278 35
1105 260 1112 283 3
1129 247 1265 277 febrium
1277 246 1412 286 epidem.
1426 246 1622 276 diversarum
1635 247 1730 276 ratio-

958 301 1014 321 nes
1024 301 1088 320 non
1097 290 1243 320 videntur
1252 300 1269 319 a
1280 299 1375 319 causa
1385 288 1547 318 morbifica
1557 288 1590 318 in
1599 289 1729 319 homine

958 337 1089 373 aggesta
1115 332 1228 362 deduci
1252 342 1354 372 posse,
1380 333 1441 366 353
1476 331 1570 361 febris
1594 332 1727 371 epidem.

959 376 1073 417 speciei
1097 375 1190 415 cujus
1214 375 1264 411 sit,
1287 375 1446 414 quomodo
1470 378 1628 409 noscatur,
1649 375 1702 404 181
1721 387 1728 409 3

959 429 998 450 ex
1014 419 1098 449 febre
1111 418 1248 457 quadam
1264 421 1433 457 conspecta
1446 416 1592 456 quisnam
1611 417 1638 446 ei
1651 417 1728 456 jun-

959 467 1052 502 gatur
1081 461 1210 491 morbus
1239 460 1445 500 epidemicus,
1477 459 1626 494 noscitur,
1656 461 1729 495 235,

960 505 1041 540 2363
1080 504 1190 534 eadem
1216 503 1366 533 methodo
1393 513 1456 542 qua
1485 501 1582 531 semel
1607 502 1731 531 sublata

961 547 1029 583 fuit,
1050 551 1179 577 curatur
1201 556 1336 586 semper,
1359 547 1420 580 211;
1446 544 1584 583 alicujus
1608 544 1731 574 constit.

962 590 1127 620 materiam
1154 588 1351 619 morbificam
1378 588 1409 618 in
1440 592 1551 628 pectus
1577 586 1732 626 deponere

961 638 1073 672 potest,
1101 632 1173 667 226,
1206 632 1287 666 23ος
1326 630 1422 661 febris
1452 629 1586 670 epidem.
1615 629 1732 659 contin.

963 685 1034 706 ann.
1067 675 1218 704 ‘61—’64
1253 674 1378 704 videtur
1408 673 1551 703 Naturae
1585 672 1735 712 primaria

963 718 1068 754 febris,
1094 719 1175 753 2343
1207 716 1303 747 febris
1327 716 1461 756 epidem.
1489 715 1613 745 constit.
1638 715 1730 747 '73—

964 760 1015 793 ‘75
1033 760 1192 800 quomodo
1214 759 1451 799 ingrediebatur
1466 763 1496 788 et
1512 757 1732 798 progredieba-

964 808 1025 839 tur,
1043 805 1126 837 2043
1149 802 1239 832 initio
1262 802 1366 842 magis
1390 807 1456 831 erat
1478 800 1733 835 inflammatoria,

967 847 1046 881 2073
1071 845 1264 876 variolarum
1291 845 1455 884 nigrarum
1483 843 1558 873 anni
1582 843 1636 875 ’70
1659 842 1734 873 reli-

966 889 1058 928 quias
1081 888 1243 924 referebat,
1273 889 1353 923 2083
1394 890 1609 927 symptomata
1638 885 1737 925 hujus

965 932 1061 961 febris
1100 931 1236 971 propria,
1276 931 1356 965 2073
1402 930 1484 959 hanc
1522 929 1737 959 comitabatur

966 984 1056 1004 coma
1093 973 1254 1013 quoddam
1291 972 1462 1012 aliquando
1498 972 1531 1002 in
1566 971 1735 1011 aphoniam

967 1017 1123 1052 desinens
1150 1016 1231 1051 2073
1269 1015 1324 1055 qui
1351 1016 1396 1045 ita
1420 1014 1563 1051 affectus,
1591 1015 1663 1044 28νο
1687 1013 1737 1043 vel

968 1061 1046 1089 30mo
1071 1059 1120 1089 die
1145 1063 1271 1088 tantum
1295 1057 1544 1094 convalescebat,
1565 1058 1637 1092 207,
1656 1057 1738 1090 214;

968 1102 1116 1132 delirium
1133 1101 1203 1131 leve
1219 1102 1251 1131 in
1266 1101 1384 1131 adultis
1399 1101 1518 1136 aderat,
1535 1104 1565 1130 et
1582 1100 1613 1129 in
1630 1099 1738 1139 pueris

969 1155 1099 1175 somnus
1115 1145 1270 1184 abruptus
1294 1154 1369 1173 cum
1394 1147 1534 1179 stertere,
1551 1144 1632 1177 2083
1658 1141 1737 1171 deli-

968 1188 1052 1217 rium
1075 1187 1133 1217 hoc
1160 1197 1251 1217 coma
1273 1186 1380 1226 potius
1404 1191 1532 1226 stupore
1555 1184 1738 1215 aemulaba-

969 1236 1031 1266 tur,
1049 1231 1110 1260 213
1125 1242 1131 1264 3
1155 1240 1252 1269 quare
1268 1229 1362 1259 febris
1383 1229 1461 1259 haec
1480 1234 1628 1259 comatosa
1644 1237 1737 1257 voca-

970 1278 1031 1309 tur,
1046 1274 1106 1305 217
1122 1285 1128 1307 3
1151 1272 1280 1302 tandem
1293 1272 1327 1302 in
1340 1272 1462 1301 viscera
1473 1271 1578 1311 coepit
1589 1270 1740 1306 converti,

970 1316 1075 1355 specie
1105 1315 1304 1355 dysenteriae
1331 1319 1363 1344 et
1391 1314 1574 1344 diarrhoeae
1604 1323 1636 1343 se
1666 1322 1738 1352 pro-

971 1359 1058 1394 dens,
1074 1359 1148 1394 205,
1172 1359 1254 1393 2083
1279 1367 1361 1398 qnae
1384 1357 1491 1397 potius
1515 1361 1740 1397 symptomata,

972 1412 1068 1441 qnam
1080 1401 1183 1431 morbi
1204 1399 1387 1430 essentiales
1408 1403 1506 1435 erant,
1524 1401 1585 1430 205
1603 1409 1661 1438 sq.,
1679 1399 1740 1429 215

973 1455 1040 1484 sq.;
1067 1443 1203 1474 catam-hi
1227 1447 1258 1473 et
1279 1447 1383 1473 tusses
1406 1453 1438 1472 se
1460 1442 1652 1481 adjungunt,
1672 1445 1744 1481 post

973 1487 1112 1516 subitam
1149 1485 1350 1526 tempestatis
1392 1486 1614 1520 mutationem,
1654 1485 1716 1514 206
1735 1495 1741 1517 ;

974 1529 1133 1569 quomodo
1165 1529 1346 1564 curabatur,
1377 1529 1438 1558 208
1470 1538 1535 1567 sq.;
1575 1536 1674 1566 quare
1703 1526 1740 1556 ad

974 1572 1161 1602 methodum
1177 1571 1403 1601 inveniendam
1424 1570 1475 1600 hic
1497 1570 1618 1599 diutius
1633 1569 1745 1599 haere-

973 1615 1028 1645 bat
1061 1615 1193 1651 Auctor,
1225 1615 1306 1649 2083
1344 1617 1416 1653 post
1451 1612 1745 1642 venae-sectionem

974 1657 1202 1698 epispasticum
1231 1657 1356 1687 nuchae
1391 1655 1629 1696 applicandum,
1660 1655 1745 1689 2103

975 1705 1006 1731 et
1028 1711 1141 1730 enema
1165 1700 1306 1739 quotidie
1327 1699 1546 1740 repetendum,
1563 1699 1647 1733 21ος
1676 1702 1749 1737 post

975 1743 1052 1773 haec
1090 1743 1220 1773 morbus
1263 1742 1323 1773 sibi
1363 1741 1624 1776 committendus,
1663 1742 1724 1770 210
1741 1753 1747 1776 3

976 1786 1080 1816 diaeta
1096 1787 1137 1816 sit
1151 1785 1267 1822 tenuis,
1286 1786 1348 1815 210
1362 1797 1368 1819 ;
1393 1785 1476 1814 lecto
1492 1784 1634 1824 quotidie
1649 1784 1746 1813 absti-

976 1830 1128 1865 nendum,
1146 1830 1208 1858 210
1223 1841 1229 1863 3
1252 1838 1292 1858 ne
1313 1833 1420 1858 tamen
1441 1827 1563 1857 diutius
1579 1836 1675 1866 quam
1693 1836 1750 1866 par

977 1876 1033 1908 est,
1052 1873 1132 1906 211;
1156 1871 1324 1901 solvuntur
1339 1870 1540 1910 objectiones,
1559 1869 1749 1904 211--2133

977 1915 1108 1944 sudores
1134 1923 1197 1943 non
1224 1913 1292 1943 sine
1318 1912 1502 1942 discrimine
1527 1912 1749 1947 sollicitantur,

979 1959 1040 1987 213
1056 1970 1062 1992 3
1087 1967 1143 1996 per
1157 1956 1447 1986 venae-sectionem
1471 1959 1502 1984 et
1519 1959 1665 1985 enemata
1677 1954 1748 1984 feli-

979 2000 1048 2030 cius
1065 1999 1254 2029 succedebat
1270 1998 1402 2035 curatio,
1417 1999 1490 2033 213,
1508 1998 1588 2032 214;
1613 2007 1704 2027 coma
1720 2002 1751 2027 et

979 2048 1089 2082 stupor
1104 2042 1233 2072 tandem
1250 2051 1307 2071 sua
1323 2046 1434 2080 sponte
1449 2040 1648 2076 recedebant,
1667 2041 1729 2070 214
1745 2053 1751 2075 ς

979 2085 1150 2125 aliquando
1162 2085 1201 2114 ad
1217 2086 1320 2114 3Ο“”·“’ιι
1333 2084 1417 2114 diem
1433 2083 1573 2113 defertur
1585 2082 1750 2113 convales-

980 2128 1101 2158 centiae
1114 2127 1256 2168 primum
1275 2127 1414 2167 signum,
1428 2127 1501 2163 214,
1518 2127 1577 2156 215
1591 2138 1598 2161 3
1615 2126 1751 2166 phrene-

980 2171 1022 2201 sis
1051 2171 1119 2200 sine
1149 2175 1287 2210 stupore,
1320 2180 1401 2209 quae
1430 2169 1604 2208 aliquando
1635 2169 1752 2204 aderat,

980 2214 1139 2253 quomodo
1164 2213 1344 2248 sanabatur,
1370 2213 1454 2247 2l5;
1490 2212 1565 2242 item
1590 2211 1753 2242 diarrhoea

980 2262 1010 2286 et
1027 2255 1207 2296 dysenteria
1229 2255 1484 2295 symptomatica,
1503 2256 1564 2285 215
1582 2265 1626 2294 sq.
1642 2267 1648 2289 ς
1674 2255 1750 2284 item

980 2299 1111 2329 sudores
1131 2298 1289 2333 nocturni,
1308 2298 1379 2334 216,
1395 2298 1455 2330 217
1472 2310 1478 2332 3
1501 2297 1635 2337 epidem.
1654 2297 1750 2327 febris

979 2342 1054 2372 anni
1071 2342 1122 2374 ’79
1139 2341 1253 2381 qualis,
1270 2345 1299 2370 et
1312 2341 1470 2380 quomodo
1486 2340 1667 2376 curabatur,
1679 2341 1751 2372 297.

1025 2385 1236 2415 ErmEMims
1255 2383 1342 2422 (Da)
1363 2383 1506 2413 Monms
1523 2384 1669 2418 29—373
1695 2383 1749 2413 Dz

980 2427 1122 2458 Monms
1141 2427 1357 2457 Emumnms
1381 2436 1424 2456 AB
1443 2435 1538 2455 ANNo
1555 2426 1606 2458 ’75
1625 2435 1668 2455 Au
1687 2435 1750 2456 AN-

981 2479 1056 2500 NUM
1075 2472 1138 2507 ’80,
1158 2470 1339 2502 275—299.
1359 2468 1414 2508 [cf.
1435 2468 1640 2508 Constantia]

1024 2513 1205 2553 Epidemici
1220 2512 1321 2542 morbi
1333 2512 1387 2551 qui
1404 2516 1567 2547 vocentur,
1581 2513 1620 2542 28
1635 2524 1640 2546 ς
1667 2512 1751 2542 unde

980 2556 1146 2596 pendeant,
1164 2557 1215 2592 28,
1233 2557 1283 2591 30,
1302 2556 1352 2590 34,
1370 2555 1421 2590 36,
1439 2555 1490 2589 96,
1508 2555 1559 2590 97,
1580 2555 1649 2590 179,
1669 2556 1749 2590 4283

980 2609 1043 2639 qua
1058 2599 1178 2628 ratione
1199 2599 1253 2628 aer
1275 2597 1411 2628 effluviis
1426 2597 1552 2627 morbos
1568 2597 1662 2627 hosce
1679 2607 1750 2637 pro-

980 2641 1170 2672 ducentibus
1200 2646 1327 2675 scateat,
1356 2642 1428 2676 220,
1456 2641 1529 2676 225,
1561 2641 1634 2675 428,
1665 2640 1748 2675 487;

979 2684 1058 2714 varii
1074 2684 1208 2724 epidem.
1227 2694 1289 2723 qua
1306 2683 1344 2713 de
1364 2693 1460 2713 causa
1475 2682 1506 2712 in
1523 2683 1656 2712 eandem
1674 2693 1749 2713 con—

980 2727 1178 2757 stitutionem
1202 2727 1354 2762 incidant,
1377 2726 1455 2761 1793
1482 2725 1624 2765 quidam,
1646 2726 1751 2765 quoad

980 2774 1195 2810 symptomata
1217 2769 1382 2804 nonnulla,
1408 2769 1446 2798 ab
1473 2768 1554 2798 aeris
1583 2768 1751 2799 manifesta

981 2813 1114 2843 diathesi
1137 2813 1286 2853 pendent,
1311 2812 1392 2846 2773
1420 2821 1530 2841 omnes
1552 2822 1588 2841 ea
1611 2812 1751 2841 maxime

981 2861 1167 2896 tempestate
1196 2860 1390 2895 grassantur,
1422 2864 1503 2894 quae
1534 2864 1607 2884 cum
1641 2865 1751 2884 eorum

982 2899 1088 2929 indole
1104 2898 1206 2938 magis
1230 2898 1314 2932 facit,
1332 2899 1412 2931 3323
1437 2903 1505 2927 tum
1527 2898 1645 2927 ratione
1662 2908 1747 2937 syni-

982 2947 1169 2982 ptomattun,
1188 2947 1256 2971 tum
1280 2940 1427 2971 medendi
1450 2940 1554 2976 modo,
1573 2941 1752 2980 discrepant
