1985 3308
357 182 395 220 vi
588 181 723 222 ΤΗΟ.
760 181 1098 222 SYDENHAM
1130 181 1324 222 OPERA
1359 181 1577 223 OMNIA.

164 298 335 327 Emmms
414 287 605 328 Indicem
629 288 788 328 Rerum
818 287 1014 328 editionis
1042 287 1272 342 Lipsiensis
1304 288 1456 341 (indice
1483 288 1614 342 ipsius
1645 287 1807 343 Syden-

153 340 329 370 Mos-nun
353 366 483 406 hamii
510 366 786 418 intermixto,)
814 365 1044 406 breviorem
1071 365 1248 416 reddidi,
1270 380 1359 407 non
1378 371 1525 406 ‘tamen
1550 366 1630 419 (uti
1655 367 1804 420 spero,)

353 444 493 484 minus
525 444 674 484 utilem
687 461 698 493 3
732 457 874 484 meum
906 444 1020 484 enim
1051 457 1140 485 esse
1171 458 1258 485 non
1289 443 1419 484 habui
1449 444 1648 485 Auctoris
1681 458 1809 498 supra

353 521 561 574 quaslibet
588 535 654 561 res
683 535 851 561 sensum
883 521 1092 572 exhibere,
1115 521 1189 562 sed
1215 522 1356 575 potius
1384 522 1476 562 loca
1498 522 1545 562 111
1570 521 1722 574 quibus
1753 522 1808 563 sit

353 599 617 653 quaerendus
648 598 845 639 indicare.
908 599 1101 640 Iudicem
1128 600 1366 653 Nominum
1394 600 1667 654 Propriorum
1695 614 1806 641 seor-

352 676 431 717 sim
453 676 594 716 addidi
607 693 618 726 3
650 676 754 717 item
777 676 969 717 Iudicem
991 677 1288 718 Formularum
1310 677 1577 719 Medicarum
1602 682 1645 718 et
1666 677 1806 718 Medi-

352 760 643 796 camentorum
664 755 709 795 in
731 755 939 795 Formulis
956 756 1267 796 occurrentium
1284 773 1291 796 :
1321 756 1385 796 his
1407 757 1582 797 1101111113
1600 756 1807 797 hodierna

351 834 537 888 apposui,
570 833 615 873 in
650 832 802 885 quibus
836 833 1099 884 assignandis
1130 848 1197 874 me
1226 847 1313 874 non
1344 834 1520 887 paulum
1552 834 1805 888 adjuverunt

349 911 426 951 viri
455 911 506 951 de
535 911 720 951 Materia
743 911 913 951 Medica
944 911 1102 963 optime
1132 911 1285 961 meriti,
1309 912 1335 951 J
1339 924 1556 952 ONATHAN
1578 911 1802 962 Pmmnu,

349 989 485 1039 M.D.,
508 993 550 1029 et
572 990 774 1029 JOANNES
796 989 972 1029 Fons-fis
995 989 1163 1039 Rom-12,
1185 989 1308 1030 M.D.

406 1146 527 1187 Faxit
558 1146 715 1187 DEUS
747 1153 813 1186 ter
844 1147 944 1200 Opt.
974 1147 1090 1187 Max.
1123 1152 1171 1188 ut
1203 1151 1245 1188 et
1277 1147 1345 1188 hic
1378 1152 1421 1188 et
1453 1161 1600 1188 omnes
1631 1153 1802 1190 nostrae

346 1224 575 1264 vocationis
615 1224 792 1274 labores,
834 1225 1021 1279 itemque
1068 1226 1210 1266 omnia
1251 1240 1275 1266 a
1314 1240 1422 1267 nova
1466 1226 1544 1267 1130
1587 1227 1801 1269 Societate

349 1301 693 1355 Sydenhamiana
713 1308 919 1356 suscepta,
942 1303 1094 1344 cedant
1118 1303 1164 1344 in
1192 1303 1388 1344 IPSIUS
1411 1303 1580 1344 laudem
1601 1309 1643 1344 et
1664 1303 1799 1344 homi-

346 1395 451 1420 num
473 1381 821 1422 emolumentum.

662 1593 873 1637 OXONII,

405 1690 443 1715 A.
468 1689 508 1716 D.
534 1690 573 1716 V.
600 1690 702 1717 NON.
727 1691 834 1728 JUL.,
858 1691 1130 1719 MDCCCXLIV.
