1985 3308
300 246 355 276 DE

234 288 419 318 VAmoms.

235 851 341 881 Morbi
358 852 411 881 de-

233 894 370 933 scriptio.

237 1732 411 1764 CURATIO.

441 130 526 168 568
853 126 1113 169 'THOMAE
1148 129 1489 169 SYDENHAM

504 234 612 288 [29]
654 234 700 274 Si
719 234 866 288 primis
887 234 1025 275 morbi
1047 234 1195 274 diebus
1217 248 1342 287 aeger
1362 234 1614 287 haemoptoe
1635 233 1811 283 laboret,
1832 233 1899 274 vel

437 301 606 342 urinam
637 302 788 342 reddat
819 302 1111 355 sanguineam,
1134 306 1228 341 tum
1259 301 1395 353 pulvis
1426 305 1469 341 et
1499 301 1701 350 tinctura,
1725 301 1899 354 quaein

437 370 575 423 capite
591 371 654 410 De
669 371 922 422 Haemopto'e'
943 369 1035 422 [inf.
1054 382 1088 408 c.
1104 368 1193 421 48]
1216 368 1575 421 praescribuntur,
1593 373 1711 409 sexta
1732 381 1898 421 quaque

436 437 542 477 hora
567 437 716 489 (donec
737 440 1023 491 symptomata
1053 435 1135 476 ista
1162 450 1332 489 prorsus
1361 436 1645 488 cessaverint,)
1671 435 1898 488 diligenter

438 504 742 544 exhibeantur:
776 518 859 556 quo
881 503 1011 544 etiam
1031 517 1132 544 casu
1152 504 1397 557 paregorica
1418 503 1583 544 liberali
1604 517 1736 544 manu
1758 503 1895 556 propi-

438 571 594 611 nanda.

1014 674 1138 714 CAP.
1172 674 1309 715 XVI.t

898 760 962 799 De
987 760 1142 799 Chorea
1164 761 1307 800 Sancti
1338 762 1376 800 V
1373 762 1433 801 iti.

495 843 834 883 Coxvmsmms
870 843 1027 896 species
1064 844 1272 897 quaedam
1305 850 1393 895 est,
1438 859 1590 898 pueros
1625 845 1836 898 puellasve
1873 859 1898 886 a

437 910 599 950 decimo
621 911 770 950 aetatis
802 925 915 951 anno
946 911 1000 951 ad
1029 911 1299 964 pubertatem
1324 912 1512 952 invadit:
1545 913 1686 966 prodit
1715 927 1758 953 se
1783 913 1895 954 clau·

435 979 659 1029 dicafione,
682 980 747 1019 vel
767 979 1061 1030 instabilitate,
1081 981 1328 1020 alterutrius
1350 981 1497 1028 cruris,
1522 981 1634 1033 quod
1656 994 1781 1034 aeger
1800 986 1896 1035 post

434 1061 476 1086 se
496 1047 628 1087 trahit
649 1047 866 1088 fatuorum
886 1061 1004 1088 more
1016 1065 1027 1097 3
1059 1062 1238 1088 manum
1260 1049 1450 1102 ejusdem
1474 1048 1629 1099 lateris,
1651 1049 1716 1089 vel
1736 1049 1897 1102 pectori

432 1115 499 1154 vel
519 1115 590 1154 alii
611 1115 738 1155 alicui
753 1115 865 1168 parti
881 1115 1138 1169 applicitam,
1161 1117 1310 1169 nequit
1333 1116 1552 1157 continere
1573 1116 1618 1156 in
1640 1117 1788 1157 eodem
1810 1117 1897 1157 situ
1948 1127 1950 1170 J

433 1182 562 1223 horae
592 1188 824 1233 momento,
857 1183 931 1223 sed
961 1184 1007 1223 in
1039 1184 1170 1224 alium
1207 1185 1337 1224 situm
1372 1189 1415 1225 et
1450 1184 1592 1224 locum
1624 1184 1896 1225 convulsione
1948 1183 1949 1186 '

433 1249 782 1304 distorquebitur,
816 1251 1017 1304 quicquid
1054 1266 1180 1305 aeger
1212 1258 1361 1293 contra
1390 1252 1567 1292 nitatur.
1648 1252 1896 1305 Antequam

433 1318 635 1370 poculum
656 1319 710 1359 ad
730 1333 776 1359 os
796 1320 929 1372 possit
951 1320 1172 1370 adducere,
1195 1321 1312 1361 mille
1334 1320 1678 1374 gesticulationes
1705 1321 1895 1372 (circula-

432 1390 575 1426 torum
597 1386 760 1438 instar,)
787 1386 1004 1427 exhibebit
1016 1404 1028 1437 ,-
1061 1402 1149 1427 non
1180 1388 1296 1428 enim
1326 1393 1444 1428 reeta
1464 1387 1578 1428 linea
1598 1387 1661 1428 ori
1686 1388 1894 1438 admovet,

434 1453 520 1503 sed,
559 1453 741 1493 deducta
776 1468 801 1493 a
833 1468 999 1507 spasmo
1033 1469 1177 1505 manu,
1210 1455 1295 1496 huc
1330 1456 1431 1496 illuc
1463 1455 1711 1508 aliquandiu
1742 1460 1894 1506 versat,

434 1522 569 1562 donec
599 1523 787 1572 tandem,
809 1522 919 1563 forte
949 1523 1123 1563 fortuna
1144 1524 1272 1564 labris
1302 1524 1475 1577 propius
1507 1537 1737 1577 apponens,
1759 1524 1895 1577 liquo-

433 1603 524 1629 rem
546 1589 775 1643 derepente
805 1590 851 1630 in
879 1604 924 1630 os
952 1590 1102 1644 injicit,
1127 1596 1169 1631 et
1195 1591 1313 1631 axide
1340 1591 1496 1642 haurit,
1521 1590 1665 1632 dedita
1691 1596 1898 1644 tanquam

432 1671 561 1711 opera
581 1662 630 1698 ut
652 1658 942 1711 spectantibus
964 1658 1098 1698 risum
1118 1664 1319 1700 moveret.

496 1726 576 1780 [2]
618 1727 801 1780 Sanguis
836 1727 890 1767 ad
922 1728 1069 1768 uncias
1103 1732 1211 1777 octo,
1247 1728 1340 1781 plus
1373 1727 1516 1767 minus
1549 1741 1625 1780 pro
1661 1731 1814 1778 aetate,
1846 1741 1897 1768 ex

434 1794 608 1834 brachio
630 1795 850 1835 educatur.

499 1862 578 1915 [3.]
617 1862 699 1902 Die
731 1863 926 1916 sequenti
948 1862 1124 1903 dimidia
1151 1877 1248 1916 pars
1278 1863 1342 1902 vel
1369 1862 1570 1915 quiddam
1601 1863 1782 1916 amplius
1807 1863 1898 1916 (pro

433 1930 598 1970 ratione
630 1930 810 1983 aetatis‚)
848 1930 1040 1971 Potionis
1072 1930 1324 1971 Communis
1360 1930 1609 1980 hauriatur;
1661 1935 1703 1971 et
1737 1931 1897 1984 vesperi

436 1997 663 2037 haustulus
685 2011 867 2051 sequens
888 1998 1140 2052 propinetur
1155 2015 1223 2039 :—

434 2080 568 2120 [Form.
589 2084 683 2126 181.]
695 2091 714 2108 u
745 2080 785 2133 R
812 2083 935 2126 Aquae
954 2083 1161 2115 Cerasorum
1180 2081 1370 2125 Nigrorum
1388 2082 1530 2114 unciam
1548 2092 1668 2121 unam,

808 2140 930 2183 Aquae
950 2139 1170 2184 Epilepticae
1189 2138 1315 2183 Laugii
1335 2138 1516 2172 drachmas
1534 2143 1613 2178 tres,

807 2199 997 2233 Theriacae
1014 2198 1252 2232 Andromachi
1271 2198 1471 2243 scrupulum
1489 2208 1611 2238 unum,

807 2255 971 2289 Laudaui
989 2256 1133 2301 Liquidi
1151 2262 1270 2300 guttas
1288 2261 1387 2295 oct0;

620 2313 701 2347 Fiat
715 2313 871 2346 haustus.

433 2405 559 2445 Potio
591 2404 825 2445 cathartica
855 2404 909 2445 ad
939 2408 1026 2445 tres
1057 2404 1168 2444 vices
1199 2403 1374 2444 alternis
1407 2402 1555 2443 diebus
1586 2406 1820 2456 repetatur,
1852 2407 1895 2443 et

432 2472 612 2513 haustus
634 2472 903 2526 paregoricus
925 2471 1076 2512 iisdem
1097 2471 1309 2512 noctibus.

498 2539 577 2593 [4]
616 2541 771 2581 Postea
802 2539 973 2593 sanguis
1004 2540 1162 2580 iterum
1194 2539 1442 2580 extrahatur
1457 2556 1469 2589 3
1511 2543 1554 2578 et
1580 2538 1635 2578 ad
1665 2537 1893 2587 catharsin,

432 2608 497 2648 uti
518 2607 647 2661 prius,
671 2622 798 2661 aeger
821 2611 1081 2648 revertatur:
1115 2612 1157 2648 et
1187 2608 1245 2648 sic
1271 2607 1445 2660 sanguis
1472 2606 1684 2656 mittatur,
1713 2611 1756 2646 et
1778 2605 1894 2646 alvus

433 2675 709 2726 subducatur,
732 2676 786 2716 ad
806 2675 979 2716 tertiam
1002 2680 1247 2728 quartamve
1268 2675 1402 2716 xicem
1415 2691 1427 2724 ;
1460 2674 1596 2728 spatio
1616 2679 1762 2714 tamen
1782 2673 1896 2713 inter

433 2743 617 2783 alternas
649 2744 943 2784 evacuationes
975 2743 1207 2793 observato,
1236 2747 1286 2783 ut
1316 2742 1423 2782 nihil
1453 2741 1629 2795 periculi
1660 2754 1786 2793 aegro
1815 2740 1894 2780 im-

434 2811 607 2851 mineat.

522 2896 530 2914 ¹
557 2896 604 2925 Cf.
623 2897 726 2926 Sclwd.
747 2896 854 2925 Monie.
876 2897 898 2925 I.
917 2896 932 2932 ξ
953 2896 990 2924 18
1006 2905 1052 2933 sq.
1516 2899 1532 2914 ¹¹
1558 2893 1606 2923 Cf.
1624 2893 1714 2922 form.
1737 2893 1804 2922 108.
