1985 3308
387 160 679 203 EPISTOLA
710 161 771 201 ΙΙ.
806 160 1240 201 RESPONSORIA.
1459 162 1543 201 309

89 269 242 322 quibus
263 269 508 310 continetur
527 268 750 309 hominum
772 268 947 308 societas
963 284 970 308 :
1003 267 1085 307 nisi
1102 267 1227 321 quod,
1242 266 1542 320 vegetabilium
1560 279 1636 350 νυν,
1656 279 1730 310 Lus

1578 336 1579 339 ¹
1594 331 1744 352 ENEREA.

86 337 235 388 instar,
257 337 302 377 in
330 337 516 378 alienum
541 351 566 377 a
587 335 725 390 patrio
748 335 883 376 solum
912 335 1032 389 quasi
1057 335 1383 389 transplantata,
1406 335 1541 374 Euro·
1568 369 1575 371 s
1601 371 1607 372 ff

85 419 190 458 paeo
212 410 356 446 nostro
378 419 465 446 non
491 404 666 459 perinde
686 404 881 455 laetatur,
905 404 976 444 sed
997 404 1173 456 languet
1194 403 1343 453 indies,
1365 406 1408 442 et
1429 402 1541 442 miti·
1559 390 1644 462 ἓξὲξ
1652 381 1730 453 5¹1{¹,¹¹'

86 472 230 514 oribus
260 473 563 527 phaenomenis
593 472 763 513 fatiscit.
823 472 972 512 Novus
1007 471 1119 525 apud
1151 485 1228 511 nos
1260 471 1411 524 hospes
1444 483 1542 510 cum
1560 466 1634 496 ‘¹50⁵-

86 545 208 590 esset,
227 540 260 580 si
283 554 409 593 quem
430 541 678 594 arripuerat,
694 554 793 581 mox
813 554 984 581 omnem
1005 539 1224 592 sanguinis
1240 553 1422 579 massam
1443 552 1542 579 con-

85 607 336 658 taminabat,
351 612 393 648 et
416 608 516 648 diris
538 608 685 662 capitis
707 613 833 662 atque
855 614 1025 649 artuum
1048 607 1275 658 doloribus,
1298 612 1392 647 tum
1413 606 1543 647 etiam

85 675 298 715 ulceribus
328 675 454 716 variis
484 676 529 715 111
561 675 765 729 partibus,
798 690 842 717 se
871 675 1089 730 prodebat.
1150 675 1211 715 At
1240 688 1338 714 vero
1369 678 1543 714 centum
1563 681 1728 732 Centum·

85 748 199 784 retro
228 743 350 784 annis
381 744 679 785 Gonorrhoeae
706 744 940 784 virulentae
969 743 1104 797 specie
1126 756 1169 782 se
1189 741 1376 795 primum
1401 745 1542 781 osten·
1561 730 1746 798 gffffossffnss

87 810 226 862 debat,
259 811 530 865 ostenditque
563 812 713 862 adhuc,
745 812 823 853 hac
855 812 934 852 sibi
964 816 1087 865 porta
1117 810 1278 851 exitum
1310 810 1736 862 quaere11s3rhoeaevi-

85 880 204 920 nullo
225 880 306 920 alio
337 880 562 921 manifesto
591 885 886 934 symptomate,
910 880 992 920 nisi
1018 878 1131 933 quod
1154 878 1200 918 in
1226 877 1447 931 perpaucis
1478 876 1541 916 ul-
1560 853 1713 935 Egffletasee

86 948 306 988 cusculum
336 947 381 987 in
412 948 610 1001 pudendo
642 949 780 1002 (vulgo
811 963 835 988 a
865 949 1077 1001 Slecmlcer,)
1097 947 1283 1001 primum
1314 945 1451 986 morbi
1479 950 1542 986 est
1560 948 1706 1012 ξζέῐοῐὲἇῑὲ

85 1015 290 1056 indicium
303 1032 314 1066 5
359 1017 479 1070 cujus
507 1017 634 1067 virus,
657 1031 754 1058 cum
781 1031 855 1070 per
878 1017 1198 1057 Gonorrhoeam
1224 1029 1313 1056 non
1334 1014 1539 1069 ejiciatur,
1560 1024 1624 1054 bat.

86 1084 305 1138 sanguinis
326 1099 508 1125 massam
531 1085 643 1126 dicto
664 1086 788 1126 citius
809 1085 997 1139 pervadit
1018 1085 1250 1138 inficitque.

151 1151 229 1205 [7.]
268 1152 533 1205 Propagatur
560 1157 702 1193 autem
730 1153 925 1193 Venerea
950 1153 1054 1193 haec
1083 1153 1196 1193 Lues
1223 1152 1289 1192 vel
1315 1165 1390 1205 per
1418 1164 1541 1203 gene·
1562 1158 1651 1207 Quot
1666 1169 1735 1190 mo-

85 1219 309 1270 rationem,
331 1220 445 1260 unde
465 1220 653 1261 misellus
674 1221 814 1261 infans
842 1221 895 1262 ab
916 1221 1139 1274 inquinato
1161 1224 1387 1274 parentum
1409 1219 1542 1259 altero
1560 1201 1737 1284 ἓξὲξ-οβ’

84 1287 198 1327 mala
229 1287 344 1328 ducit
373 1288 557 1328 stamina
583 1288 718 1338 xdtae5
749 1289 815 1329 vel
850 1303 924 1342 per
955 1293 1201 1329 contactum
1231 1286 1433 1328 mollioris
1467 1286 1541 1326 ali-

84 1356 205 1409 cujus
226 1356 371 1409 partis,
396 1370 479 1409 quo
499 1357 725 1397 virulentia
746 1362 872 1410 atque
898 1357 1178 1397 inflammatio
1194 1355 1359 1409 corpori
1379 1355 1542 1395 insinu-

85 1428 226 1474 antur,
250 1437 301 1464 ex
321 1423 610 1464 occasionibus
630 1424 710 1465 hoc
735 1425 782 1464 in
802 1425 893 1465 loco
916 1424 1117 1465 dicendis.
1164 1423 1322 1473 Primo,
1345 1423 1391 1462 in
1411 1423 1541 1463 lacta-

83 1491 213 1542 tione,
230 1491 346 1533 verbi
363 1492 511 1545 gratia,
528 1492 595 1532 vel
614 1492 755 1533 infans
770 1493 982 1533 nutricem
1002 1506 1078 1546 per
1093 1492 1272 1533 rariores
1288 1490 1540 1531 mammilla-

83 1574 180 1600 rum
209 1574 345 1613 poros,
367 1560 432 1601 vel
462 1560 608 1600 nutrix
632 1561 843 1602 infantem
869 1576 944 1615 per
975 1576 1019 1602 os
1049 1565 1247 1601 tenerum
1276 1559 1447 1599 inficere
1468 1573 1542 1612 po-

83 1632 181 1669 test.
245 1628 453 1679 Secundo,
486 1629 672 1669 infantes
709 1629 743 1669 si
772 1629 879 1670 nudi
912 1644 1010 1670 cum
1045 1628 1279 1682 inquinatis
1314 1627 1360 1667 in
1394 1626 1543 1667 eodem

83 1696 193 1737 lecto
221 1696 457 1737 dormiant:
490 1696 588 1738 licet
615 1697 729 1738 enim
757 1697 906 1749 adulti,
937 1712 1116 1752 quorum
1145 1711 1241 1738 earo
1264 1697 1355 1750 jam
1382 1695 1542 1735 firmior

84 1768 223 1805 aetate
251 1764 466 1815 obduruit,
487 1765 556 1805 vix
576 1765 659 1805 nisi
682 1765 974 1807 intercedente
1000 1767 1168 1820 impuro
1198 1765 1326 1815 coitu,
1351 1763 1541 1817 quamw‘s

84 1832 211 1872 simul
239 1832 464 1883 dormiant,
486 1833 650 1886 possint
677 1834 804 1884 infici,
836 1835 1070 1875 infantium
1100 1839 1246 1874 tamen
1275 1832 1409 1873 laxior
1430 1845 1539 1881 caro,

84 1905 127 1940 et
148 1905 341 1940 texturae
361 1901 543 1951 rarioris,
564 1915 775 1942 venenum
797 1902 918 1943 facile
949 1902 1103 1956 excipit
1119 1919 1130 1951 3
1163 1901 1277 1956 quod
1301 1915 1390 1940 non
1412 1899 1542 1940 semel

85 1967 297 2008 observavi
337 1968 572 2008 infantibus
614 1984 639 2009 a
678 1970 941 2022 genitoribus
979 1970 1232 2023 quibuscum
1273 1967 1540 2008 dormiebant

83 2036 252 2076 infectis
277 2037 518 2089 contigisse.
580 2037 722 2078 Tertio
754 2043 910 2088 autem,
933 2038 1064 2091 partis
1088 2037 1292 2077 mollioris
1317 2040 1539 2077 contaetus

83 2103 266 2143 maxime
287 2103 332 2143 111
354 2104 468 2144 coitu
488 2103 655 2158 impuro
678 2105 738 2155 fit,
761 2119 808 2146 ac
830 2105 1007 2158 proinde
1029 2119 1077 2145 eo
1099 2118 1199 2158 prae
1220 2103 1396 2144 caeteris
1412 2102 1540 2143 modo

85 2172 214 2226 serpit
236 2172 348 2213 Lues
365 2189 375 2222 3
409 2186 506 2212 cum
527 2173 685 2213 scilicet
712 2173 832 2226 penis
861 2173 1078 2227 spiritibus
1105 2172 1370 2226 generationi
1391 2171 1540 2211 dicatis

82 2240 293 2294 turgidus,
322 2255 347 2281 a
373 2255 551 2282 venereo
582 2242 667 2282 sive
696 2242 850 2293 ulcere,
874 2242 958 2282 sive
990 2241 1118 2282 etiam
1146 2240 1329 2294 pustula,
1356 2239 1402 2279 in
1429 2239 1541 2279 uteri

83 2310 236 2363 vagina
265 2309 507 2350 stabulante
534 2324 690 2350 noxam
722 2310 773 2351 de
794 2310 908 2351 facili
937 2309 1094 2360 haurit,
1118 2323 1299 2363 quorum
1335 2309 1539 2349 alterutro

82 2377 200 2418 intus
226 2378 388 2419 latente
414 2378 567 2418 mulier
594 2378 1001 2419 nihilominussana
1021 2378 1155 2419 videri
1179 2382 1319 2432 potest
1332 2394 1344 2427 3
1376 2389 1539 2416 veneno

83 2459 236 2499 nempe
256 2446 321 2486 vel
349 2446 527 2486 istarum
547 2446 734 2500 partium
759 2447 900 2487 illuvie
925 2447 986 2487 ita
1007 2446 1180 2487 detento
1205 2451 1253 2486 ut
1283 2444 1453 2498 segnius
1474 2443 1538 2483 in-

83 2513 208 2554 vadat
238 2514 502 2566 sanguinem,
529 2514 595 2554 vel
619 2529 693 2568 per
717 2520 957 2556 menstruas
983 2515 1258 2568 purgationes
1286 2514 1421 2554 diluto
1450 2525 1538 2552 sae-

82 2582 190 2636 piuS‚
213 2586 255 2622 et
277 2582 574 2635 quadantenus
599 2583 894 2624 exterminato.
963 2583 1042 2637 [8.]
1082 2582 1291 2635 Contagio
1316 2581 1421 2621 haec
1449 2593 1538 2620 car-

83 2663 233 2691 nosam
266 2650 408 2703 virgae
444 2650 728 2691 substantiam
768 2652 992 2705 (quantum
1029 2656 1106 2704 ego
1136 2650 1311 2704 judieo,)
1351 2648 1538 2702 primum

84 2717 283 2769 adoritur,
307 2732 435 2771 quam
460 2718 630 2772 quidem
656 2733 941 2773 corrumpens,
965 2719 1185 2772 eidemque
1208 2718 1344 2772 primo
1371 2716 1537 2756 inflam-

83 2785 328 2836 mationem,
344 2801 442 2827 mox
458 2786 692 2828 ulcerosam
714 2786 912 2838 διάθεσιν,
931 2787 1087 2828 sensim
1104 2787 1323 2836 inducens,
1346 2785 1472 2826 efficit
1487 2788 1538 2824 ut

84 2854 232 2904 sanies,
255 2855 422 2907 qualem
454 2855 499 2895 in
534 2855 809 2896 Gonorrhoea
841 2856 1066 2906 cernimus,
1098 2856 1144 2896 in
1170 2855 1390 2896 urcthram
1421 2853 1536 2893 lente

85 2921 267 2963 extillet:
320 2923 432 2975 quod
478 2929 526 2964 ut
571 2924 751 2974 credam,
793 2924 871 2965 hac
917 2924 1078 2965 ratione
1124 2937 1396 2978 promove0r3
1447 2921 1536 2975 ipse
