1985 3308
407 143 489 183 106
818 143 1074 184 ΤΗΟΜΑΕ
1110 143 1450 184 SYDENHAM

232 253 361 283 annxs
405 244 514 285 tioni
535 244 726 294 satisfiat,
743 258 897 298 nempe
919 245 1044 285 aliam
1067 250 1193 298 atque
1216 258 1239 284 a
1259 244 1444 285 naturali
1459 243 1662 283 diversam
1684 241 1862 296 hujusce

211 296 380 368 giffslrffs
407 312 545 353 morbi
566 313 819 353 solutionem
837 312 1123 365 aggrediendi.
1169 313 1263 352 Hoc
1285 317 1429 351 autem
1444 310 1668 363 dupliciter
1689 310 1863 349 omnino

206 381 389 452 Ἀςῗξῆῐὲἕδῐ
408 380 499 420 fieri
519 394 639 433 posse
661 380 855 420 existimo
868 397 879 429 3
913 380 1070 420 scilicet
1093 379 1157 419 vel
1178 393 1252 432 per
1280 378 1499 431 sanguinis
1520 377 1778 426 missionem,
1799 376 1864 416 vel

208 434 379 510 reiorestiis
410 462 484 501 per
505 447 689 488 sudores.
751 448 940 487 Priorem
963 447 1074 500 quod
1097 447 1264 496 attinet,
1279 460 1366 486 non
1389 460 1482 486 sum
1504 445 1683 495 nescius,
1703 458 1864 485 sacram

203 534 391 563 expugnan-
412 515 525 568 apud
548 516 767 568 plerosque
792 514 937 554 audire
964 515 1010 554 in
1040 515 1119 554 hoc
1146 513 1294 554 morbo
1321 513 1717 553 venae-sectionem.
1779 511 1865 552 Ve-

207 566 392 637 ς’,ῗὶῖζξξξὲῑ
411 597 507 622 rum
547 582 662 634 vulgi
701 581 959 634 praejudicia
998 595 1149 634 parum
1192 586 1394 630 moratus,
1438 580 1653 620 rationum
1700 579 1745 618 in
1784 579 1865 619 hac

206 651 272 679 mia
288 650 376 689 larga
413 650 658 703 quaestione
690 653 907 689 momenta
941 662 1023 702 qua
1057 662 1132 701 par
1173 653 1236 687 cst
1270 648 1483 701 aequitate
1517 652 1643 700 atque
1684 645 1865 686 candore

204 703 358 774 ἶὲιῖἓιῑῑιῑῗςε
411 719 623 772 paulisper
643 717 890 771 expendam.
960 717 1067 770 [26]
1106 717 1169 755 Ac
1197 716 1383 768 primum
1405 715 1575 768 quidem
1596 715 1866 755 'Medicorum

205 777 329 848 ῖξῇἱὲῑῖξ
343 787 392 806 ce·
413 787 484 839 qui
511 791 728 838 grassante
749 798 913 837 nupera
932 784 1002 823 lue
1023 784 1067 822 in
1092 783 1209 823 Urbe
1230 783 1509 835 perstiterunt
1532 782 1660 822 fidem
1688 782 1865 835 appello,

209 861 297 890 nullo
315 842 365 890 tiz-
413 853 612 906 numquis
630 866 776 892 eorum
796 850 1129 904 phlebotomiam
1144 850 1263 902 larga
1278 864 1410 889 manu
1423 863 1470 889 ac
1486 849 1676 902 repetitis
1692 849 1865 898 vicibus,

205 913 382 979 ζ’ῑζῧξῗᾶξῇῗ,
413 934 580 961 necnon
605 924 773 960 tumore
799 919 918 958 nullo
946 918 1084 958 adhuc
1110 917 1426 970 protuberante,
1449 917 1718 967 celebratam,
1741 917 1868 957 Peste

207 988 393 1017 neminiad-
413 987 705 1028 laborantibus
726 986 941 1026 funestam
963 999 1052 1025 esse
1073 984 1449 1024 animadverterit?
1482 985 1659 1025 Parcam
1681 984 1865 1037 quidem,

205 1030 397 1110 Effissfiffio‘l
414 1055 479 1095 vel
511 1059 677 1094 tumore
708 1054 799 1107 jam
831 1053 1070 1106 conspicuo,
1106 1052 1325 1105 sanguinis
1363 1052 1669 1092 detractionem
1705 1064 1869 1104 semper

207 1124 350 1186 ἓξὲξ-Ἰ
415 1121 663 1161 damnosam
699 1135 800 1170 esse,
837 1120 1088 1173 neutiquam
1123 1119 1367 1159 mirandum
1403 1124 1489 1159 est:
1532 1119 1740 1172 siquidem
1771 1132 1869 1160 cum

210 1206 381 1243 Parca,vel
413 1189 636 1229 mediocris
663 1193 836 1228 tantum
863 1188 1080 1241 quantitas
1109 1187 1267 1227 cruoris
1296 1187 1510 1237 adimitur,
1532 1187 1633 1227 hinc
1660 1187 1867 1236 Naturae,

203 1254 362 1330 Ξὲᾜῑῖἓῖι
415 1271 521 1310 quae
551 1257 709 1297 tumori
740 1255 1030 1309 protrudendo
1060 1260 1172 1295 totas
1204 1255 1392 1295 intendit
1422 1255 1541 1304 vires,
1573 1255 1635 1295 rei
1668 1254 1868 1295 adminis-

209 1334 319 1382 spicuo
336 1335 384 1363 in-
413 1324 541 1364 tratio
574 1338 596 1364 0
628 1323 827 1363 manibus
858 1323 1047 1376 eripitur,
1073 1336 1153 1363 1100
1182 1323 1346 1362 interea
1371 1322 1453 1362 alia
1481 1323 1582 1362 satis
1609 1323 1754 1363 efficax
1780 1336 1869 1362 ma-

206 1382 396 1457 flffissffgem,
414 1391 564 1431 teriam
597 1391 861 1432 morbificam
897 1390 1129 1431 evacuandi
1161 1390 1269 1430 ratio
1301 1390 1600 1440 substituitur;
1639 1393 1870 1443 apparente

210 1462 369 1500 perdam-
415 1464 558 1499 autem
586 1460 676 1512 jam
708 1464 887 1508 tumore,
911 1459 1122 1499 celebrata
1141 1458 1436 1507 venae-sectio,
1459 1472 1556 1498 cum
1586 1472 1609 1498 a
1633 1457 1871 1511 peripheria

211 1514 295 1533 nosa.
415 1527 468 1567 ad
489 1532 685 1566 centrum
701 1527 856 1576 trahat,
873 1526 1010 1566 motui
1026 1526 1232 1575 Naturae,
1251 1526 1322 1579 qui
1343 1526 1391 1565 fit
1408 1540 1432 1565 a
1453 1530 1599 1566 centro
1618 1525 1672 1565 ad
1692 1525 1869 1565 circum-

411 1594 647 1643 ferentiam,
669 1594 834 1634 inducit
859 1599 1025 1633 motum
1056 1594 1181 1646 plane
1208 1593 1514 1633 adversantem.
1574 1591 1869 1632 Nihilominus

412 1661 479 1700 vix
521 1661 746 1714 quicquam
779 1661 1044 1713 frequentius
1077 1661 1320 1700 factitatum
1353 1660 1507 1709 videas,
1539 1674 1666 1713 quam
1696 1658 1870 1713 phlebo-

413 1728 569 1769 tomiae
597 1742 789 1781 perverso
817 1728 896 1768 hoc
925 1729 1013 1768 ritu
1042 1728 1363 1768 administratae
1392 1742 1559 1777 noxam,
1583 1742 1607 1767 a
1635 1726 1871 1767 contrariae

415 1796 652 1836 sententiae
673 1797 862 1849 patronis
883 1796 1113 1836 universim
1136 1810 1183 1835 ac
1199 1795 1244 1835 111
1262 1809 1415 1848 genere
1430 1795 1628 1835 adversus
1651 1794 1870 1847 sanguinis

416 1863 461 1903 in
492 1863 571 1903 hoc
602 1863 749 1904 morbo
780 1863 1087 1903 detractionem
1116 1863 1362 1902 validissimi
1391 1861 1633 1915 argumenti
1663 1862 1754 1902 loco
1784 1866 1870 1902 tor-

419 1931 560 1984 queri,
603 1931 668 1971 uti
708 1931 754 1970 in
796 1930 1168 1971 Diemerbroeckio
1212 1930 1294 1983 [De
1328 1931 1462 1979 Peste,
1499 1930 1557 1969 iii.
1595 1929 1655 1982 3.]
1697 1929 1871 1982 aliisque

422 1999 753 2038 Observatiommz
776 1998 1048 2051 scriptoribus
1070 1997 1225 2051 passim
1246 1997 1386 2037 videre
1418 2002 1494 2037 est.
1564 1996 1692 2038 Quod
1719 1996 1773 2036 ad
1802 2010 1871 2038 me

417 2066 585 2116 attinet,
613 2066 808 2119 equidem
840 2080 985 2106 eorum
1013 2065 1329 2106 ratiocinationi
1362 2064 1558 2105 assentiri
1583 2079 1673 2105 non
1699 2078 1872 2118 possum

417 2132 551 2173 donec
575 2133 822 2173 intellexero
848 2133 951 2187 quid
973 2132 1210 2186 quaestioni
1232 2132 1423 2186 superius
1443 2132 1681 2185 propositae
1701 2145 1872 2185 respon-

211 2209 402 2258 chae-spc-
418 2201 558 2241 deant.
613 2201 720 2254 [27]
751 2201 862 2241 Sane
883 2201 1266 2241 venae-sectionem
1286 2201 1333 2240 in
1354 2201 1479 2241 Peste
1500 2200 1736 2250 convenire,
1759 2214 1872 2240 com-

213 2257 398 2324 ἓζὲξζηοζὲ,
417 2269 556 2322 plures
583 2269 697 2321 iique
726 2268 961 2321 gravissimi
982 2269 1202 2321 scriptores
1219 2268 1474 2322 jampridem
1490 2271 1713 2308 senserunt
1727 2284 1738 2317 3
1769 2281 1871 2320 quo-

214 2336 400 2383 V⁰¹¹}r<1plu-
417 2351 512 2376 rum
540 2336 755 2389 praecipui
783 2341 883 2376 sunt
911 2335 1150 2376 Ludovicus
1176 2336 1394 2377 Mel-catus
1425 2336 1506 2389 [De
1525 2335 1643 2375 Febr.
1665 2335 1734 2375 vii.
1765 2337 1803 2374 1.
1825 2335 1872 2375 in

213 2388 262 2407 res
278 2379 363 2417 iique
615 2403 637 2410 ..
783 2405 800 2414 ,,
812 2405 829 2416 ,,
1677 2402 1684 2409 .
1822 2402 1829 2409 .

213 2420 394 2457 gravissimi
424 2403 523 2454 ΟΜ).
552 2408 582 2442 t.
611 2417 653 2442 11.
682 2418 722 2456 p.
750 2403 889 2456 4oo.],
919 2403 1106 2443 Joannes
1136 2403 1338 2443 Costaeus
1379 2402 1638 2455 [Comment.
1673 2417 1720 2442 m
1751 2403 1868 2442 Avic.

211 2462 376 2533 seriptqrfs
423 2470 520 2508 Can.
538 2469 590 2508 iv.
608 2471 645 2508 1.
660 2472 701 2509 4.
716 2471 756 2508 4.
774 2484 814 2522 p.
831 2469 918 2522 69.]
929 2501 939 2518 ,
954 2469 1156 2509 Nicolaus
1174 2469 1319 2509 Massa
1342 2469 1424 2522 [De
1439 2470 1572 2518 Peste,
1586 2469 1629 2509 ii.
1644 2471 1684 2508 4.
1702 2483 1742 2522 p.
1760 2468 1850 2522 93.]
1858 2501 1872 2519 ,

209 2514 399 2577 Ξῗῗιὶςῐὲῗιξιῖῗι
418 2535 657 2575 Ludoxicus
674 2535 885 2588 Septalius
907 2535 988 2588 [De
1002 2537 1134 2585 Peste,
1152 2549 1189 2574 v.
1207 2535 1314 2588 14.],
1327 2535 1630 2575 Trincavellius
1651 2534 1872 2588 [DeFebre

416 2603 558 2641 Pestil.
581 2607 613 2642 t.
630 2603 658 2641 i.
680 2617 720 2655 p.
741 2603 877 2655 152.],
900 2603 1098 2642 Forestus
1127 2602 1314 2655 [Observ.
1337 2606 1376 2641 et
1401 2603 1494 2642 Car.
1510 2602 1562 2641 xi.
1583 2604 1649 2643 17.
1671 2616 1712 2655 p.
1734 2601 1869 2655 176.],

415 2669 682 2709 Mercurialis
714 2669 798 2724 [De
825 2671 946 2710 Peste
973 2683 1006 2710 c.
1034 2671 1103 2710 26.
1131 2684 1172 2723 p.
1201 2669 1311 2723 33.]‚
1339 2670 1586 2709 Altomarus
1615 2669 1698 2722 [De
1724 2669 1869 2709 Pestil.

414 2737 551 2786 Febre,
569 2751 602 2776 0.
621 2740 660 2777 9.
679 2753 719 2790 p.
736 2738 875 2791 360.],
893 2738 1138 2778 Paschalius
1162 2737 1316 2791 [Morb.
1337 2738 1430 2777 Cur.
1445 2737 1487 2777 ii.
1511 2739 1550 2777 9.
1568 2751 1608 2790 p.
1624 2737 1763 2790 202.]‚
1779 2737 1878 2777 An-.-

416 2802 641 2844 dernacusr
673 2804 755 2857 [De
775 2806 917 2844 Pestil.
940 2805 997 2845 iii.
1020 2819 1060 2858 p.
1086 2804 1222 2857 194.],
1245 2804 1408 2844 Pereda
1435 2804 1588 2857 [Schol.
1611 2804 1655 2843 in
1674 2804 1867 2844 Pasckal.

703 2892 713 2905 Γ
737 2887 951 2928 Anderuacus]
969 2889 1015 2919 sic
1032 2888 1100 2919 edd.
1119 2889 1181 2924 '68‚
1200 2888 1262 2925 '76,
1279 2890 1434 2919 —nachus
1450 2887 1496 2917 ed.
1515 2889 1575 2919 ’85.
