1985 3308
269 166 791 209 OBSERVATIONUM
826 165 1202 206 MEDICARUM
1238 171 1266 203 Ι.
1293 174 1324 202 4.
1468 165 1522 205 63

67 273 299 326 exquisitus
319 272 390 313 ille
407 286 454 312 ae
475 271 781 321 intolerandus,
792 271 911 311 dolor
926 270 1026 310 huic
1043 269 1190 310 morbo
1207 270 1521 321 superveniens,
1564 276 1692 305 anus

65 355 153 382 non
181 340 350 380 aliunde
378 339 512 379 oritur
540 354 667 393 quam
697 353 748 379 ex
772 343 1040 392 praepostero
1070 337 1372 377 intestinorum
1402 342 1523 376 motu
1541 318 1723 390 Ai‘ssffffffffit

65 407 191 449 modo
222 407 347 447 dicto.
413 407 522 447 Cum
554 407 668 447 enim
700 407 816 446 sinus
847 407 909 446 illi
941 419 1043 458 quos
1074 404 1328 457 multiplices
1356 404 1521 444 intesti-
1550 404 1696 449 §1³⁶4-

65 489 220 516 norum
255 474 652 515 circumvolutiones
683 474 965 522 constituunt,
999 472 1060 512 ita
1095 487 1119 512 a
1150 472 1320 511 Natura
1352 471 1522 511 formati

66 543 151 583 sint
181 547 231 582 ut
262 542 314 582 ad
346 542 595 582 descensum
628 542 794 582 saecum
827 555 953 594 quam
981 540 1196 593 aptissime
1222 538 1521 588 conducerent,

65 623 163 650 eum
184 609 214 649 ii
248 609 467 662 (inquam‚)
501 610 635 649 motui
658 609 743 648 suis
767 609 881 649 fibris
898 607 1110 648 contrario
1131 607 1278 647 cedere
1300 611 1520 659 cogantur,

64 677 250 718 exoritur
275 677 375 717 inde
403 677 642 730 praedictus
671 677 812 726 dolor,
845 676 916 728 qui
944 675 1115 728 quidem
1146 675 1220 714 uni
1250 675 1357 727 parti
1388 674 1523 714 instar

64 744 257 785 terebelli
280 744 486 797 infigitur,
517 758 613 784 cum
642 749 715 784 aut
743 744 908 785 valvula
939 757 1045 796 quae
1068 742 1120 783 ad
1141 741 1313 782 initium
1345 742 1425 782 coli
1451 756 1521 795 ap-

63 812 201 866 posita
229 817 595 853 excrementorum
624 812 677 852 ad
704 812 816 852 ileon
846 825 1086 864 regressum
1116 810 1306 863 impedit,
1338 815 1411 850 aut
1440 810 1522 849 alia

65 880 233 933 quaevis
254 880 503 920 membrana
524 879 577 919 ad
598 880 738 919 sinum
760 880 989 932 pertinenS,
1012 879 1096 919 vim
1115 879 1243 932 hujus
1264 878 1521 931 praeposteri

62 946 269 1000 impulsus
290 947 377 986 sola
398 946 592 987 sustinet.

125 1014 268 1067 Hujus
282 1028 378 1054 vero
391 1014 640 1054 inversionis
653 1013 768 1054 unde
782 1013 900 1053 dolor
913 1013 982 1053 ille
997 1013 1184 1053 exoritur
1201 1013 1412 1066 duplicem
1427 1027 1522 1053 cau·
1542 1022 1706 1071 Passionis

65 1095 155 1122 sam
176 1082 390 1134 assignare
411 1082 508 1121 licet
529 1098 536 1121 :
569 1081 905 1121 obstructionem
927 1095 1092 1134 nempe,
1115 1081 1180 1121 vel
1201 1081 1496 1121 irritationem.
1544 1065 1662 1095 ¹¹¹³⁰²¹e

1543 1118 1639 1137 causa
1652 1108 1711 1137 du-

129 1149 236 1202 [54]
276 1149 418 1189 Primo
448 1149 593 1202 igitur,
612 1163 889 1202 quaecunque
918 1149 1124 1189 intestina
1152 1149 1424 1189 vehementer
1451 1149 1523 1189 ob·
1542 1150 1627 1189 plex,
1645 1150 1700 1179 ob-

64 1221 238 1257 struunt
273 1221 321 1257 ut
347 1217 454 1256 nihil
482 1231 555 1269 per
587 1217 787 1257 inferiora
817 1217 1070 1257 descendere
1100 1217 1250 1266 valeat,
1286 1216 1401 1256 hunc
1427 1230 1524 1256 con·
1543 1197 1721 1265 isglnsszclttffiet

63 1283 243 1324 trarium
282 1284 328 1323 in
368 1284 583 1324 intestinis
619 1288 784 1324 motum
818 1288 867 1323 ut
898 1284 1136 1337 producant
1168 1297 1337 1324 necesse
1373 1287 1447 1333 est,
1482 1288 1524 1323 et
1545 1287 1618 1319 Quo
1635 1291 1729 1326 pacto

63 1351 226 1391 nemini
246 1365 333 1391 non
354 1356 518 1391 notum.
582 1351 635 1390 In
657 1351 811 1391 horum
833 1365 1007 1391 censum
1031 1351 1083 1391 ab
1106 1351 1357 1391 authoribus
1378 1351 1525 1390 referri
1543 1330 1712 1402 {agg-odu-

64 1418 200 1458 solent
220 1418 356 1458 faeces
386 1419 623 1468 induratae,
646 1419 771 1458 flatus
794 1417 922 1458 crassi
942 1432 1099 1470 magna
1127 1417 1247 1470 copia
1277 1417 1453 1466 collecti,
1478 1431 1525 1457 ac

17 1485 19 1490 ’
63 1485 268 1526 intestina
299 1487 415 1526 velut
450 1487 496 1526 in
528 1486 690 1526 nodum
727 1486 1036 1535 convolventes,
1073 1485 1318 1525 constrictio
1358 1485 1525 1524 intesti-

18 1603 21 1616 ¹
63 1567 217 1594 norum
237 1553 283 1594 in
299 1554 460 1604 hernia,
477 1554 757 1594 inflammatio
772 1553 966 1606 denique,
986 1553 1139 1606 aliique
1161 1558 1349 1593 tumores
1366 1552 1524 1605 magni,

65 1622 138 1675 qui
176 1622 400 1663 cavitatem
439 1623 655 1663 internam
685 1622 879 1662 intestini
911 1621 1154 1662 occludunt.
1216 1620 1399 1661 Interim
1429 1634 1526 1660 vero

20 1686 21 1690 ¹
63 1688 178 1729 haud
199 1690 444 1743 negandum
467 1691 579 1744 quod
604 1694 743 1730 motus
765 1690 1000 1730 contrarius
1022 1690 1136 1729 hisce
1161 1689 1296 1728 causis
1318 1688 1526 1741 originem

65 1756 235 1808 debens,
257 1758 397 1812 potius
418 1759 696 1811 ingestorum,
721 1772 848 1811 quam
878 1758 1182 1798 intestinorum
1203 1760 1344 1796 motus
1366 1755 1525 1796 haben-

65 1823 156 1875 dus,
179 1839 316 1878 neque
347 1826 451 1866 haec
475 1826 607 1866 totius
635 1826 939 1866 intestinorum
967 1825 1121 1865 ductus
1151 1824 1331 1864 inversio
1353 1828 1429 1874 est,
1453 1823 1526 1863 sed

63 1891 233 1932 illorum
264 1898 434 1933 tantum
467 1908 573 1946 quae
607 1908 735 1946 supra
767 1893 911 1933 sedem
941 1893 1063 1932 istius
1105 1891 1409 1932 obstructionis
1445 1891 1526 1931 sita

26 2011 27 2014 Ἴ
65 1964 179 1999 sunt.
243 1959 384 2000 Quam
405 1961 458 2000 ob
484 1975 655 2001 causam
680 1961 865 2001 Affectio
894 1961 1026 2001 Iliaca
1046 1961 1147 2000 hinc
1171 1960 1372 2013 profecta,
1403 1974 1427 1999 a
1456 1972 1524 1998 me

64 2028 187 2067 notha
210 2028 456 2080 appellatur.

29 2150 31 2156 Ι
130 2094 237 2148 [55]
279 2094 472 2135 Secundo
501 2109 610 2144 vero,
633 2095 783 2148 opinor
814 2095 926 2148 quod
956 2095 1002 2135 in
1032 2095 1208 2135 Affectu
1238 2095 1369 2134 Iliaco
1400 2108 1526 2134 causa

64 2161 312 2203 inversionis
334 2163 580 2216 peristaltici
601 2163 902 2203 intestinorum
923 2168 1063 2203 motus
1083 2167 1132 2202 ut
1153 2163 1384 2215 plurimum
1400 2162 1461 2201 ita
1483 2176 1525 2201 se

30 2226 33 2284 ξ
64 2229 208 2271 habet.
269 2231 488 2271 Nimirum
517 2245 567 2271 ex
595 2231 889 2271 tumultuante
923 2230 1130 2282 sanguine
1156 2230 1203 2269 in
1228 2229 1363 2269 Febre
1390 2243 1526 2282 nuper

0 2334 1 2338 ,
30 2286 33 2319 ¹
65 2303 281 2352 concepta,
315 2300 361 2338 in
394 2299 679 2339 ventriculum
712 2304 754 2339 et
789 2298 979 2352 proxima
1010 2297 1215 2338 intestina
1254 2297 1528 2350 deponuntur

0 2386 2 2394 ·
31 2333 35 2423 i
64 2365 264 2407 humores
285 2380 400 2407 acres
422 2372 464 2406 ct
485 2366 674 2419 maligni,
690 2380 740 2406 ex
762 2366 913 2419 quibus
934 2365 1192 2405 ventriculus
1206 2365 1342 2418 primo
1363 2369 1528 2404 motum

32 2426 37 2494 ζ
67 2447 191 2474 suum
212 2434 435 2484 invertere,
459 2448 505 2474 ac
527 2434 711 2474 violento
739 2434 903 2486 impetu
925 2432 1147 2473 materiam
1168 2432 1391 2471 molestam
1411 2431 1457 2471 in
1479 2444 1528 2471 co

31 2498 38 2568 Ἰ,
67 2506 314 2543 contentam
337 2516 411 2556 per
442 2516 487 2542 os
518 2502 690 2556 rejicere
712 2501 904 2554 cogitur:
937 2500 1161 2541 ventriculi
1191 2499 1367 2540 tandem
1391 2499 1528 2539 motui

35 2569 38 2635 J
66 2570 256 2612 validiori
276 2571 482 2611 intestina
501 2570 649 2611 tenuia
679 2570 758 2624 ipsi
780 2569 985 2610 continua
1000 2569 1091 2622 jam
1113 2568 1334 2608 debilitata
1354 2566 1525 2616 cedunt,

0 2658 4 2684 ,-
36 2642 41 2723 ’
68 2642 110 2679 et
131 2652 228 2679 cum
249 2639 314 2679 his
337 2639 510 2679 demum
540 2639 701 2692 majora
728 2638 773 2677 in
795 2651 1046 2678 consensum
1079 2636 1322 2685 trahuntur,
1345 2635 1526 2675 vomitu-

36 2726 40 2742 ·
67 2706 203 2747 riente
242 2707 476 2748 ventriculo
508 2707 626 2760 quasi
659 2707 855 2747 choream
897 2705 1092 2745 ducente.
1155 2702 1286 2743 Hune
1327 2703 1527 2743 affectum
1545 2711 1680 2760 Argenti

67 2787 204 2815 verum
224 2775 363 2816 Ileum
384 2789 497 2825 voco,
521 2780 562 2815 et
591 2775 660 2815 ille
682 2774 809 2827 hujus
832 2774 913 2813 loci
938 2778 1014 2813 cst.
1076 2771 1310 2812 Methodus
1332 2784 1430 2810 cum
1455 2784 1526 2810 cu-
1545 2765 1609 2784 vm
1626 2762 1656 2785 et

1545 2797 1690 2836 globulo-

67 2842 191 2883 randi
210 2843 415 2883 hactenus
440 2843 527 2883 sere
554 2842 773 2895 incognita
793 2841 887 2891 fuit,
911 2840 1110 2894 quicquid
1139 2838 1336 2880 nonnulli
1362 2839 1528 2892 jactent
1546 2850 1711 2921 ξιιὶυἰιιέιοειῐιέ

69 2908 121 2950 de
144 2925 224 2952 usu
252 2911 418 2964 argenti
448 2911 542 2961 vivi,
569 2915 611 2951 et
640 2910 922 2963 globulorum,
953 2923 1059 2962 quae
1090 2912 1385 2962 praeterquam
1416 2906 1528 2959 quod
1545 2934 1617 2954 rum
1633 2935 1709 2954 con-
