1985 3308
603 140 948 183 TRACTATUS
981 142 1018 182 Ι.
1452 145 1537 184 419

83 246 216 288 factos
241 247 516 298 evacuandos,
539 246 638 288 dein
665 247 719 288 ad
746 247 958 289 coctiones
981 246 1252 299 roborandas,
1280 248 1410 302 (unde
1437 249 1536 291 alio·
1567 254 1621 284 DE
1641 253 1729 284 Pon-

82 328 180 355 rum
214 315 444 357 humorum
479 315 835 356 succrescentium
876 315 1066 368 aggestio
1100 316 1232 369 possit
1266 317 1535 371 praecaveri,)
1600 306 1704 328 mm.

83 383 296 425 collimare
321 384 487 435 debere,
510 383 852 438 quandoquidem
876 383 956 424 hae
982 387 1082 424 sunt
1103 383 1379 426 indicationes
1404 385 1539 439 magis

84 452 300 504 generales
323 452 474 506 quibus
495 452 540 492 in
561 451 771 505 plerisque
802 451 893 491 aliis
921 451 1078 491 morbis
1098 451 1392 493 humeralibus
1419 453 1540 494 satis-

82 519 326 560 faciendum
350 525 414 561 est
426 537 438 570 3
470 520 516 560 in
541 519 737 573 Podagra
759 519 1037 560 nihilominus
1057 519 1252 561 Naturae
1278 520 1397 575 quasi
1421 534 1539 574 prac-

82 587 272 641 rogativa
296 593 372 638 est,
398 588 621 629 materiam
648 592 895 642 peccantem
922 602 998 628 suo
1025 588 1151 629 modo
1175 589 1470 640 exterminare,
1496 594 1539 630 et

82 654 128 694 in
149 655 347 696 articulos
369 655 591 709 deponere,
614 670 688 710 per
707 656 952 697 insensilem
978 656 1354 710 transpirationem
1375 656 1538 698 difflan-
1559 667 1599 697 111
1613 669 1728 698 curati-

83 722 195 763 dam.
256 723 455 776 Namque
482 724 598 764 haud
628 724 767 778 plures
795 724 932 765 tribus
963 728 1260 778 proponuntur
1289 724 1419 776 modi,
1448 725 1538 779 qui-
1556 721 1742 747 one‚venae-

1557 759 1655 783 sectio
1679 765 1730 784 ca-

82 789 163 831 bus
188 804 359 831 causam
385 790 603 844 Podagrae
630 792 924 833 continentem
957 793 1107 847 ejicere
1133 792 1360 844 valeamus,
1387 777 1727 834 17611εώ-ῦῑεπεῑέκι·ῐ

84 858 214 899 sectio
245 859 418 909 scilicet,
447 859 663 911 catharsis,
691 874 738 900 ac
770 860 1028 914 diaphoresis
1059 874 1134 914 per
1164 860 1384 902 sudorem:
1420 862 1540 903 nulla
1556 840 1718 912 Ξξξῖοζῗῇὶ

82 940 180 968 vero
201 941 251 967 ex
271 926 338 967 his
357 927 585 968 methodus
607 942 781 982 scopum
803 929 988 982 attinget
1010 943 1212 982 unquam.
1557 930 1680 956 cantur.

148 995 258 1050 [21]
296 996 525 1050 Imprimis,
566 998 862 1048 venae-sectio,
906 999 1177 1052 quantumvis
1224 1013 1381 1053 magna
1419 999 1539 1054 polli-
1557 1013 1682 1044 Venae-

83 1068 229 1105 ceatur
258 1069 353 1105 tum
387 1065 433 1105 in
463 1065 713 1106 humoribus
750 1066 822 1119 qui
857 1066 903 1106 in
938 1067 1159 1120 procinctu
1195 1072 1311 1108 stant
1342 1072 1384 1108 et
1421 1069 1540 1121 quasi
1558 1057 1708 1139 {2⁰35ssst

83 1131 332 1173 descensum
370 1132 639 1184 meditantes,
676 1139 771 1174 tum
805 1134 851 1174 in
886 1134 977 1175 istis
1019 1135 1091 1189 qui
1126 1136 1305 1189 jamjam
1340 1135 1539 1177 articulos
1557 1124 1731 1190 euthimi-

83 1200 344 1252 obsiderunt,
367 1201 619 1242 evacuandis
631 1219 643 1252 3
686 1202 912 1244 manifesto
939 1207 1085 1243 tamen
1114 1208 1278 1257 pugnat
1306 1217 1405 1244 cum
1430 1203 1540 1244 indi·
1558 1190 1743 1267 flffissffssau,

83 1269 249 1310 catione
284 1270 356 1310 illa
387 1284 514 1323 quam
555 1284 680 1311 causa
715 1271 983 1322 antecedens,
1017 1285 1123 1324 quae
1159 1276 1222 1312 est
1257 1271 1485 1325 indigestio
1518 1281 1591 1342 ³2²¹
1606 1275 1731 1340 antefe-

83 1337 306 1391 spirituum
343 1338 462 1391 (quos
496 1338 715 1391 sanguinis
749 1338 953 1379 detractio
984 1338 1120 1391 magis
1154 1338 1372 1380 imminuit
1403 1339 1541 1393 oppri-
1558 1323 1718 1391 νὲἓῗῑῑῗῃζι,

82 1406 274 1460 mitque,)
314 1406 612 1459 depravatione
645 1420 692 1446 ac
724 1407 894 1447 defectu
924 1410 1029 1457 orta,
1059 1406 1139 1446 sibi
1168 1406 1376 1447 vendicat.
1439 1406 1542 1448 Non

83 1478 147 1515 est
167 1474 311 1527 itaque
333 1474 574 1514 adhibenda
598 1474 900 1527 phlebotomia,
922 1475 989 1516 vel
1010 1473 1063 1514 ad
1089 1474 1427 1528 praecavendum
1447 1489 1542 1528 par-

82 1556 305 1597 oxysmum
345 1542 418 1596 qui
457 1542 646 1593 timetur,
678 1542 743 1583 vel
780 1542 833 1583 ad
871 1542 1004 1583 istum
1040 1542 1112 1596 qui
1147 1543 1239 1596 jam
1279 1543 1399 1584 adest
1428 1543 1542 1584 miti-

82 1610 285 1665 gandum,
320 1610 368 1650 in
401 1610 453 1651 iis
493 1624 648 1664 nempe
689 1610 762 1664 qui
797 1615 937 1652 aetate
972 1611 1064 1665 jam
1104 1615 1205 1652 sunt
1235 1611 1730 1668 provectioreszprqqcip11p

84 1679 274 1732 quamvis
305 1679 421 1720 enim
453 1679 525 1732 qui
558 1679 756 1719 educitur
783 1678 957 1732 sanguis
987 1678 1310 1733 pleuriticorum
1340 1684 1382 1720 et
1417 1673 1745 1735 111θι1οζζξὲἶθξζζη

81 1747 279 1789 matismo
303 1747 592 1788 laborantium
621 1748 875 1801 sanguinem
904 1752 955 1789 ut
982 1748 1218 1801 plurimum
1243 1748 1410 1799 referat,
1434 1752 1542 1789 atta·
1561 1748 1737 1788 provectio-

81 1829 183 1856 men
197 1816 478 1857 venae-sectio
498 1816 615 1856 haud
635 1816 778 1856 minus
799 1814 1026 1869 insigniter
1046 1816 1092 1856 in
1107 1816 1188 1857 hoc
1208 1816 1357 1857 morbo
1378 1817 1544 1858 officere
1561 1801 1620 1822 res.

82 1882 221 1937 a'egro,
239 1898 366 1937 quam
386 1885 431 1924 in
453 1884 618 1925 duobus
638 1884 865 1937 praedictis
886 1884 1096 1938 prodesse,
1114 1885 1316 1925 cernitur.
1368 1885 1544 1926 Etenim

83 1952 118 1993 si
154 1952 326 2005 sanguis
361 1952 407 1992 in
441 1952 783 2002 intermissione,'
803 1952 1120 2005 quantumlibet
1157 1953 1231 1993 diu
1264 1957 1360 2006 post
1394 1967 1543 2007 parox-

82 2034 265 2075 ysmum,
296 2020 423 2060 fuerit
460 2024 686 2070 extractus,
719 2020 956 2073 periculum
992 2024 1055 2060 est
1090 2034 1145 2060 ne
1186 2035 1211 2060 a
1246 2021 1465 2073 sanguinis
1501 2026 1544 2062 et

82 2089 312 2130 humorum
353 2089 585 2142 agitatione
625 2103 759 2129 novus
795 2092 1031 2128 succrescat
1066 2102 1355 2142 paroxysmis,
1393 2089 1466 2143 qui
1501 2094 1544 2130 et

82 2157 220 2211 priore
252 2157 495 2198 diuturnior
525 2157 696 2197 futurus
732 2160 796 2197 est
827 2160 869 2197 ct
901 2156 1196 2210 symptomatis
1236 2157 1544 2198 enormioribus

84 2224 319 2278 stipandus,
357 2224 577 2278 sanguinis
616 2224 768 2265 robore
808 2228 851 2265 ct
891 2224 1046 2276 vigore,
1085 2223 1237 2277 quibus
1278 2224 1543 2279 adjutoribus

83 2292 220 2334 morbi
259 2293 452 2334 fomitem
493 2297 666 2334 strenue
707 2306 755 2333 ac
795 2297 1041 2333 constanter
1087 2297 1283 2333 excutere
1324 2293 1543 2344 debuerat,

85 2361 234 2403 exinde
269 2362 436 2403 retusis.
516 2362 659 2415 Atque
690 2361 770 2402 hoc
802 2360 1061 2401 incommodi
1090 2360 1215 2401 toties
1247 2360 1375 2401 etiam
1407 2375 1544 2403 accer-

84 2430 204 2480 situr,
227 2430 390 2484 quoties
414 2431 592 2471 ineunte
615 2444 868 2484 paroxysmo
894 2443 1001 2470 vena
1025 2429 1312 2483 pertunditur.
1376 2430 1421 2470 Si
1446 2445 1544 2472 mox

85 2512 110 2539 a
135 2512 387 2552 paroxysmo
411 2499 587 2539 feriatur
610 2513 730 2548 vena,
753 2499 904 2552 ingens
930 2497 1166 2552 periculum
1194 2503 1256 2538 est
1281 2512 1336 2538 nc
1361 2498 1544 2550 Natura,
1564 2516 1639 2549 Quo
1655 2518 1748 2548 modo

85 2565 189 2607 dum
214 2566 385 2620 sanguis
411 2566 549 2607 adhuc
575 2566 817 2620 languidior
842 2571 906 2607 est
928 2570 970 2606 et
995 2566 1189 2607 nondum
1216 2566 1416 2619 pristinas
1437 2567 1544 2609 vires
1562 2559 1750 2634 {3322}sz-

85 2649 111 2676 a
130 2635 278 2676 morbo
300 2635 481 2675 succisas
501 2634 865 2688 redintegraverit,
883 2634 1091 2688 ejusmodi
1106 2635 1280 2675 wilnere
1301 2635 1545 2689 importune
1562 2646 1653 2676 ritur.
1696 2615 1707 2644 ¹

84 2704 246 2745 inflicto
267 2703 527 2757 usqueadeo
543 2703 784 2743 infirmetur
800 2706 842 2744 et
860 2702 1124 2753 succumbat,
1145 2708 1194 2743 ut
1210 2703 1391 2758 hydropi
1407 2704 1545 2746 aditus

87 2773 313 2827 aperiatur.
375 2773 673 2813 Veruntamen
697 2772 732 2812 si
758 2785 883 2825 aeger
911 2771 1051 2812 adhuc
1074 2772 1243 2825 juvenis
1267 2772 1396 2814 fuerit
1424 2779 1466 2815 et
1492 2774 1544 2816 ab
1565 2787 1705 2819 Quando

86 2840 313 2882 immodica
346 2841 565 2894 potatione
606 2839 897 2890 excalefactus,
935 2840 1107 2893 sanguis
1142 2840 1266 2881 initio
1304 2844 1546 2897 paroxysmi
1564 2830 1747 2904 ἷζζιξιζζῖῗιζη

88 2913 225 2963 potest
267 2909 457 2958 detrahi3
504 2908 568 2949 sin
610 2912 754 2949 autem
794 2908 839 2948 in
880 2908 1140 2962 paroxysmis
1188 2908 1545 2963 subsequentibus
1564 2916 1669 2946 habet·
