1985 3308
366 167 451 208 268
780 168 1036 210 THOMAE
1070 167 1410 210 SYDENHAM

180 286 336 316 Asmm.
368 275 550 329 impetus
581 274 662 316 alio
688 279 891 316 vertatur.
952 276 1017 317 Ea
1047 280 1218 330 propter
1240 275 1485 329 frequenter
1513 272 1677 315 brachii
1695 287 1824 316 venas

366 343 516 394 tundo,
545 348 587 384 et
620 343 872 396 sanguinem
902 343 1132 384 liberaliter
1162 343 1350 393 extraho,
1375 341 1695 396 pleuriticorum
1727 357 1823 384 san-

367 411 488 465 guini
519 412 656 453 colore
685 426 848 465 semper
877 412 1218 465 respondentem.
1279 411 1432 452 Victus
1461 410 1673 452 rationem
1703 411 1823 452 refri-

367 484 588 532 gerantem
625 484 752 533 atque
784 480 1090 521 incrassantem
1125 479 1306 533 injungo
1320 495 1331 529 3
1363 483 1413 519 ut
1449 492 1582 532 aquae
1621 479 1825 520 fontanae

365 552 505 602 partes
535 553 634 598 tres,
662 548 783 588 lactis
810 562 954 598 uuam,
977 548 1104 588 simul
1131 552 1284 597 coctas,
1307 553 1348 588 et
1373 546 1525 601 frigide
1552 547 1823 598 hauriendas,

365 631 491 669 poma
517 621 647 665 cocta,
665 615 832 670 juscula
861 615 1106 665 hordeacea,
1130 620 1172 655 et
1203 615 1358 656 similia
1390 629 1414 655 a
1440 615 1638 656 carnibus
1671 614 1824 657 abhor-

363 684 503 724 rentia
516 701 527 734 3
557 683 719 737 julapia
746 683 918 737 insuper
942 682 1239 736 refrigerantia
1267 687 1393 736 atque
1421 683 1713 734 incrassantia,
1735 697 1825 724 una

364 765 461 792 cum
493 751 798 793 emulsionibus
819 752 864 791 in
886 751 1042 792 morbis
1073 751 1411 792 inflammatoriis
1439 766 1566 805 supra
1587 751 1822 806 descriptis.

364 821 542 861 Lectulo
563 821 666 860 item
680 825 729 860 ut
751 819 927 860 absistat
948 833 1023 873 per
1044 819 1213 873 aliquod
1231 819 1415 873 spatium
1433 819 1622 873 quotidie
1642 834 1822 871 moneo;

364 893 458 928 tum
487 892 534 928 ut
562 888 680 928 nullo
711 902 799 928 non
830 887 897 928 die
926 887 1145 941 injiciatur
1180 901 1331 928 enema
1357 887 1521 929 leniens
1548 888 1822 942 refrigerans-

365 970 457 1009 que,
475 969 553 996 nec
575 955 637 996 vel
660 956 789 996 semel
811 955 982 1009 quidem
1003 955 1229 997 omittatur
1239 973 1252 1006 3
1283 955 1441 996 haustu
1462 955 1698 1010 quinetiam
1717 956 1824 998 hora

363 1024 499 1064 somni
520 1024 763 1077 paregorico
784 1037 806 1064 e
827 1023 1030 1074 diacodio,
1048 1038 1126 1064 ceu
1146 1029 1309 1074 catena,
1331 1024 1585 1065 constrictus
1602 1024 1823 1078 sanguinis

361 1090 479 1131 furor
494 1095 748 1132 coerceatur.
810 1093 869 1133 At
891 1105 988 1133 vero
1010 1093 1179 1146 quando
1199 1092 1445 1147 hujusmodi
1464 1093 1822 1147 Haemorrhagias

362 1172 450 1199 non
481 1173 575 1199 raro
607 1159 834 1200 comitetur
863 1159 1037 1214 lympha
1069 1159 1216 1211 acrior,
1249 1174 1356 1214 quae
1388 1160 1588 1214 sanguini
1619 1160 1823 1215 permista

161 1236 235 1285 ng
252 1247 307 1267 no-
364 1227 454 1280 ejus
482 1232 647 1267 motum
675 1227 860 1282 adjuvat,
883 1242 1088 1268 venarum
1110 1227 1268 1269 orificia
1297 1228 1538 1280 reserando,
1559 1233 1728 1282 praeter
1756 1243 1822 1270 re-

160 1289 346 1353 ζ’,ζζξιξῆζίς
363 1294 597 1336 misionem
629 1300 671 1336 et
698 1296 1078 1349 refrigerationem,
1108 1296 1282 1337 solenne
1306 1297 1412 1337 mihi
1445 1301 1508 1337 est
1539 1296 1821 1338 catharticum

156 1365 326 1437 isistituen-
364 1363 561 1404 blandius
582 1364 648 1404 vel
667 1364 714 1404 111
733 1364 865 1418 ipsius
885 1363 1023 1405 morbi
1043 1363 1156 1418 ἀκμῇ
1176 1364 1412 1418 propinare,
1435 1365 1554 1418 cujus
1576 1364 1820 1418 operatione

185 1421 211 1437 ἰ’
363 1432 498 1482 finita,
521 1431 768 1486 anodynum
790 1432 967 1473 exhibeo
987 1437 1154 1485 praeter
1176 1432 1348 1473 solitum
1369 1432 1528 1473 viribus
1546 1438 1719 1473 auctum
1731 1450 1743 1483 3
1776 1439 1818 1474 et

362 1498 437 1540 ubi
458 1504 697 1553 symptoma
716 1500 887 1553 penitus
908 1500 1140 1550 evanuerit,
1163 1500 1278 1540 aliud
1300 1500 1472 1541 demum
1493 1500 1788 1541 catharticum.

427 1567 506 1621 [8.]
527 1570 538 1590 t
570 1567 722 1609 Quoad
746 1574 941 1609 externas
968 1568 1291 1622 applicationes:
1324 1569 1457 1609 lintea
1485 1568 1817 1622 quadruplicata,

360 1635 560 1676 immersa
587 1650 719 1689 aquae
751 1636 930 1690 frigidae
958 1637 1003 1676 in
1037 1651 1120 1690 qua
1146 1637 1207 1677 sal
1239 1637 1456 1690 prunellae
1488 1636 1752 1687 dissolvatur,
1775 1642 1818 1678 et

361 1709 506 1757 postea
526 1704 673 1744 leviter
694 1718 900 1758 expressa,
924 1704 1229 1745 admoveantur
1249 1704 1414 1745 nuchae
1436 1718 1484 1745 ac
1508 1704 1709 1758 utrinque
1730 1718 1818 1745 cer-

359 1771 438 1811 vici
460 1772 624 1825 saepius
640 1772 686 1812 in
708 1771 787 1812 die.
836 1772 948 1812 Item
970 1778 1062 1825 post
1085 1772 1300 1812 universas
1317 1771 1612 1813 evacuationes
1627 1777 1818 1826 peractas

358 1838 496 1892 liquor
517 1854 695 1892 sequens
718 1840 951 1893 applicetur
966 1857 1034 1880 ;-

363 1939 494 1984 [Form.
513 1941 588 1985 49.]
603 1947 616 1961 υ
643 1939 681 1987 R
709 1941 847 1975 Vitrioli
867 1942 1078 1986 Hungarici,

708 1999 894 2040 Aluminis,
912 2011 981 2033 ana
997 2001 1139 2034 unciam
1157 2012 1277 2041 unam,

709 2056 926 2101 Phlegmatis
944 2057 1081 2091 Vitrioli
1099 2058 1223 2092 libram
1241 2058 1446 2097 dimidiam;

543 2114 664 2158 Coque
681 2113 816 2147 tamdiu
835 2113 944 2148 donec
968 2116 1088 2149 omnia
1106 2115 1235 2149 suerint
1255 2115 1446 2155 dissoluta3
1470 2116 1640 2160 liquorem
1657 2114 1818 2159 frigefac-

544 2178 617 2203 111111
643 2171 745 2211 filtra,
772 2177 805 2204 et
835 2183 855 2205 a
879 2172 1047 2217 crystallis
1072 2172 1220 2206 subinde
1242 2174 1334 2206 natis
1358 2184 1502 2217 sepa1a3
1532 2172 1658 2216 liquori
1681 2171 1817 2206 residuo

541 2227 631 2261 addc
651 2228 729 2262 Olei
746 2228 884 2262 Vin-ioli
903 2229 1146 2263 duodecimam
1164 2237 1308 2274 partem.
1360 2229 1530 2263 Turunda.
1546 2241 1589 2263 cx
1605 2229 1714 2262 linteo
1730 2240 1816 2269 ram,

542 2285 676 2329 liquore
699 2285 764 2318 hoc
791 2287 895 2330 probe
914 2286 1126 2328 humectata,
1144 2288 1220 2320 nari
1238 2298 1281 2320 ex
1295 2298 1365 2331 qua
1379 2287 1522 2331 sanguis
1539 2286 1648 2320 stillat
1664 2284 1817 2327 indatur,

540 2354 601 2387 per
618 2341 691 2376 dies
708 2342 794 2376 duos
811 2343 914 2376 isthic
931 2343 1170 2389 relinquenda.

356 2452 452 2493 Quo
474 2452 602 2493 etiam
623 2453 785 2506 liquore
814 2451 1065 2493 linteamina
1084 2450 1251 2491 imbuta
1271 2451 1313 2491 et
1336 2449 1535 2504 applicita
1562 2449 1815 2503 sanguinem

355 2521 525 2570 sistunt,
548 2534 597 2560 cx
620 2534 872 2574 quacunque
893 2520 1066 2561 demum
1087 2524 1206 2573 parte
1227 2524 1404 2559 externa
1423 2518 1537 2559 idem
1558 2517 1730 2559 defluat.

155 2585 323 2644 nti-‘¹0¹⁸
419 2587 497 2642 [9.]
538 2587 804 2642 Haemoptoe
835 2589 977 2639 etiam,
1006 2601 1113 2641 quae
1137 2587 1182 2627 111
1215 2586 1387 2627 aestatis
1415 2600 1463 2626 ac
1490 2586 1598 2626 veris
1629 2584 1815 2626 confinio

152 2637 316 2727 {4⁴³5}me
354 2654 546 2696 homines
567 2656 779 2697 calidioris
803 2655 1144 2710 temperamenti,
1167 2659 1210 2695 at
1238 2654 1379 2694 minus
1407 2653 1585 2704 robusti,
1609 2653 1812 2703 adoritur,

150 2731 201 2758 to&
218 2730 302 2767 tivs·
354 2728 395 2763 et
428 2738 605 2776 quorum
631 2725 852 2777 pulmones
889 2725 1030 2765 minus
1058 2729 1172 2765 recte
1200 2723 1354 2773 valent,
1376 2736 1476 2777 prae
1507 2722 1679 2762 senibus
1706 2720 1812 2761 item

150 2774 303 2844 {ffJssflgre
349 2790 550 2842 juniores,
569 2791 757 2844 ejusdem
778 2792 864 2833 fere
885 2792 1039 2833 indolis
1061 2806 1158 2833 eum
1179 2789 1503 2843 haemorrhagia
1518 2790 1608 2844 jam
1630 2792 1814 2830 tractata

398 2900 406 2915 ³
432 2898 528 2928 Deest
546 2901 559 2936 ξ
579 2902 596 2927 8
615 2900 645 2929 in
663 2901 711 2930 cd.
729 2902 790 2932 76.
1156 2906 1169 2921 ¹
1195 2902 1242 2932 Cf.
1263 2903 1393 2932 Process.
1413 2902 1472 2931 Jnt.
1490 2911 1515 2931 c.
1534 2902 1583 2931 48.

398 2944 413 2958 ¹¹
438 2941 485 2971 Cf.
505 2942 596 2971 101111.
615 2944 684 2973 210.
