1985 3308
378 150 461 189 190
790 149 1046 191 ΤΗΟΜΑΕ
1081 150 1420 191 SYDENHAM

171 264 355 297 [uuonan
374 269 487 309 pore,
505 256 617 296 inter
637 256 738 296 alios
755 256 814 297 ita
834 257 944 297 male
965 257 1179 307 multatos,
1197 257 1372 297 ineunte
1390 257 1415 296 J
1419 254 1605 304 aunario,
1625 254 1826 304 1669-70,

183 309 347 340 ANOMAL.

173 352 225 380 Ax
234 360 354 382 κομι-Μ

375 324 563 364 accersiri
593 339 661 365 me
693 324 851 365 curavit
882 325 943 364 vir
969 325 1137 378 probus,
1160 324 1330 365 nomine
1359 323 1530 372 Collins,
1554 322 1755 376 zythepsa
1783 322 1829 362 111

198 395 332 426 ’70-'72-
373 392 571 445 parochia
584 392 636 432 AS.
659 392 839 445 Aegidii‚
861 393 981 446 cujus
1002 392 1112 432 filius
1140 392 1277 432 adhuc
1297 392 1436 432 infans
1457 390 1658 431 vesiculas
1679 389 1828 431 habuit

372 459 418 499 in
444 459 672 501 femoribus
698 460 947 514 juglandem
974 474 1128 500 nucem
1157 466 1449 513 exaequantes,
1477 472 1568 498 sero
1594 457 1829 511 limpidiore

371 528 576 581 repletas,
614 528 766 581 quibus
802 527 1014 580 disruptis,
1047 527 1260 568 substrata
1293 541 1389 567 caro
1425 526 1543 579 quasi
1578 525 1830 565 mortificata

373 595 546 636 omnino
567 595 835 649 comparebat
848 612 859 645 ς
892 602 1015 648 atque
1040 594 1207 635 nonita
1234 594 1307 634 diu
1335 601 1429 647 post
1461 607 1585 647 aeger
1605 593 1702 633 fatis
1730 606 1831 633 eon-

373 663 509 713 cessit,
533 677 638 717 quae
659 668 701 704 et
723 676 868 703 eorum
890 662 1080 703 omnium
1103 675 1191 702 sors
1212 661 1306 712 fuit,
1327 675 1430 715 (11105
1451 661 1530 702 1100
1550 667 1640 701 tam
1660 660 1830 701 funesto

375 736 655 784 symptomate
695 735 906 782 correptos
946 729 1030 769 11ᾶί
1069 742 1274 782 unquam.
1357 728 1436 781 [6.]
1485 728 1565 767 Die
1604 727 1831 774 undecimo

373 798 548 847 circiter,
579 797 774 850 pellicula
814 796 908 837 alba
947 795 1219 849 resplendens
1254 795 1411 835 tumori
1452 794 1674 844 subrubro,
1706 793 1830 834 variis

372 865 490 905 faciei
514 864 716 918 partibus,
739 871 781 904 et
808 863 1012 917 paulatim
1040 863 1176 904 vultui
1203 862 1331 912 omni,
1357 861 1541 903 obducta
1567 867 1642 902 est.
1705 861 1829 902 Pelli—

372 933 466 972 cula
485 933 588 973 haee
605 932 699 972 alba
718 931 835 972 brem'
855 937 948 984 post
964 931 1185 971 materiam
1207 929 1420 984 quandam
1437 935 1670 970 crustosam
1691 929 1829 982 splen-

373 999 614 1040 descentem
635 998 866 1049 eructabat,
889 999 1026 1039 colore
1048 998 1218 1052 quidem
1239 1011 1376 1051 neque
1397 997 1517 1046 flavo,
1539 1010 1676 1050 neque
1698 997 1828 1046 fusco,

378 1068 464 1120 (qui
485 1067 568 1108 duo
587 1067 633 1107 in
654 1067 744 1107 aliis
765 1066 1032 1107 Variolarum
1054 1066 1270 1119 speciebus
1290 1065 1588 1119 reperiuntur,)
1609 1065 1682 1105 sed
1702 1064 1831 1105 rubro

374 1141 574 1184 satin-ato,
601 1140 846 1176 concretum
878 1134 1129 1188 sanguinem
1160 1134 1378 1183 imitante,
1411 1133 1495 1186 qui,
1521 1138 1830 1173 maturescente

372 1204 555 1257 pustula,
581 1204 634 1244 ad
663 1203 876 1257 nigrorem
902 1203 1036 1243 indies
1067 1202 1201 1255 magis
1230 1201 1467 1252 accedebat,
1493 1202 1626 1242 donec
1656 1201 1831 1242 tandem

372 1272 498 1313 facies
525 1272 691 1325 integra
711 1271 944 1326 nigredine,
966 1271 1154 1324 fuliginis
1183 1270 1356 1311 omnino
1380 1269 1558 1321 aemula,
1580 1269 1829 1323 tingeretur.

375 1341 567 1394 Cumque
591 1340 636 1380 in
658 1340 738 1381 alia
758 1340 1025 1380 Variolarum
1048 1338 1368 1379 Confluentium
1397 1338 1532 1391 specie
1554 1337 1642 1377 dies
1662 1337 1832 1377 undeci-

375 1423 469 1448 mus
490 1409 535 1448 111
555 1408 785 1448 maximum
806 1408 915 1448 vitae
937 1407 1161 1447 discrimen
1183 1420 1330 1460 aegros
1352 1406 1592 1456 adduceret,
1615 1411 1656 1445 et
1687 1404 1831 1458 pleris-

377 1490 456 1528 que
487 1476 782 1516 emorientium
811 1489 1029 1529 supremus
1060 1481 1194 1524 essct3
1226 1474 1271 1514 in
1307 1474 1385 1514 hae
1413 1473 1548 1527 speeie
1577 1487 1702 1526 aeger
1736 1472 1832 1526 (nisi

375 1543 579 1596 regimine
600 1543 874 1583 immoderate
896 1543 1030 1583 calido
1046 1556 1269 1596 oppressus
1291 1542 1438 1582 mortis
1458 1541 1723 1594 refrigerium
1744 1555 1833 1581 ma-

375 1612 512 1652 turius
536 1611 908 1664 praeoccupasset,)
934 1610 1143 1650 decimum
1166 1615 1364 1663 quartum
1385 1616 1432 1649 ut
1453 1609 1685 1662 plurimum
1707 1609 1831 1659 diem,

377 1679 602 1733 aliquando
623 1679 750 1720 etiam
773 1679 983 1719 decimum
1011 1677 1250 1730 septimum,
1273 1677 1533 1730 expectabat,
1557 1691 1639 1729 quo
1660 1676 1833 1717 demum

376 1747 529 1800 elapso,
552 1747 663 1786 salva
682 1760 749 1786 res
770 1751 871 1786 erat.
933 1745 1186 1785 Notandum
1211 1751 1273 1785 est
1293 1749 1451 1794 tamen,
1474 1744 1588 1797 quod
1608 1743 1679 1796 qui
1701 1744 1833 1784 letha-

376 1816 486 1856 libus
516 1815 606 1856 istis
640 1815 831 1855 vesiculis
862 1828 909 1854 ac
944 1813 1278 1864 mortificatione,
1308 1826 1414 1866 quac
1444 1812 1662 1852 nonnullis
1697 1812 1834 1865 primo

376 1898 520 1924 mense
556 1898 638 1936 quo
673 1883 776 1923 haec
813 1882 968 1936 species
1004 1881 1228 1921 invadebat
1265 1880 1459 1921 accidisse
1494 1880 1832 1930 memoravimus,

377 1951 588 1991 Libitinae
620 1950 955 2000 destinabantur,
984 1949 1095 1990 intra
1129 1962 1282 2002 paucos
1314 1948 1401 1989 dies
1436 1948 1488 1988 ab
1521 1947 1741 2001 eruptione
1770 1947 1835 1987 in-

377 2019 576 2059 teribant.

437 2086 513 2140 [7]
547 2087 601 2126 Et
622 2086 762 2136 febris,
785 2092 827 2126 et
855 2090 1140 2139 symptomata
1171 2085 1251 2125 alia
1281 2084 1423 2124 omnia
1444 2097 1550 2137 quae
1574 2083 1640 2124 vel
1669 2097 1835 2136 praece-

378 2154 534 2195 debant
551 2155 616 2194 vel
632 2154 944 2194 coinitabantiu‘
959 2154 1039 2194 1100
1055 2153 1321 2193 Variolarum
1340 2166 1485 2205 genus,
1504 2151 1694 2204 graviora
1713 2157 1835 2192 erant

378 2238 504 2276 quam
526 2223 568 2263 in
596 2222 887 2275 praecedente,
911 2228 951 2262 et
974 2221 1318 2262 inflammationis
1345 2221 1483 2261 adhue
1509 2220 1679 2273 majoris
1700 2219 1834 2259 mani-

377 2291 484 2331 festa
524 2291 681 2331 dabant
721 2291 887 2331 indicia.
948 2290 1078 2343 Aegri
1113 2290 1165 2329 ad
1202 2289 1489 2330 salivationem
1529 2293 1650 2328 erant
1685 2287 1834 2340 procli-

378 2359 533 2408 viores5
568 2359 763 2413 pustulae
794 2366 835 2399 et
867 2358 1134 2407 efferatiores,
1169 2363 1211 2397 et
1240 2357 1351 2397 mole
1387 2357 1512 2409 longe
1542 2355 1738 2405 minores,
1776 2355 1838 2396 ita

378 2432 424 2466 ut
459 2441 546 2467 11011
580 2427 714 2477 facile,
743 2427 817 2467 ubi
851 2426 1035 2480 primum
1071 2425 1342 2478 apparebant,
1371 2424 1422 2464 ab
1459 2423 1706 2477 erysipelate
1743 2423 1835 2476 quis

379 2509 448 2534 eas
479 2495 732 2544 discreverit,
765 2495 830 2535 vel
865 2495 992 2535 etiam
1028 2508 1053 2534 a
1086 2493 1303 2542 morbillis,
1339 2492 1420 2532 nisi
1456 2492 1570 2545 quod
1603 2491 1648 2531 hi
1682 2505 1733 2531 ex
1769 2491 1835 2531 die

380 2562 623 2615 eruptionis,
646 2568 688 2602 et
709 2562 798 2602 aliis
827 2562 956 2615 signis
976 2561 1022 2601 in
1040 2561 1215 2602 historia
1234 2560 1523 2600 morbillorum
1555 2575 1680 2613 supra
1717 2560 1770 2614 [c.
1793 2561 1832 2598 5.

383 2631 405 2683 ξ
428 2630 487 2682 2.]
516 2630 744 2679 recensitis,
767 2636 881 2671 certo
904 2630 1171 2670 innotescant
1183 2645 1195 2679 5
1226 2627 1404 2680 pustulis
1426 2627 1726 2677 decidentibus,
1748 2627 1835 2667 fur-

381 2697 493 2736 fures
515 2698 671 2738 diutius
699 2698 942 2747 haerebant,
964 2697 1230 2750 foedioraque
1258 2696 1456 2749 stigmata
1483 2695 1709 2736 inurebant
1733 2695 1834 2736 euti.

383 2764 545 2816 Operae
576 2766 757 2817 pretium
793 2774 854 2806 est
892 2772 933 2806 ct
969 2765 1071 2806 illud
1108 2765 1352 2819 adjungere,
1389 2764 1513 2816 qnod,
1546 2764 1725 2804 durante
1756 2763 1836 2803 hac

382 2832 496 2870 0111111
515 2832 841 2884 Constitutione,
859 2848 941 2887 qua
956 2840 1044 2874 tam
1061 2833 1288 2887 epidemicc
1305 2832 1542 2872 saen'ebant
1558 2831 1835 2886 dysenteriae,

383 2899 587 2949 Variolac,
610 2901 812 2954 regimine
829 2902 946 2954 justo
967 2901 1161 2942 calidiore
1183 2907 1440 2954 provocatae,
1459 2915 1532 2952 per
1553 2899 1836 2953 dysenteriam
