1985 3308
729 147 900 184 INDEX
929 146 1131 183 RERUM.

132 244 305 282 conserant,
330 256 432 286 aquae
458 247 579 277 calidae
609 247 802 288 sulphureae
822 248 897 278 ade-

132 286 246 322 undae,
263 289 335 320 387.

177 329 357 369 Chirurgus
387 335 566 362 structurae
594 332 728 363 humani
759 333 900 373 corporis

131 372 229 410 probe
244 383 363 411 gnarus
379 384 447 404 esse
463 374 564 411 debet,
581 376 656 405 463.

176 413 369 452 Catonum,
387 415 472 455 (Da)
496 419 568 447 599.

177 456 341 488 Chlorosis
356 459 478 497 species
494 459 670 499 hystericae
686 459 798 495 affect„
816 459 879 491 377
893 473 900 496 ς

132 499 291 536 quomodo
307 501 457 537 curanda,
474 503 552 537 386;
571 502 708 532 clilorosi
722 503 900 532 laborantes

132 539 222 571 clavo
238 541 355 582 hyster.
373 543 572 582 frequentius
587 545 782 580 afficiuntur,
800 546 872 576 365.

177 583 348 615 (ΣΗοιΕιιΑ
367 585 518 616 ΜοκΒυε
536 589 702 623 ANN1’69‚
721 588 899 618 163—166.

132 624 187 654 Di:
206 626 377 658 enorum
395 628 536 666 Momm,
555 630 626 665 577,
642 630 715 662 578.

177 667 313 700 Cholera
328 671 458 701 morbus
474 682 537 711 quo
558 673 632 702 anni
653 677 794 711 tempore
809 681 898 710 gras-

131 715 229 747 satur,
255 713 305 748 32,
326 713 396 750 160,
422 714 492 750 164,
520 715 598 749 166,
624 715 692 753 ejus
720 714 899 754 descriptio,

135 753 206 788 164,
224 755 302 790 577;
329 756 450 786 curatio
474 767 531 786 nec
555 757 748 792 catharticis,
765 767 823 786 nec
847 767 898 786 as-

131 794 345 834 tringentibus
369 798 536 834 moiienda,
553 801 604 835 45,
624 800 703 834 1643
729 809 792 838 quo
808 804 900 839 pacto

131 838 304 876 perficitur,
336 841 414 876 1653
453 841 581 871 cholera
603 842 789 882 epidemica‚
815 843 898 877 277;

131 881 202 918 ejus
213 883 344 919 curatio,
356 884 428 915 278.
454 883 590 914 Cholera
602 884 732 914 morbus
745 883 807 914 alio
818 888 898 914 tem-

132 932 208 961 pore
235 934 332 963 quam
356 926 507 965 Augusto
533 927 697 962 invadens,
715 937 732 956 a
756 926 901 965 legitimo

132 970 198 994 toto
211 967 298 996 coelo
314 967 419 1004 distat,
436 969 509 1004 1663
527 969 610 998 intra
622 971 663 999 24
675 969 768 999 horas
781 969 901 999 interfi-

132 1017 202 1037 cere
214 1014 324 1047 potest,
342 1011 411 1046 164,
423 1012 501 1047 577;
518 1011 599 1041 chol.
612 1012 706 1047 sicca,
723 1012 801 1047 1643
818 1011 901 1041 chol.

131 1049 276 1089 legitima
289 1063 307 1082 a
320 1053 477 1083 fructibus
488 1054 622 1084 horariis
635 1054 800 1089 excitatur,
822 1055 879 1084 166
895 1066 901 1089 ;

127 1092 295 1131 jusculum
320 1105 359 1125 ex
383 1096 471 1135 pullo
488 1096 591 1126 multa
614 1106 698 1136 aqua
720 1102 818 1131 cocto,
835 1101 901 1126 tam

133 1144 189 1173 per
213 1146 256 1172 os,
274 1148 370 1176 quam
393 1144 538 1169 enemata
562 1139 802 1174 assumendum,
830 1140 900 1174 165,

133 1178 194 1209 577
210 1191 216 1211 ς
239 1186 402 1218 possetum
419 1180 622 1221 locojusculi
643 1181 682 1211 ad
703 1181 900 1212 abluendum

132 1221 334 1252 stomachum
357 1223 498 1254 exhiberi
523 1229 625 1263 potest
652 1224 720 1259 165,
739 1224 820 1259 577;
844 1224 899 1254 de-

131 1261 206 1293 iude
228 1265 459 1304 paregoricum,
480 1267 550 1302 165,
568 1267 629 1299 578
646 1279 652 1302 ς
676 1267 824 1296 vomendi
847 1277 899 1296 co-

132 1314 249 1336 namen
265 1308 419 1346 majorem
435 1308 587 1339 haustum
604 1309 829 1339 medicamenti
845 1320 898 1339 ve-

132 1353 187 1383 tat,
200 1350 262 1381 278
276 1362 282 1384 ;
306 1355 377 1389 post
390 1350 500 1390 longos
513 1352 652 1381 vomitus
665 1356 697 1381 et
709 1352 902 1391 dejectiones

131 1390 158 1420 si
181 1391 331 1422 Medicus
357 1394 528 1423 accersitur
555 1398 691 1431 tantum,
719 1394 903 1433 paregorica

130 1432 219 1463 illico
238 1435 394 1471 exhibeat,
414 1437 484 1472 166,
503 1437 574 1468 578.
621 1437 757 1467 Cholera
772 1437 903 1466 morbus

132 1476 208 1505 anni
225 1477 276 1508 ’76
293 1478 462 1508 atrociores
485 1478 708 1509 convulsiones
728 1484 758 1508 et
774 1479 900 1509 diutur-

131 1518 236 1548 niores
255 1519 376 1555 habuit,
395 1521 467 1557 277,
486 1523 566 1555 278;
603 1521 749 1561 anodyna
773 1521 902 1551 fortiora

132 1566 163 1591 et
179 1562 282 1601 magis
294 1562 426 1602 repetita
439 1563 532 1593 solito
545 1563 701 1603 exigebat,
714 1564 774 1595 278
790 1576 796 1599 ;
812 1564 901 1602 quie-

132 1608 197 1633 tem
214 1605 363 1644 corporis,
380 1616 419 1635 ne
434 1606 574 1636 vomitus
591 1606 629 1636 de
644 1616 725 1636 novo
747 1606 900 1636 excitare-

132 1651 194 1682 tur,
212 1647 283 1679 278.
317 1647 472 1678 Cholerae
488 1649 591 1678 morbi
607 1649 729 1688 species
745 1648 778 1678 in
794 1649 898 1678 infan-

133 1688 219 1719 tibus
244 1700 283 1720 ex
307 1691 481 1721 dentitione
507 1691 559 1721 vel
586 1691 718 1731 crapula
742 1692 901 1730 quomodo

132 1737 272 1768 curetur,
288 1734 360 1765 578.

177 1774 325 1805 CnonssA
349 1775 435 1814 (DE)
462 1776 492 1806 S.
510 1776 604 1812 Vrrr,
629 1777 702 1812 568,
721 1777 792 1806 569.
814 1776 899 1806 Cho-

133 1826 187 1846 rea
216 1817 246 1848 S.
264 1817 332 1847 Viti
359 1823 477 1848 aetates
504 1823 628 1849 teneras
649 1819 801 1854 adoritur,
826 1820 899 1855 495,

133 1860 214 1895 569,
240 1861 310 1899 ejus
335 1870 442 1897 causa,
467 1862 552 1895 495;
576 1862 735 1900 quomodo
761 1868 900 1897 curatur,

133 1902 207 1937 496,
237 1903 276 1932 cf.
305 1904 387 1937 568;
424 1903 564 1934 recidiva
588 1904 746 1942 quomodo
771 1913 900 1943 praeca-

133 1945 246 1980 venda,
275 1946 347 1981 497,
374 1947 455 1981 569;
494 1956 564 1976 raro
589 1946 693 1976 adhuc
723 1946 780 1986 (sc.
807 1946 902 1985 quin-

133 1987 252 2027 quies‚)
271 1988 405 2018 Auctori
421 1988 568 2024 occurrit,
585 1990 658 2018 495.

178 2030 318 2060 Chronici
328 2031 430 2060 morbi
441 2031 573 2070 quinam
586 2035 748 2067 vocentur,
760 2032 810 2065 28,
826 2031 899 2066 42&

134 2072 276 2102 chronici
303 2078 333 2102 et
359 2073 445 2103 acuti
471 2073 503 2103 in
531 2073 722 2113 quibusnam
747 2073 901 2109 differant,

134 2116 185 2149 27,
210 2117 261 2151 28,
278 2116 438 2152 427-30,
463 2116 501 2146 cf.
527 2118 598 2152 470,
616 2117 698 2150 4713
728 2116 901 2146 humorum

133 2157 335 2196 indigestioni
366 2168 456 2188 suam
487 2158 641 2198 originem
671 2159 794 2195 debent,
826 2159 900 2195 427,

133 2202 258 2235 —4295
284 2211 365 2240 quae
382 2201 540 2240 quomodo
562 2201 777 2241 concipienda,
795 2202 902 2231 428—-

133 2244 216 2278 430;
251 2243 400 2283 quodque
420 2244 616 2283 argumentis
638 2243 805 2279 stabilitur,
828 2245 900 2280 429,

133 2287 214 2319 43ος
240 2286 354 2315 modus
369 2296 433 2326 quo
452 2286 639 2326 gignuntur,
653 2286 812 2325 quomodo
832 2291 901 2316 tum

134 2328 369 2368 praeveniendi,
386 2334 455 2358 tum
470 2329 613 2364 curandi,
630 2330 703 2365 429,
721 2330 802 2363 430;
820 2339 899 2368 qua-

132 2370 173 2400 lis
204 2371 330 2400 interim
359 2371 463 2401 diaeta
489 2371 694 2406 observanda,
719 2373 792 2406 432,
821 2373 898 2407 433;

134 2413 275 2443 chronici
311 2423 409 2453 quare
448 2424 509 2443 non
547 2413 641 2444 facile
672 2414 899 2449 describantur,

134 2456 217 2491 307;
243 2456 427 2486 scor-butum
452 2466 543 2496 saepe
570 2456 653 2486 male
679 2456 902 2486 existimantur

134 2508 211 2533 esse,
230 2500 309 2533 259;
334 2499 448 2538 hyeme
463 2498 568 2538 potius
584 2509 681 2538 quam
697 2504 813 2529 aestate
829 2499 898 2537 gig-

134 2547 266 2577 nuntur,
291 2542 370 2576 4293
409 2547 445 2571 ut
468 2547 628 2577 curentur,
655 2541 781 2571 habitus
805 2541 901 2571 totius

135 2584 273 2623 corporis
300 2583 463 2614 immutari
490 2584 591 2619 debet,
618 2585 690 2618 431,
718 2585 791 2619 432,
819 2585 899 2618 440,

134 2626 377 2656 medicamentis
388 2626 462 2656 solis
476 2636 538 2656 non
551 2631 712 2661 curantur,
730 2626 783 2656 sed
800 2625 902 2656 victus

134 2668 213 2698 ratio
229 2679 416 2698 concurrere
431 2669 532 2705 debet,
549 2670 611 2699 432
626 2681 632 2703 3
658 2669 762 2698 herbis
776 2668 899 2698 excale-

134 2710 324 2741 facientibus
340 2721 436 2750 quare
452 2711 554 2742 sanari
570 2711 713 2746 debeant,
731 2713 805 2741 430.

180 2753 319 2793 Chymia
355 2764 520 2793 quousque
555 2754 654 2790 utilis,
688 2754 770 2789 464;
817 2753 901 2793 quod

135 2795 284 2835 chymica
307 2797 435 2826 morbos
460 2806 523 2826 non
550 2797 594 2826 ita
623 2796 702 2826 mire
731 2796 901 2832 debellent,

136 2839 217 2873 373;
257 2839 342 2878 quod
367 2839 515 2879 chymica
545 2839 744 2879 praeparatio
772 2839 903 2868 medici-

134 2890 192 2910 nas
208 2881 375 2912 deteriores
391 2891 485 2921 saepe
500 2882 618 2917 reddat,
633 2882 705 2917 379,
723 2883 794 2912 380.

1651 148 1720 183 621

958 252 1065 277 cortex
1096 246 1211 276 Peruv.
1240 245 1320 276 nihil
1349 246 1489 286 amplius
1521 246 1628 283 efficit,
1658 256 1725 277 rem

958 299 1052 329 saepe
1067 288 1247 323 absolvunt,
1266 290 1346 323 2883
1371 289 1404 318 in
1420 289 1615 327 gonorrhoea
1631 289 1724 320 virul.

958 332 1091 372 quinam
1104 331 1262 366 sumendi,
1280 331 1412 370 quinam
1428 331 1560 367 vitandi,
1577 333 1648 361 315.

1003 374 1177 404 Cicatrices
1207 377 1279 413 post
1306 373 1442 403 variolas
1470 373 1554 403 unde
1582 374 1669 409 fiant,
1695 380 1727 405 et

959 426 1016 446 cur
1032 417 1144 457 primis
1157 416 1270 446 diebus
1286 426 1349 446 non
1365 421 1547 455 appareant,
1565 417 1634 451 122,
1649 418 1726 452 124ς

959 459 1111 489 Auctoris
1127 458 1276 489 methodo
1292 463 1530 498 praecaventur,
1549 460 1609 488 223
1623 471 1629 493 ;
1656 464 1728 498 post

959 501 1094 531 variolas
1107 501 1244 531 anomal.
1259 511 1330 532 ann.
1349 500 1511 536 ’'lo—’72
1525 500 1679 531 foediores
1692 513 1724 532 c-

958 549 1037 579 rant,
1053 545 1122 579 190,
1137 544 1193 574 191
1209 556 1215 579 ;
1231 548 1303 583 post
1314 543 1510 574 confluentes
1521 543 1630 573 foedae
1642 545 1726 575 unde

959 586 1045 622 fiant,
1066 588 1144 621 124;
1169 591 1240 626 post
1262 586 1414 616 discretas
1438 596 1509 616 raro
1535 585 1725 625 relinquun-

959 633 1021 664 tur,
1041 630 1119 664 l22;
1146 628 1304 668 quomodo
1320 628 1576 668 praeveniantur,
1597 629 1667 658 143.

1003 671 1230 701 Circulationis
1262 671 1427 710 sanguinis
1457 670 1726 710 impedimentum

959 724 976 744 a
992 714 1246 744 venae-sectione
1262 714 1295 743 in
1312 714 1452 743 febribus
1468 713 1624 752 neglecta,
1638 715 1688 744 42.

1002 756 1124 787 Clavus
1140 756 1321 796 hystericus
1336 756 1536 791 describitur,
1554 757 1626 791 365,
1643 757 1724 791 373;

958 799 1118 837 quomodo
1142 809 1181 828 ex
1206 799 1378 838 spirituum
1400 798 1588 829 enormitate
1614 808 1726 838 proce-

959 841 1022 877 dat,
1039 841 1111 877 372,
1129 842 1210 876 373;
1236 841 1396 880 quomodo
1412 845 1550 876 curetur,
1568 843 1640 872 581.

1003 883 1140 924 Clyster.
1159 882 1204 922 [v.
1222 883 1365 923 Enema.]

1003 925 1111 962 Cocta,
1128 936 1192 956 non
1215 926 1322 962 cruda,
1339 930 1415 956 sunt
1429 926 1628 962 medicanda,
1655 926 1725 962 157,

959 970 1032 1004 422,
1049 969 1121 999 507.

1002 1010 1221 1050 Cogitationes
1236 1011 1354 1042 nimiae
1375 1010 1556 1051 podagricis
1571 1010 1725 1047 officiunt,

961 1054 1033 1088 331,
1052 1055 1126 1084 332.

1002 1095 1134 1126 Comen
1169 1096 1318 1126 ΒιωοεΑ
1350 1104 1525 1125 ANNoRUM
1562 1095 1725 1132 ’70-’72,

961 1138 1149 1174 194-2035
1187 1138 1242 1169 Da
1279 1138 1413 1169 CochA
1456 1138 1616 1175 BmosA,
1651 1138 1725 1175 576,

1003 1222 1131 1253 Colicae
1155 1222 1287 1254 biliosae
1303 1227 1334 1253 et
1357 1223 1534 1262 hystericae
1556 1233 1653 1263 quam
1676 1223 1724 1253 di-

958 1274 1066 1295 versae
1081 1266 1217 1296 debeant
1228 1276 1296 1296 esse
1308 1266 1496 1302 curationes,
1510 1266 1572 1296 395
1584 1278 1590 1301 ;
1609 1265 1727 1296 colicae

957 1307 1088 1338 biliosae
1106 1308 1284 1349 descriptio,
1305 1309 1375 1345 194,
1392 1308 1472 1344 576;
1498 1318 1604 1344 causa,
1622 1314 1653 1337 et
1669 1318 1725 1338 cu-

958 1350 1048 1387 ratio,
1070 1351 1140 1387 195,
1157 1351 1240 1387 577;
1267 1350 1353 1390 quod
1375 1355 1521 1380 enemata
1535 1350 1587 1380 hic
1604 1350 1726 1380 nullius

958 1393 1022 1423 sint
1049 1403 1137 1430 usus,
1162 1394 1241 1429 197;
1280 1393 1434 1432 equitatio
1457 1393 1492 1422 in
1515 1393 1728 1423 declinatione

957 1434 1115 1472 laudatur,
1136 1437 1214 1471 198;
1244 1435 1356 1471 diaeta,
1376 1436 1454 1470 199;
1480 1435 1637 1465 chronicis
1651 1445 1726 1465 cum

957 1477 1161 1508 adnumerari
1175 1478 1297 1513 debeat,
1315 1488 1412 1517 quare
1435 1478 1520 1507 inter
1543 1483 1653 1508 acutos
1675 1478 1727 1508 hic

957 1520 1164 1556 describatur,
1183 1521 1262 1556 194;
1287 1520 1369 1550 hanc
1383 1530 1540 1560 quaenam
1557 1520 1725 1560 praecede-

956 1567 1026 1592 rent
1051 1567 1276 1602 symptomata,
1303 1563 1381 1598 194;
1411 1572 1578 1601 quosnam,
1605 1568 1636 1592 et
1664 1573 1728 1602 quo

956 1608 1099 1644 tempore
1115 1605 1313 1644 praesertim,
1331 1605 1502 1641 adoriatur,
1519 1606 1594 1640 1943
1620 1615 1659 1635 ex
1673 1605 1727 1645 hy-

956 1648 1070 1677 sterica
1080 1648 1180 1678 aflect.
1190 1652 1267 1683 orta,
1279 1648 1349 1680 372.
1358 1647 1397 1677 cf.
1408 1648 1469 1678 366
1480 1660 1486 1682 ;
1504 1648 1660 1687 quaedam
1672 1647 1727 1687 hy-

956 1690 1088 1720 stericae
1108 1690 1208 1720 affect.
1225 1701 1334 1720 merus
1349 1690 1491 1725 effectus,
1513 1692 1593 1726 200;
1622 1691 1660 1720 ab
1680 1701 1726 1726 ea,

957 1742 1052 1771 quam
1066 1733 1224 1773 hysterica
1234 1733 1335 1763 affect.
1346 1732 1654 1772 simulat,exqu.isite
1664 1733 1729 1762 dis-

956 1775 1133 1815 tinguenda
1148 1776 1182 1805 in
1195 1776 1368 1810 curatione,
1386 1777 1459 1811 395,
1477 1776 1535 1810 96;
1561 1786 1579 1805 a
1594 1775 1724 1815 nephri-

956 1818 1019 1847 tico
1035 1818 1142 1848 dolore
1162 1818 1320 1857 quomodo
1342 1818 1568 1857 distinguatur,
1587 1819 1668 1853 576;
1693 1818 1727 1848 in

957 1860 1084 1890 iliacam
1107 1861 1288 1900 passionem
1305 1860 1398 1890 facile
1414 1860 1537 1895 transit,
1555 1862 1625 1896 195,
1644 1861 1725 1896 5763

957 1902 990 1932 in
1003 1903 1167 1932 curatione
1183 1903 1367 1942 anodynum
1383 1903 1554 1942 aliquando
1573 1903 1725 1942 praemit-

958 1945 1091 1974 tendum
1114 1950 1162 1975 est
1182 1945 1365 1980 cathartico,
1385 1946 1463 1980 196;
1488 1946 1635 1985 anodyna
1655 1951 1728 1985 post

958 1987 1127 2022 catharsin,
1145 1991 1176 2017 et
1198 1987 1309 2017 diebus
1332 1987 1415 2017 inter
1437 1988 1652 2027 purgationes,
1669 1998 1724 2018 ex-

958 2029 1104 2065 hibenda,
1125 2031 1195 2064 195,
1212 2030 1271 2065 96;
1296 2030 1424 2069 quando
1446 2030 1644 2060 ventriculus
1668 2041 1724 2070 zy-

958 2072 1086 2111 thogala
1105 2073 1146 2102 sit
1167 2072 1348 2108 diluendas,
1368 2073 1438 2108 195,
1455 2073 1535 2107 5773
1561 2073 1649 2103 dolor
1671 2073 1726 2102 ubi

957 2115 1126 2150 recidivus,
1154 2115 1338 2154 paregorico
1365 2115 1415 2145 his
1439 2115 1478 2145 de
1505 2115 1555 2145 die
1583 2115 1726 2145 exhibito

957 2157 1177 2196 praevertitur,
1198 2157 1277 2192 1983
1303 2157 1404 2187 colica
1426 2157 1540 2187 biliosa
1563 2168 1626 2187 non
1646 2158 1726 2188 bene

957 2204 1099 2235 tractata,
1117 2200 1143 2229 si
1164 2199 1300 2239 languor
1318 2200 1407 2230 adest
1428 2205 1460 2230 et
1481 2200 1609 2236 macies,
1626 2211 1723 2240 quae-

958 2252 1030 2272 nam
1047 2242 1235 2277 exhibenda,
1256 2243 1325 2278 199,
1342 2242 1414 2275 577.

1001 2285 1111 2315 Colica
1131 2285 1348 2324 hypochondr.
1371 2285 1482 2315 eodem
1505 2285 1600 2315 modo
1623 2286 1725 2316 conci-

956 2327 1044 2367 pitur
1058 2333 1090 2358 et
1106 2333 1236 2358 curatur
1251 2338 1286 2358 ac
1303 2327 1404 2358 colica
1417 2327 1547 2368 hyster„
1561 2330 1634 2364 202,
1651 2330 1724 2364 203,

958 2372 1030 2400 582.

1001 2413 1133 2442 Comes
1156 2411 1243 2452 (Di-2)
1269 2411 1486 2450 Hrsramcn,
1503 2413 1577 2450 581;
1594 2414 1666 2443 582.
1685 2413 1724 2444 cf.

1001 2497 1129 2528 Colicae
1152 2497 1330 2537 hystericae
1351 2496 1532 2538 descriptio,
1550 2499 1622 2534 200,
1639 2499 1699 2528 581
1716 2511 1723 2534 3

957 2540 1102 2580 anodyno
1118 2540 1256 2576 sedatur,
1273 2539 1451 2570 interdictis
1467 2540 1725 2570 venae-sectione

957 2587 988 2611 et
1011 2583 1159 2619 catharsi,
1176 2583 1235 2612 201
1253 2595 1259 2618 ;
1285 2582 1346 2612 nisi
1366 2582 1400 2612 in
1420 2583 1514 2613 valde
1529 2583 1724 2623 sanguineis,

957 2626 1035 2660 202;
1065 2635 1158 2665 saepe
1185 2625 1302 2655 desinit
1325 2624 1358 2654 in
1385 2625 1492 2662 ictero,
1521 2626 1602 2661 202;
1631 2625 1724 2665 cujus

957 2667 1078 2697 curatio
1103 2667 1286 2702 ostenditur,
1305 2668 1386 2701 2033
1418 2668 1458 2698 ad
1481 2678 1624 2707 unguem
1646 2668 1724 2698 coli-

958 2720 1028 2739 cam
1064 2709 1212 2740 biliosam
1238 2710 1344 2745 refert,
1362 2711 1441 2746 200;
1481 2720 1637 2749 quasnam
1665 2710 1724 2740 ali-

959 2752 1085 2791 quando
1109 2752 1279 2792 praecipue
1310 2752 1460 2782 mulieres
1489 2753 1616 2789 afficiat,
1640 2754 1724 2789 200;

959 2805 977 2824 a
1008 2795 1181 2834 spirituum
1216 2792 1326 2834 ἀταξίᾳ
1358 2800 1390 2824 et
1420 2795 1598 2825 inordinato
1635 2800 1725 2826 motu

959 2837 1156 2877 producitur,
1173 2838 1245 2873 201,
1260 2838 1340 2872 202;
1373 2838 1498 2877 proprie
1514 2843 1562 2868 est
1582 2838 1725 2874 affectus,

960 2879 1021 2910 coli
1043 2886 1147 2919 partes
1169 2880 1349 2920 adjacentes
1371 2890 1541 2920 occupans,
1561 2882 1642 2916 200;
1669 2881 1723 2911 do-

180 2923 252 2954 Cibi
279 2925 408 2965 eupepti
435 2925 468 2955 in
492 2925 632 2955 febribus
656 2924 833 2960 intermitt„
850 2923 905 2953 ubi
931 2935 934 2956 i
961 2923 1008 2952 lor
1035 2922 1107 2953 licet
1140 2923 1310 2953 vehemens
1334 2922 1366 2953 in
1390 2933 1436 2959 eo,
1460 2923 1588 2954 nullum
1619 2928 1725 2954 tamen
