1985 3308
203 258 256 288 DE
275 257 364 288 Pon-

231 310 334 331 AGRA.

191 870 265 902 Quo
283 876 376 910 pacto

189 912 245 943 fiat
263 919 299 943 ut
314 924 365 944 ae-

188 966 245 995 ger
261 966 334 986 con—

186 998 292 1029 festim
301 1010 375 1029 eon-

189 1041 339 1079 valescat,

187 1084 242 1114 sed
259 1095 374 1125 poenas

187 1127 339 1167 imposte-

189 1180 261 1199 rum
281 1170 319 1200 ab

188 1211 375 1253 ἀταξίᾳρεη-

188 1256 239 1285 det
256 1257 348 1286 diris-

187 1298 295 1329 simas.

190 1356 320 1387 Quibus

187 1400 371 1430 nominibus

187 1442 319 1472 sudores

187 1485 343 1516 officiunt.

394 145 480 185 422
802 144 1060 186 THOMAE
1101 143 1444 186 SYDENHAM

395 250 589 305 Podagra
622 250 688 292 vel
721 250 975 291 levissimam
1011 249 1242 304 quamlibet
1277 248 1596 290 evacuationem
1629 247 1718 290 fere
1753 247 1852 290 sub-

394 324 622 373 sequatur,
673 319 877 359 dissoluto
917 319 1031 359 enim
1078 318 1261 371 corporis
1300 322 1416 376 tonO,
1458 330 1586 370 quem
1625 317 1852 370 spirituum

393 387 585 438 firmitas,
610 387 713 428 dum
732 387 779 427 in
798 387 941 440 vigore
963 400 1039 426 suo
1066 385 1315 439 persistunt,
1335 384 1418 425 rite
1439 388 1709 438 compactum
1727 399 1851 439 vege-

391 460 570 509 tumque
591 459 741 505 servat,
762 454 942 495 materia
961 467 1140 507 peccans
1162 452 1282 506 quasi
1303 452 1505 505 disruptis
1525 452 1738 506 repagulis
1760 453 1852 507 Jam

392 523 457 564 sui
480 523 587 577 juris
609 527 686 574 est,
709 527 836 576 atque
864 521 916 562 ab
945 521 1024 562 hac
1051 521 1177 575 plaga
1197 520 1362 575 corpori
1387 520 1550 561 inflicta
1576 533 1851 574 paroxysmus

392 592 536 633 statim
558 591 757 632 exoritur.

456 659 564 713 [25]
602 660 662 699 At
683 672 779 699 vero
807 657 912 698 haec
935 657 1026 710 ipsa
1053 656 1290 707 methodus,
1311 660 1411 697 utut
1435 655 1672 710 perniciosa
1700 669 1750 697 ac
1775 670 1851 697 no-

392 741 503 778 cens,
526 727 802 767 nihilominus
830 725 1040 779 empiricis
1069 725 1336 778 quibusdam,
1360 725 1431 778 qui
1458 724 1741 765 catharticum
1768 739 1852 778 quo

391 794 626 835 utebantur
646 794 1004 834 medicamentum
1027 797 1167 834 astute
1189 806 1336 834 omnes
1358 793 1564 843 celarunt,
1581 792 1699 833 haud
1718 792 1852 833 medi-

392 877 532 904 ocrem
568 861 924 903 existimationem
959 861 1210 902 conciliavit.
1272 860 1596 902 Observandum
1627 865 1690 902 est
1721 860 1850 910 enim,

394 930 518 984 quod,
540 930 794 984 purgatione
815 934 1026 980 currente,
1050 943 1174 982 aeger
1194 929 1260 970 vel
1281 943 1369 969 non
1393 929 1569 970 omnino
1590 928 1656 969 vel
1675 928 1852 969 remisse

393 997 623 1038 admodum
645 997 770 1048 dolet,
793 1002 849 1048 et,
872 997 906 1037 si
930 997 1133 1038 catharsis
1161 997 1214 1037 ad
1241 997 1382 1050 plures
1404 996 1492 1037 dies
1512 996 1689 1050 produci
1710 1000 1851 1050 queat,

392 1067 510 1107 nullo
545 1065 868 1120 superveniente
898 1079 1148 1119 paroxysmo
1178 1065 1352 1116 recenti,
1385 1078 1510 1118 aeger
1539 1064 1763 1105 confestim
1798 1064 1851 1105 ab

392 1148 454 1185 eo,
487 1149 569 1188 quo
595 1135 686 1188 jam
720 1139 905 1184 tenetur,
938 1133 1223 1174 convalescet:
1266 1147 1412 1174 verum
1449 1132 1660 1173 enimvero
1694 1146 1852 1186 poenas

391 1203 668 1256 imposterum
683 1203 841 1257 pendet
858 1202 1087 1243 dirissimas
1109 1202 1161 1243 ab
1183 1200 1337 1257 ἀταξίᾳ
1355 1202 1401 1242 111
1423 1215 1550 1256 quam
1567 1201 1681 1242 dicta
1699 1201 1851 1242 humo-

390 1286 486 1312 rum
508 1272 735 1325 exagitatio
756 1271 970 1312 Naturam
992 1270 1267 1325 praecipitem
1288 1270 1389 1323 egit.

456 1340 564 1394 [26]
602 1340 813 1393 Denique,
835 1339 1038 1380 materiae
1064 1338 1278 1392 peccantis
1313 1352 1388 1391 per
1419 1337 1592 1379 sudores
1620 1337 1850 1388 evacuatio,

390 1409 488 1449 licet
518 1408 743 1462 praedietis
775 1407 1120 1450 evacuationibus
1151 1407 1294 1447 minus
1325 1407 1492 1456 officiat,
1514 1406 1674 1459 liquido
1704 1410 1852 1447 tamen

391 1476 555 1516 officere
577 1475 765 1516 cernitur
780 1491 792 1524 ς
835 1474 1024 1527 quamvis
1046 1473 1161 1514 enim
1181 1473 1319 1514 morbi
1339 1473 1532 1514 fomitem
1553 1487 1640 1514 non
1661 1474 1852 1514 retrahat

391 1546 437 1586 111
457 1546 626 1595 viscera,
650 1544 723 1585 sed
754 1557 776 1584 6
807 1548 956 1584 contra
985 1543 1031 1583 in
1061 1543 1244 1596 corporis
1275 1542 1471 1583 habitum
1502 1543 1720 1596 propellat,
1743 1548 1852 1584 atta-

391 1627 490 1654 men
510 1613 576 1653 his
598 1613 747 1652 saltem
777 1610 1022 1652 nominibus
1053 1610 1197 1651 obest:
1230 1610 1373 1651 Primo
1396 1610 1579 1664 quidem,
1603 1611 1716 1664 quod
1737 1616 1856 1653 extra

390 1695 690 1735 paroxysmum
711 1680 910 1720 humores
939 1678 1078 1719 adhuc
1106 1678 1270 1729 crudos,
1293 1684 1335 1719 ct
1362 1678 1556 1719 nondum
1576 1679 1637 1719 ita
1658 1679 1855 1720 subactos

392 1755 440 1790 ut
461 1749 541 1790 rite
563 1747 745 1802 separari
774 1747 969 1796 debeant,
993 1746 1113 1799 quasi
1136 1747 1177 1786 vi
1199 1746 1382 1800 quadam
1410 1746 1623 1800 protrudit
1651 1747 1698 1787 in
1723 1753 1854 1798 artus,

392 1823 520 1871 atque
551 1831 600 1858 eo
632 1821 755 1870 pacto
788 1820 1063 1856 cunctantem
1095 1828 1398 1868 paroxysminn
1429 1820 1529 1855 ante
1560 1815 1686 1866 diem,
1716 1821 1757 1856 et
1788 1816 1856 1856 vel

391 1886 525 1926 invita
550 1885 731 1934 Natura,
755 1884 951 1924 sollicitat
965 1900 976 1934 3
1008 1882 1189 1932 Deinde,
1213 1883 1327 1936 quod
1357 1882 1522 1923 sudoris
1548 1883 1789 1936 provocatio
1810 1884 1856 1924 in

391 1956 482 2008 ipso
502 1967 752 2008 paroxysmo
773 1952 997 1993 materiam
1018 1951 1280 1991 morbificam
1296 1950 1423 1991 nimis
1439 1951 1644 1992 violenter
1664 1951 1710 1992 in
1731 1952 1856 1993 affec-

390 2028 485 2063 111111
506 2021 746 2062 membrum
772 2020 982 2074 impingat
1010 2020 1250 2074 adigatque,
1274 2019 1462 2061 dolorem
1493 2020 1620 2061 simul
1641 2021 1856 2062 adducens

390 2093 506 2133 haud
535 2091 828 2141 tolerandum3
865 2096 921 2141 et,
945 2091 980 2131 si
1010 2091 1146 2144 major
1177 2090 1230 2130 sit
1260 2091 1463 2131 materiae
1493 2091 1707 2144 peccantis
1736 2091 1857 2145 copia

391 2176 518 2215 qnam
539 2166 588 2201 ut
609 2174 704 2214 pars
727 2159 878 2200 affecta
899 2173 992 2199 eam
1011 2164 1137 2212 queat
1159 2158 1396 2210 admittere,
1418 2159 1535 2199 illam
1556 2174 1655 2201 mox
1675 2160 1721 2199 in
1738 2164 1856 2201 artus

391 2230 492 2270 alios
515 2228 726 2278 deturbat,
748 2227 863 2268 unde
885 2241 1105 2279 orgasmus
1132 2227 1297 2267 interea
1324 2231 1451 2280 atque
1476 2227 1628 2281 ingens
1648 2232 1738 2268 tam
1759 2242 1854 2268 san-

393 2298 533 2351 guinis
555 2311 683 2351 quam
704 2300 966 2336 caeterorum
988 2295 1217 2336 humorum
1249 2294 1440 2336 ebullitio
1462 2295 1547 2336 sive
1569 2296 1829 2337 exaestuatio
1841 2313 1854 2346 ς

395 2366 429 2406 si
450 2380 547 2406 vero
575 2379 726 2417 corpus
754 2363 929 2404 colluvie
958 2376 1097 2404 serosa
1123 2362 1341 2416 Podagrae
1363 2363 1629 2416 generandae
1660 2369 1759 2418 apta
1782 2364 1854 2405 ad-

394 2434 569 2474 modinn
591 2436 762 2482 scateat,
784 2430 1064 2471 metuendum
1085 2434 1147 2471 est
1169 2443 1223 2470 116
1248 2430 1464 2483 apoplexia
1484 2431 1670 2484 ingruat.
1739 2431 1847 2486 [27]

396 2501 685 2543 Quamobrem
705 2500 750 2539 in
770 2499 850 2539 hoc
871 2498 1027 2538 affectu
1047 2497 1237 2551 (perinde
1259 2512 1306 2538 ac
1326 2498 1372 2538 in
1394 2499 1570 2539 caeteris
1591 2499 1788 2540 omnibus
1809 2500 1856 2540 in

394 2570 547 2623 quibus
569 2569 742 2610 sudores
773 2567 875 2608 artis
903 2581 981 2620 ope
1015 2566 1296 2607 sollicitantm·
1324 2566 1377 2607 ad
1398 2567 1701 2608 eliminandam
1721 2573 1856 2610 mate-

393 2639 499 2678 riam
521 2637 795 2687 morbificam,
817 2650 905 2676 non
933 2648 1029 2675 vero
1049 2634 1245 2675 Naturae
1267 2634 1399 2675 ductu
1419 2635 1666 2689 profluunt,)
1691 2635 1855 2689 pericu-

394 2708 650 2748 losissimum
691 2711 754 2747 est
795 2704 963 2745 eosdem
1011 2704 1138 2744 nimis
1178 2704 1395 2755 violenter,
1437 2710 1564 2758 atque
1603 2705 1716 2745 ultra
1756 2719 1855 2746 eum

397 2776 598 2816 coctionis
635 2774 815 2828 gradum
853 2773 907 2813 ad
943 2787 1069 2826 quem
1104 2772 1303 2813 humores
1334 2773 1564 2814 evacuandi
1594 2787 1671 2813 sua
1705 2778 1856 2826 sponte

398 2844 678 2896 pervenerint,
701 2843 874 2892 elicere,
907 2847 949 2882 et
981 2841 1276 2882 celeberrimus
1304 2841 1384 2882 iste
1413 2841 1685 2894 Hippocratis
1709 2842 1856 2896 Apho-

400 2911 561 2961 risnius,
587 2910 783 2964 [Πέπονα
806 2908 1086 2964 φαρμακεύειν
1107 2907 1176 2949 καὶ
1197 2907 1355 2958 κινέειν,
1376 2908 1435 2960 μὴ
1456 2907 1561 2960 ὠμά,
1583 2909 1610 2949 i.
1626 2909 1681 2963 e.]
1715 2911 1852 2960 Cocta,
