1985 3308
390 137 475 177 578
801 138 1059 179 ΤΗΟΜΑΕ
1094 139 1436 180 SYDENHAM

252 252 305 282 Dn
391 241 514 284 horas
548 244 628 285 sibi
661 245 885 298 vendicat,)
925 245 1222 299 paregoricum
1255 245 1466 286 curationi
1502 245 1747 287 coronidem
1776 245 1855 286 im-

192 295 366 325 CHOLERA
481 312 488 319 -

207 338 349 369 Monsso.
390 317 524 366 ponlt.

186 386 341 438 {segma
456 379 535 434 [4.]
576 380 621 420 Si
651 395 739 421 non
770 380 991 421 accesserit
1024 380 1223 422 Medicus
1257 380 1341 422 nisi
1373 385 1601 436 postquam
1633 395 1758 435 aeger
1784 394 1855 422 vo-

186 447 337 514 ἓξὲξ-ς
391 448 501 489 mitu
522 454 564 489 et
586 449 893 503 dejectionibus
920 462 996 502 per
1015 448 1173 489 multas
1200 449 1325 490 horas
1353 450 1614 490 continuatis
1635 449 1764 490 fuerit
1785 463 1855 490 ex·

187 532 287 563 sante,
305 527 344 556 ad
391 516 582 567 haustus,
625 522 667 557 et
703 517 792 570 jam
827 516 1059 570 frigescant
1099 517 1392 558 membrorum
1427 523 1630 568 extrema,
1667 524 1762 559 tum
1803 517 1856 559 ad

187 569 363 642 lrzpzlaarcffin
391 585 625 626 laudanum
652 584 864 638 liquidum
892 585 1229 639 confugiendum
1257 591 1321 627 est
1351 587 1398 626 in
1422 587 1548 640 paulo
1575 586 1727 641 majori
1751 585 1855 637 dosi,

188 655 378 694 fugiendum
397 654 605 707 (videlicet
637 653 812 694 laudani
855 653 1006 708 liquidi
1047 658 1192 708 guttas
1227 655 1381 708 viginti
1415 655 1602 709 quinque
1641 655 1688 695 in
1723 668 1859 709 aquae

187 703 242 729 est*
393 721 653 763 cinnamomi
684 721 806 763 fortis
839 722 967 763 uncia
1001 737 1088 763 una
1102 723 1129 775 3)
1165 727 1221 773 et,
1251 737 1349 763 cum
1378 723 1634 764 cessaverint
1669 727 1856 778 sympto-

392 797 520 840 mata,
543 790 821 831 nihilominus
849 805 976 832 mane
1004 795 1047 831 et
1076 805 1168 832 sero
1191 791 1380 845 quotidie
1408 796 1471 832 est
1492 791 1773 846 repetendum
1797 791 1857 844 (at

392 859 438 898 in
458 857 615 899 minori
636 858 755 912 dosi,)
782 859 916 900 donec
936 859 1136 913 pristinas
1157 859 1265 900 vires
1286 859 1506 913 receperit.

190 935 348 1008 Spegffsn
459 927 537 982 [5.]
570 928 648 968 Est
670 928 829 982 species
852 927 1060 981 quaedam
1079 927 1289 969 Cholcrae
1310 928 1456 969 Morbi
1477 928 1715 969 infantibus
1736 926 1858 968 valde

190 989 252 1018 qua
296 989 323 1008 a1

189 1022 363 1051 infantibus

189 1064 364 1096 familiaris.
394 1064 603 1118 originem
624 1064 798 1105 ducens.

459 1133 537 1187 [6.]
573 1133 740 1173 Horum
761 1137 877 1174 aetas
904 1133 1063 1174 tenella
1090 1133 1267 1174 minime
1297 1134 1380 1175 fert
1409 1138 1460 1175 ut
1489 1133 1678 1175 diluatur
1701 1133 1858 1174 ventri-

392 995 625 1046 familiaris,
649 1010 697 1036 ac
725 1010 1028 1050 saepenumero
1055 996 1239 1047 funesta,
1262 1011 1313 1037 ex
1341 996 1578 1038 dentitione
1599 997 1664 1038 vel
1687 995 1860 1050 crapula
1923 1046 1927 1050 .

393 1201 513 1242 culus
544 1201 662 1254 larga
691 1201 907 1255 liquorum
936 1202 1168 1255 potatione,
1195 1202 1333 1243 multo
1363 1201 1506 1242 minus
1536 1206 1586 1243 ut
1617 1201 1860 1243 catharticis
1922 1223 1927 1260 3

391 1270 606 1311 tumultus
628 1271 763 1325 major
782 1271 829 1311 in
848 1270 1100 1312 humoribus
1123 1270 1332 1312 excitetur
1344 1288 1355 1321 ;
1388 1271 1462 1311 sed
1483 1271 1748 1312 curationem
1767 1271 1860 1311 lau-

392 1338 503 1379 dano
524 1338 611 1379 solo
633 1338 807 1392 aggredi
832 1343 1021 1393 oportet:
1055 1339 1334 1393 quamobrem
1356 1344 1500 1393 guttas
1529 1339 1647 1389 duas,
1668 1343 1770 1389 tres,
1792 1338 1859 1379 vel

392 1410 587 1460 quatuor,
610 1407 675 1447 vel
695 1407 849 1461 plures,
872 1421 948 1461 pro
978 1407 1144 1449 ratione
1175 1408 1341 1458 aetatis,
1364 1407 1572 1449 cochleari
1592 1421 1680 1448 uno
1701 1406 1858 1448 cerevi-

392 1474 477 1515 siae
507 1474 662 1525 tenuis,
684 1475 750 1516 vel
781 1490 914 1529 aquae
945 1475 1128 1530 cujusvis
1159 1476 1464 1530 appropriatae,
1486 1475 1718 1516 instillatae
1739 1474 1857 1516 exhi-

391 1542 587 1593 beantur,
609 1548 944 1596 repetanturque
965 1548 1015 1585 ut
1036 1558 1140 1597 opus
1161 1544 1305 1585 fuerit.

979 1667 1104 1708 CAP.
1137 1668 1278 1709 XXV.

886 1742 949 1781 De
975 1742 1111 1782 Colica
1133 1743 1363 1782 Pictonum.

189 1824 277 1873 Quid
297 1825 335 1854 sit
450 1815 537 1855 Esr
570 1814 728 1868 species
765 1814 974 1868 quaedam
1013 1813 1198 1866 Colicae,
1234 1828 1340 1869 quae
1376 1814 1634 1868 degenerare
1670 1815 1777 1856 solet
1812 1815 1860 1856 in

188 1873 344 1941 ffi}¹¹¹⁰r'
392 1882 607 1936 paralysin
638 1888 680 1923 et
712 1888 854 1923 motus
886 1883 1175 1924 omnimodam
1205 1898 1414 1924 manuum
1445 1897 1494 1924 ac
1523 1883 1682 1938 pedum
1710 1883 1859 1938 depra-

393 1951 621 2001 vationem,
648 1952 790 2004 (quam
809 1951 890 1992 hoc
910 1950 1084 1992 nomine
1106 1950 1300 1991 Riverius
1320 1950 1367 1991 in
1395 1950 1546 2004 [Praoe.
1568 1951 1684 1991 Med.
1707 1951 1780 1991 lib.
1802 1951 1852 2005 i.]
1916 1983 1918 1986 .

395 2033 484 2073 cap.
511 2019 590 2073 [5.]
618 2021 683 2060 De
704 2021 901 2073 Paralysz·
922 2019 1154 2073 indigitat,)
1180 2025 1222 2060 et
1245 2019 1358 2073 apud
1379 2019 1539 2059 insulas
1562 2019 1767 2060 Caribum
1782 2033 1859 2060 no·
1908 2016 1910 2018 ’

394 2088 560 2129 tissima
580 2094 657 2139 est,
679 2093 827 2143 utpote
850 2103 958 2143 quae
979 2103 1182 2143 magnam
1202 2088 1287 2129 vim
1307 2088 1531 2130 hominum
1551 2087 1741 2130 infestat.

191 2168 362 2198 Commo.
456 2157 587 2198 Hunc
609 2157 797 2198 dolorem
826 2158 1137 2199 atrocissimum
1166 2162 1288 2198 sanat
1315 2157 1555 2198 balsamum
1576 2156 1862 2198 Peruvianum

395 2225 641 2278 frequenter
662 2239 709 2266 ac
729 2225 775 2266 in
795 2240 954 2279 magna
976 2225 1066 2267 dosi
1088 2225 1325 2266 exhibitum
1332 2242 1343 2275 ς
1369 2239 1524 2279 nempe
1545 2225 1580 2266 si
1601 2226 1690 2280 eJus
1712 2229 1861 2280 guttae

394 2293 560 2346 viginti,
582 2293 775 2347 triginta,
796 2294 862 2334 vel
889 2293 1184 2348 quadraginta,
1208 2293 1397 2334 sacchari
1422 2293 1627 2334 albissimi
1653 2294 1863 2336 cochleari
1908 2318 1910 2321 ·

396 2376 483 2402 uno
503 2362 779 2413 instillentur,
802 2367 845 2403 et
875 2362 940 2403 bis
970 2363 1036 2403 vel
1065 2366 1132 2403 ter
1161 2362 1208 2403 in
1239 2361 1306 2403 die
1337 2362 1507 2403 dentur.
1568 2364 1629 2404 At
1658 2363 1862 2418 paralysis
1908 2357 1910 2362 ¹
1948 2404 1951 2436 2

397 2429 496 2470 huic
516 2429 704 2471 remedio
724 2430 841 2471 haud
861 2430 987 2471 cedit.

959 2550 1086 2590 CAP.
1119 2549 1308 2590 XXVI.0

906 2624 970 2663 De
989 2624 1122 2663 Iliaca
1145 2624 1356 2663 Passione.

198 2712 286 2743 Quid
303 2713 341 2742 sit
457 2698 812 2738 PERISTALTICUS
843 2697 1146 2738 intestinorum
1179 2702 1321 2738 motus
1350 2696 1577 2737 invertitur
1591 2713 1603 2746 3
1639 2695 1864 2750 propinata

197 2762 256 2784 lStC
273 2766 356 2785 11101‘-

399 2765 632 2806 cathartica
662 2770 704 2806 et
734 2765 894 2819 injecta
924 2769 1122 2806 enemata
1151 2765 1198 2805 in
1230 2765 1410 2806 emetica
1439 2764 1584 2806 statim
1610 2769 1862 2819 transeunt3
1910 2766 1922 2822 '¹

401 2832 482 2871 alvi
501 2832 639 2874 faeces
659 2847 734 2886 per
754 2832 963 2873 vomitum
983 2833 1247 2887 rejiciuntur.

647 2924 662 2937 ⁰
689 2917 736 2947 Cf.
758 2919 877 2948 observ.
898 2918 978 2948 Med.
998 2918 1016 2947 i.
1035 2919 1062 2947 4·-
1085 2919 1122 2947 53
1141 2928 1206 2957 sq.:
1234 2919 1337 2947 Sclwd.
1358 2918 1464 2948 Monit.
1484 2919 1509 2948 I.
1529 2919 1543 2955 §
1563 2918 1602 2947 29
1620 2927 1666 2956 sq.

198 2798 264 2827 bus.
