1985 3308
393 153 479 192 460
811 155 1069 198 THOMAE
1103 157 1446 200 SYDENHAM

214 268 267 297 De
287 267 359 297 ΗΥ-
394 273 473 313 ego
501 261 646 314 syrupi
671 261 876 315 praedicti
905 264 1076 304 unciam
1106 278 1239 304 unam
1264 268 1364 304 ante
1390 264 1630 318 prandium,
1654 265 1726 320 qui
1746 270 1853 308 tunc

227 319 352 340 naorn.
393 341 485 369 mos
520 328 721 378 obtinuit,
761 330 946 372 exhibui.
1028 331 1155 372 Credi
1193 331 1262 371 xix
1300 336 1442 384 potest
1483 346 1611 385 quam
1649 347 1853 387 magnam

394 411 600 450 aquarum
622 398 708 438 vim
731 413 806 453 per
837 399 979 440 sedem
1006 399 1260 450 deturbavit,
1281 399 1411 453 idque
1440 400 1560 441 nullo
1581 401 1764 442 excitato
1784 407 1854 443 tu-

394 464 546 515 multu,
569 465 727 519 absque
747 466 836 506 ulla
855 466 1007 506 virium
1035 480 1184 519 aegrae
1207 466 1375 520 jactura
1387 484 1399 518 ς
1432 467 1545 521 quod
1565 468 1671 508 mihi
1692 469 1854 510 animos

396 534 570 584 addidit,
591 539 641 575 ut
663 535 847 575 eundem
864 534 1052 588 quotidie
1071 539 1320 588 repeterem,
1342 535 1425 576 nisi
1446 536 1559 589 quod
1585 536 1698 577 diem
1717 550 1855 577 unum

396 601 628 642 alterumve
657 602 899 643 intercalari
927 606 1106 655 paterer,
1129 601 1335 656 siquando
1361 603 1490 656 paulo
1514 603 1722 644 infirmior
1740 603 1854 645 vide-

395 674 536 711 retur:
590 675 716 724 atque
751 670 812 711 ita
851 670 970 724 aquis
1012 669 1169 711 sensim
1209 670 1385 721 eductis,
1421 676 1570 712 venter
1608 671 1745 713 indies
1783 672 1854 713 de-

396 738 568 788 tumuit,
589 739 763 792 ipsaque
793 752 964 792 prorsus
992 739 1217 780 convaluit.
1281 738 1390 794 [14]
1429 740 1522 793 Ego
1547 741 1702 782 fiducia
1729 741 1856 795 plane

393 805 571 858 juvenili
596 811 723 858 atque
747 806 932 846 hominis
956 806 1178 860 inexperti,
1201 807 1424 848 credebam
1449 822 1518 849 me
1539 808 1748 862 ejusmodi
1766 822 1856 850 me·

399 872 591 913 dicamen
611 873 837 925 possidere,
861 887 944 927 quo
971 873 1197 928 Hydropes
1220 889 1494 929 quoscunque
1520 889 1688 929 possem
1716 875 1856 917 debel—

397 941 497 981 lare.
560 941 724 982 Verum
748 941 992 996 hujusmodi
1013 943 1164 984 erroris
1190 943 1305 984 intra
1324 958 1478 997 paucas
1506 944 1762 998 septimanas
1785 944 1857 985 ad-

397 1009 627 1050 monebar:
673 1023 771 1050 cum
799 1010 915 1050 enim
946 1025 1036 1051 non
1065 1011 1126 1052 ita
1156 1011 1230 1051 diu
1263 1015 1359 1065 post
1390 1011 1444 1052 ad
1474 1011 1600 1053 aliam
1629 1011 1858 1052 foeminam

332 1124 338 1130 ,
399 1077 547 1118 eodem
579 1077 728 1118 morbo
767 1078 1046 1130 laborantem,
1082 1079 1154 1134 qui
1188 1079 1295 1120 febri
1328 1085 1561 1134 quartanae
1602 1080 1859 1122 diuturniori

192 1125 381 1197 gatffiffisssff
399 1151 712 1200 supervenerat,
749 1147 1005 1188 medicinam
1039 1147 1231 1188 facturus
1267 1149 1523 1200 accederem,
1565 1149 1751 1190 eundem
1790 1163 1858 1203 sy-

192 1210 379 1282 }glsnsslffim
398 1228 554 1268 rupum
593 1214 840 1268 propinan‘3
883 1229 965 1269 quo
1001 1215 1166 1269 saepius
1205 1217 1401 1270 repetito,
1434 1222 1477 1257 et
1517 1216 1607 1257 dosi
1649 1216 1860 1270 gradatim

192 1295 273 1324 bona
289 1305 346 1325 eu-
399 1286 536 1332 aucto,
567 1281 767 1322 morbum
796 1282 1053 1323 lacessebam
1065 1300 1077 1333 3
1111 1289 1154 1325 at
1182 1297 1280 1324 cum
1308 1298 1514 1337 aquarum
1542 1284 1860 1325 evacuationem

193 1337 305 1376 phoria
316 1348 379 1368 ¹¹⁰¹¹
397 1349 556 1390 frustra
589 1354 815 1400 tentarem,
852 1351 1036 1391 catharsi
1075 1365 1164 1392 non
1203 1352 1472 1405 procedente,
1511 1356 1679 1392 tumore
1715 1355 1860 1392 autem

193 1381 373 1419 peragenti-

194 1422 267 1493 ξμς,
283 1422 366 1495 for-t
397 1418 556 1458 ventris
588 1418 725 1471 magis
757 1423 896 1469 aucto,
923 1418 1104 1460 missum
1135 1433 1203 1460 me
1227 1419 1328 1461 fecit
1357 1434 1495 1473 aegra,
1523 1424 1650 1473 atque
1682 1419 1857 1460 alterius

209 1475 275 1494 lora
291 1475 350 1494 SUI]

192 1508 363 1537 tentanda:
398 1485 558 1526 Medici
579 1499 669 1539 ope,
688 1486 761 1539 qui
781 1486 969 1527 remedia
985 1486 1216 1528 efficaciora
1229 1487 1436 1538 adhibuit,
1455 1487 1505 1540 (si
1524 1487 1634 1528 bene
1650 1486 1856 1540 memini,)

192 1550 279 1621 iffi?
287 1550 362 1632 ἔτιέ-
399 1554 627 1595 sanitatem
648 1555 819 1608 recepit.

192 1634 294 1664 batur.
463 1623 571 1677 [15.]
600 1623 689 1664 Ubi
711 1623 842 1677 igitur
863 1623 1113 1673 constiterit,
1131 1637 1307 1677 aegrum
1328 1637 1377 1664 eo
1395 1636 1482 1664 esse
1504 1622 1687 1676 corporis
1707 1622 1860 1664 habitu

193 1688 277 1771 {2313
279 1700 381 1772 ἕέἒέἃ
397 1696 447 1732 ut
475 1691 706 1732 cathartica
732 1692 893 1732 leniora
918 1705 997 1733 nec
1029 1692 1231 1742 celeriter,
1262 1706 1342 1733 nec
1373 1706 1471 1733 cum
1499 1692 1614 1732 bona
1644 1691 1858 1746 euphoria,

298 1757 316 1771 ι,

193 1774 260 1804 sola
276 1775 331 1804 vix
399 1773 503 1812 opus
541 1774 666 1799 suum
702 1766 921 1813 peragant,
958 1761 1133 1801 fortiora
1166 1761 1400 1801 tentanda:
1443 1775 1526 1814 quo
1566 1761 1612 1800 in
1652 1775 1753 1801 casu
1796 1762 1861 1815 (ut

193 1817 362 1899 ἔζξῐξᾱῗῐζῒ,
398 1827 524 1867 modo
545 1826 669 1866 innui
677 1828 722 1879 ἵ)
739 1827 978 1868 notandum
996 1834 1072 1877 est,
1094 1828 1218 1881 quod,
1236 1828 1334 1869 licet
1350 1828 1695 1882 hydragogorum
1710 1842 1859 1882 pauca,

193 1902 247 1950 ⁵5³d
263 1902 364 1931 lenio·
400 1896 434 1936 si
463 1896 551 1936 sola
581 1895 874 1946 exhibeantur,
897 1896 1003 1936 votis
1034 1897 1332 1950 respondeant,
1353 1897 1585 1937 lenioribus
1612 1900 1758 1937 tamen
1778 1897 1860 1937 cal·

192 1945 282 2017 {22¹5ss
291 1945 364 2017 ἓξὲξ
400 1963 504 2003 caris
525 1963 848 2017 vice-permista,
871 1964 1156 2004 efficacissima
1177 1964 1350 2005 omnino
1372 1970 1486 2005 sunt.
1542 1964 1599 2004 In
1618 1963 1862 2018 hujusmodi

193 2029 359 2102 Εῆἱᾞῗρῑὲἶί
400 2030 643 2084 corporibus
679 2031 875 2084 (exempli
909 2031 1074 2084 gratia,)
1115 2036 1365 2085 sequentem
1392 2031 1610 2085 potionem
1639 2045 1738 2074 cum
1769 2044 1861 2072 suc—

196 2124 248 2144 ma
264 2124 337 2144 eva·
401 2112 522 2139 cessu
543 2112 844 2151 saepenumero
866 2099 1113 2152 praescripsi
1129 2116 1197 2139 :—

197 2157 286 2186 dunt.

197 2209 338 2239 Potionis
403 2209 535 2250 [Form.
555 2207 653 2250 97.]f
700 2207 740 2259 R
773 2209 1066 2244 Tama1·indor1un
1083 2211 1324 2252 semiunciam,

194 2252 369 2325 {3¹83}AEss
776 2266 954 2301 Foliorum
973 2267 1110 2301 Sennae
1128 2267 1312 2302 drachmas
1329 2267 1425 2308 duas,

194 2337 290 2367 ribus.
775 2323 866 2357 Rhei
884 2325 1204 2369 sesquidrachmam
1221 2339 1229 2364 3

587 2382 707 2424 Coque
724 2382 760 2414 in
777 2383 973 2425 quantitate
989 2381 1183 2416 sufficiente
1201 2393 1313 2426 aquae
1330 2382 1494 2417 fontanae
1512 2383 1556 2417 ad
1575 2383 1696 2417 uncias
1714 2388 1801 2423 tres;
1825 2383 1862 2415 in

590 2437 744 2471 colatura
762 2438 909 2471 dissolve

780 2494 953 2535 Mannae,

777 2552 904 2597 Syrupi
922 2552 1093 2586 Rosamm
1113 2552 1272 2593 Solutivi,
1291 2564 1359 2587 aua
1376 2554 1518 2587 unciam
1535 2564 1654 2594 unam,

778 2608 903 2654 Syrupi
920 2609 962 2643 de
981 2609 1089 2654 Spina
1107 2610 1257 2643 Cei-vina
1274 2610 1515 2651 semiunciam,

778 2665 969 2700 Electuarii
986 2678 1004 2700 e
1023 2667 1135 2700 Succo
1154 2667 1326 2701 Rosarum
1343 2667 1525 2702 drachmas
1541 2667 1647 2708 duas;

591 2722 725 2761 Misce,
752 2722 812 2756 fiat
828 2724 936 2768 potio.

409 2835 527 2875 Quae
568 2840 713 2877 tamen
754 2837 868 2889 potio
914 2851 1000 2877 non
1041 2838 1122 2878 nisi
1162 2838 1467 2879 robustioribus
1509 2837 1748 2878 exhibenda
1786 2843 1862 2888 est,

539 2924 548 2935 ¹*
574 2926 604 2948 nl
623 2923 703 2949 ιηοιΙιι
721 2921 822 2959 innui]
841 2932 901 2951 0111.
921 2922 967 2951 ed.
986 2923 1048 2951 ‘8:3.
1453 2921 1463 2939 '
1486 2922 1533 2951 Cf.
1553 2922 1642 2951 form.
1661 2923 1732 2953 212.
