1985 3308
259 141 779 183 OBSERVATIONUM
811 141 1188 182 MEDICARUM
1220 142 1274 176 II.
1298 148 1331 178 2.
1454 146 1534 185 111

82 247 188 288 tiam
207 251 257 288 ut
279 247 447 287 Febrim
462 247 585 296 hane,
600 247 679 287 etsi
700 247 1037 300 pathognomieis
1059 248 1295 301 pleuritidis
1313 253 1386 288 aut
1408 250 1536 289 etiam
1586 261 1713 292 Fennis

82 315 455 368 peripneumoniae
472 314 602 367 signis
619 315 869 355 destitutam
882 323 914 365 Y,
931 320 1075 356 tamen
1098 316 1393 369 symptomatis
1409 317 1537 357 ratio·
1581 304 1719 335 Pnsm„

1565 346 1592 375 δε
1612 346 1734 376 ΡῙ-ῑετιε

82 396 182 422 110111
212 382 409 422 habuisse
435 382 683 435 judicarem,
715 382 1063 423 inflammationis
1092 382 1312 436 eujusdam
1342 389 1536 436 respectu
1558 388 1740 444 A'sLx-‹nz-un

83 449 195 489 eirca
232 453 372 502 partes
414 449 620 502 spiritales
653 449 951 499 delitescentis,
984 450 1174 490 etiamsiz
1204 450 1348 490 nullus
1390 450 1536 490 aderat
1555 432 1739 530 bossioii}

83 516 226 556 lateris
248 516 378 566 dolor,
395 516 514 556 nulla
534 516 713 569 insignis
735 517 922 570 spirandi
945 517 1181 557 difficultas.
1244 518 1306 558 Ut
1327 531 1416 557 rem
1438 532 1536 558 con·
1557 532 1679 561 tissime

82 583 263 633 traham,
286 597 335 624 eo
364 584 539 624 tandem
568 583 717 624 deveni
749 589 795 624 ut
822 585 969 625 eadem
1000 585 1174 625 omnino
1204 585 1311 625 mihi
1337 585 1538 625 methodo
1558 574 1729 604 s²²⁰⁰⁵³u¹¹t·

82 650 397 704 procedendum
418 651 545 691 fuisse
566 651 611 691 in
632 652 848 704 praedicto
869 666 969 692 casu
990 652 1229 703 arbitrarer,
1253 667 1335 705 qua
1354 653 1400 692 in
1421 652 1538 706 pleu-

83 718 209 759 ritide
231 710 394 772 saepius
417 733 513 759 011111
531 733 726 760 8110008811
748 720 952 773 singulari
968 735 1069 760 usus
1086 720 1263 761 fueram.
1303 720 1423 761 Quae
1445 734 1538 760 sen-

84 786 221 826 tentia
248 786 444 839 deinceps
466 786 643 827 feliciter
665 792 791 840 atque
818 801 868 828 ex
888 792 985 828 voto
1007 788 1145 828 cessit.
1207 788 1397 828 Vocatus
1424 788 1540 828 enim

83 867 173 894 non
203 855 338 894 multo
359 858 453 907 post
484 855 537 894 ad
565 855 780 895 hominem
810 855 1018 895 consimili
1046 869 1216 908 prorsus
1237 855 1363 895 modo
1395 869 1539 908 aegro-

84 927 263 973 tantem,
295 923 503 963 rciteratis
539 924 963 974 venae-sectionibus,
1001 925 1144 977 quales
1181 925 1234 965 ad
1269 925 1540 978 pleuritidem

85 1005 212 1044 supra
251 990 493 1040 laudantur,
537 991 800 1031 curationem
850 991 1041 1031 commisi
1092 996 1134 1031 et
1185 992 1355 1032 absolvi.
1418 993 1540 1033 Circa
1560 1004 1671 1036 Febris

83 1058 242 1098 mensis
277 1057 403 1097 modo
439 1058 662 1097 memorati
695 1058 856 1098 exitum
898 1062 1025 1110 atque
1060 1058 1233 1098 initium
1271 1059 1297 1098 J
1300 1059 1391 1099 unii
1427 1073 1538 1099 com·
1558 1048 1735 1130 ξξῑίῗῙῗὲἇ-

83 1124 224 1178 plures
246 1138 416 1177 operam
437 1138 576 1164 meam
597 1125 871 1177 implorantes
898 1125 949 1165 ab
972 1125 1120 1165 eadem
1142 1125 1276 1166 Febre
1302 1127 1423 1179 (quae
1451 1127 1538 1179 jam
1558 1132 1679 1163 bitatur
1694 1144 1735 1164 an

83 1192 203 1232 valde
235 1192 495 1245 populariter
526 1192 825 1245 grassabatur,)
860 1192 1100 1245 praedictae
1128 1206 1302 1245 praxeos
1334 1193 1540 1234 beneficio
1559 1184 1736 1248 {iffgtsseffia

83 1259 401 1300 convaluerunt.
462 1259 531 1299 Ab
553 1259 632 1299 1100
653 1264 842 1312 tempore
863 1260 1108 1300 immaniter
1133 1259 1383 1300 debacchari
1404 1261 1540 1314 coepit
1559 1258 1751 1329 {peritqtam

83 1326 327 1367 calamitosa
341 1326 414 1365 illa
429 1324 579 1376 Pestis,
603 1340 709 1379 quae
727 1340 774 1366 eo
795 1326 971 1366 tandem
986 1326 1271 1366 truculentiae
1294 1327 1475 1377 devenit,
1492 1332 1541 1368 ut
1560 1306 1736 1384 ineeissigfssffl

84 1398 246 1447 septem
272 1394 434 1434 dierum
465 1394 599 1447 spatio
631 1393 809 1434 totidem
831 1394 1069 1434 animarum
1091 1394 1225 1434 millia
1251 1394 1295 1434 in
1317 1394 1396 1435 hac
1410 1401 1428 1422 ³
1455 1409 1543 1435 una
1560 1388 1706 1424 grassari,

1560 1438 1656 1466 quam
1681 1441 1732 1461 ea-

85 1461 203 1502 Ul'be
225 1461 463 1502 extinxerit.
1561 1470 1633 1518 dem
1649 1482 1720 1511 par-

149 1529 257 1582 [36.]
295 1529 421 1569 Febri
449 1533 592 1570 autem
622 1528 697 1579 illi,
727 1529 779 1570 de
811 1543 893 1582 qua
925 1529 1051 1570 modo
1075 1529 1290 1583 loquebar,
1321 1544 1375 1570 an
1405 1531 1543 1570 Pestis
1560 1522 1730 1593 ξξὲξῖζῗζὺ

85 1596 309 1650 appellatio
331 1596 507 1637 attribui
528 1602 753 1647 mereatur,
775 1611 863 1637 11011
889 1597 1024 1637 ausim
1047 1598 1221 1638 definito
1248 1597 1538 1651 pronuntiare.
1559 1597 1704 1630 Authore

86 1664 182 1705 Hoc
202 1669 346 1705 tamen
378 1665 591 1718 explorate
613 1665 833 1718 cognitum
858 1665 1007 1714 habeo,
1030 1665 1241 1715 omnibus,
1265 1679 1368 1718 quos
1392 1665 1465 1705 illo
1496 1669 1539 1705 et
1556 1650 1745 1715 ἑξζῗξῃῖἶ-ςρ

86 1732 302 1785 aliquanto
327 1737 421 1786 post
451 1738 641 1786 tempore
662 1733 871 1785 ipsissima
891 1733 1030 1773 Pestis
1051 1747 1149 1773 cum
1176 1733 1373 1773 universo
1399 1747 1539 1786 symp-
1556 1725 1736 1799 ξξέἐῑῗυξῐῑῑ·

84 1803 296 1840 tomatum
327 1800 406 1839 sibi
438 1800 714 1853 peculiarium
751 1805 957 1853 apparatu
988 1801 1034 1840 in
1069 1815 1165 1841 mea
1194 1800 1348 1840 vicinia
1380 1800 1539 1850 afflixit,
1704 1793 1711 1800 ’

86 1866 277 1916 eandem,
299 1870 387 1906 tam
414 1867 460 1906 in
488 1867 623 1920 primo
649 1866 786 1907 morbi
810 1867 975 1907 insultu
997 1881 1124 1921 quam
1149 1868 1195 1907 in
1217 1868 1411 1917 decursu,
1435 1867 1541 1908 acci-

87 1933 282 1974 dentium
322 1932 554 1988 συνδρομήν
595 1934 790 1975 adfuisse.
865 1935 1093 1975 Caeterum
1133 1949 1243 1985 cum,
1282 1935 1510 1988 “proximo
1525 1933 1542 1957 b

85 2001 246 2054 pariete
268 2001 484 2050 ardentc,'’
507 2002 677 2054 propius
704 2001 878 2041 aedibus
899 2002 1003 2042 meis
1028 2003 1271 2042 immineret
1292 2003 1540 2055 perieulum,

88 2081 167 2121 ego
216 2068 390 2108 tandem
431 2067 662 2108 amicorum
704 2082 831 2108 suasu
880 2069 1237 2109 numerosissimis
1282 2069 1542 2122 fugientium

87 2135 223 2176 turbis
248 2149 316 2175 me
348 2135 550 2188 adjunxi3
581 2135 741 2175 familia
769 2135 897 2175 etiam
928 2149 1024 2175 mea
1056 2136 1109 2175 ad
1145 2136 1304 2188 aliquot
1339 2136 1390 2175 ab
1423 2136 1542 2176 Urbe

86 2202 246 2256 lapides
274 2202 495 2242 subducta.
557 2202 620 2242 Eo
646 2207 792 2242 tamen
813 2202 960 2242 vicinis
987 2203 1090 2242 meis
1118 2203 1327 2242 maturius
1353 2202 1472 2252 redii,
1496 2217 1543 2243 ae

88 2271 191 2312 dum
211 2270 478 2311 calamitosae
499 2270 612 2310 illius
633 2270 714 2310 luis
735 2271 780 2310 in
802 2275 973 2311 tantum
994 2276 1279 2324 perseveraret
1302 2270 1474 2311 saevitia
1494 2276 1543 2311 ut

86 2338 178 2379 fieri
198 2352 285 2378 non
306 2338 445 2391 potuit
467 2338 570 2390 quin
590 2338 815 2378 meliorum
837 2338 1102 2378 Medicorum
1132 2338 1311 2391 penuria
1332 2338 1385 2378 ad
1415 2338 1542 2391 pesti-

87 2405 272 2446 ferorum
312 2405 516 2445 auxilium
557 2405 794 2446 advocarer.
855 2405 949 2445 Nec
993 2405 1130 2445 multo
1170 2409 1264 2458 post
1305 2406 1542 2458 complures

88 2472 394 2513 Febricitantes
408 2473 544 2522 invisi,
561 2486 740 2526 quorum
754 2472 931 2513 Febrem
947 2473 1073 2522 illius,
1090 2486 1196 2525 quae
1210 2477 1309 2512 ante
1324 2472 1543 2513 decessum

87 2554 232 2581 meum
262 2545 353 2581 tam
379 2541 587 2595 prosperis
616 2555 840 2594 aegrorum
867 2541 992 2582 rebus
1021 2556 1045 2581 a
1077 2554 1145 2580 me
1168 2545 1351 2581 tractata
1378 2541 1540 2591 fuisset,

88 2621 250 2649 morem
271 2613 396 2662 atque
419 2609 592 2662 genium
621 2609 837 2660 aemulari,
859 2623 947 2649 non
975 2609 1065 2649 sine
1086 2623 1243 2661 magna
1264 2607 1542 2648 admiratione

89 2674 346 2729 deprehendi
359 2693 371 2726 ;
421 2676 600 2730 ideoque
634 2676 803 2730 propria
842 2675 1101 2729 experientia
1131 2675 1265 2715 fretus
1305 2689 1384 2715 ceu
1424 2674 1542 2725 duce,

139 2798 154 2818 7
176 2793 296 2834 desiit]
326 2794 389 2824 Hie
414 2794 484 2824 add.
510 2795 556 2824 ed.
576 2795 627 2825 ’68
653 2795 783 2834 (quippe
885 2799 898 2813 ⁸
921 2793 993 2833 hac]
1012 2803 1074 2823 0111.
1092 2793 1160 2824 0(1(1.
1179 2793 1242 2828 ’68,
1260 2792 1322 2824 ’76.

89 2836 188 2866 nullus
203 2838 309 2866 aderat
326 2837 398 2876 ᾇέ.)
415 2842 446 2867 et
460 2837 515 2866 inf.
533 2847 595 2866 om.
888 2837 901 2855 ὓ
926 2840 945 2852 “
958 2836 1044 2866 Nam
1061 2841 1116 2866 tua
1133 2846 1182 2865 res
1199 2836 1313 2875 agitur,
1326 2835 1427 2874 paries
1444 2844 1545 2873 quum

135 2882 147 2896 ¹
169 2877 307 2918 etiamsi]
325 2881 434 2918 quippe
451 2879 519 2909 edd.
538 2880 600 2915 ‘68,
619 2879 680 2910 ⁹76.
843 2879 1008 2919 proximus
1019 2879 1140 2910 ardet.'’
1172 2878 1300 2917 (Horat.
1312 2879 1369 2916 Ep.
1384 2877 1403 2907 i.
1417 2878 1463 2907 18.
1476 2878 1542 2915 84.)
