1985 3308
387 155 469 194 178
799 152 1055 193 THOMAE
1089 152 1426 193 SYDENHAM

198 268 351 298 Dvsnx’r.
388 259 529 313 guinis
560 260 765 309 aemulus,
794 265 889 300 tum
917 259 1084 313 insigne
1115 258 1219 299 illud
1247 259 1358 313 quod
1388 263 1484 312 post
1515 258 1703 311 singulas
1735 258 1844 296 vices

184 311 366 384 Azgotljpn
387 328 522 381 magis
551 341 599 368 ac
630 328 766 381 magis
797 333 972 368 auctum
1008 327 1219 368 sentiebat
1251 327 1456 376 levamen,
1490 326 1596 366 mihi
1632 325 1846 366 addebant

388 396 575 446 animos;
612 397 732 450 cujus
764 410 841 449 ope
871 396 1046 436 tandem
1078 396 1300 449 pristinam
1333 395 1560 435 sanitatem
1586 397 1848 446 consequuta

388 469 464 504 est.

453 531 561 586 [21]
599 530 861 585 Antequamj
884 531 1044 581 finiam,
1065 530 1146 571 1100
1177 535 1241 571 est
1266 530 1519 580 notandum,
1543 529 1655 583 quod
1676 527 1849 569 tametsi

387 600 434 640 111
454 600 520 640 his
542 600 665 640 annis
683 600 836 653 quibus
858 598 1138 653 Dysenteriae
1161 598 1264 638 adeo
1287 598 1518 651 epidemice
1541 602 1848 651 grassarentur,

390 669 684 710 evacuationes
735 669 850 722 prius
896 673 1156 708 memoratae
1201 682 1372 721 prorsus
1417 666 1677 707 necessariae
1727 669 1850 706 erant

184 747 344 796 111-ωηο-
390 742 620 791 antequam
656 737 709 777 ad
740 751 867 776 usum
898 736 1073 776 laudaui
1106 735 1336 776 deventum
1368 734 1541 784 fuisset,
1584 739 1775 774 attamen
1805 733 1851 772 111

183 801 246 862 3312
258 799 351 862 22¹¹}-
391 805 696 846 constitutione
731 804 875 858 quavis
911 804 1011 844 huic
1047 803 1196 844 morbo
1229 803 1372 843 minus
1407 802 1580 853 faventi,
1617 802 1723 842 istae
1754 806 1850 842 tuto

181 875 351 947 isidelmss‘a,
392 873 532 914 omitti
553 873 729 926 possint,
752 887 799 913 ac
821 872 984 912 curatio
1006 870 1358 925 compendiosiori
1378 870 1456 921 via,
1481 871 1568 912 solo
1596 883 1749 923 nempe
1769 883 1852 908 usu

186 927 372 989 ᾖᾙιῗζᾞὲζ
390 941 577 990 laudaui,
606 940 776 990 absolvi,
805 954 854 981 eo
886 954 1011 993 quem
1046 939 1342 993 descripsimus
1372 939 1512 980 modo.
1573 938 1717 992 Atque
1747 937 1852 977 haec

187 1003 334 1033 curanda.
392 1009 443 1050 de
464 1008 730 1063 Dysenterijs
752 1008 865 1049 dicta
886 1012 1026 1049 sunto.

989 1160 1118 1201 CAP.
1152 1160 1252 1201 ΙῩ.ις

517 1269 658 1309 Febris
684 1268 884 1308 Continua
897 1269 1051 1320 partis1
1069 1268 1166 1307 armi
1189 1267 1313 1317 1669,
1336 1272 1456 1320 atque
1476 1268 1725 1320 integsrorum

911 1335 1035 1385 1670,
1066 1335 1191 1385 1671,
1216 1335 1341 1376 1672.

451 1428 514 1467 Eo
539 1427 630 1480 ipso
650 1431 842 1477 tempore
865 1439 947 1479 quo
969 1425 1179 1466 saeviebat
1200 1425 1470 1479 Dysenteria,
1493 1430 1536 1466 et
1557 1424 1703 1465 Febris
1725 1437 1850 1477 quae-

397 1495 508 1544 dam,
531 1495 593 1534 1111
625 1494 840 1534 simillima
867 1507 973 1547 quae
1001 1493 1276 1547 dysentericis
1310 1493 1498 1534 accidere
1520 1506 1643 1547 saepe
1676 1492 1850 1542 solebat,

392 1578 480 1603 11113
501 1567 646 1603 exorta
667 1566 743 1614 est,
767 1575 874 1615 quae
896 1561 1067 1614 quidem
1090 1576 1177 1602 non
1204 1575 1273 1602 eos
1294 1566 1466 1602 tantum
1489 1575 1592 1615 quos
1608 1561 1699 1614 jam
1721 1560 1853 1600 sauci-

394 1635 535 1671 averat
556 1630 823 1684 Dysenteria,
843 1629 915 1669 sed
938 1629 988 1670 ab
1006 1629 1077 1669 illa
1093 1643 1264 1682 prorsus
1280 1630 1493 1670 immunes
1514 1629 1610 1682 (nisi
1627 1628 1740 1682 quod
1756 1627 1853 1668 sub-

392 1699 505 1747 inde,
527 1703 571 1738 at
592 1712 700 1748 raro,
723 1697 909 1738 tormina
928 1697 1044 1737 haud
1067 1697 1238 1750 quidem
1266 1698 1436 1747 atrocia,
1458 1711 1574 1737 nunc
1596 1711 1695 1737 cum
1716 1696 1851 1750 dejec-

392 1767 595 1817 tionibus,
620 1779 737 1806 nunc
769 1766 859 1806 sine
890 1766 986 1815 illis,
1015 1771 1265 1819 paterentur
1292 1766 1436 1819 aegri,)
1467 1765 1626 1819 pariter
1655 1765 1852 1805 incessit:

394 1835 560 1875 easdem
597 1834 712 1875 enim
751 1834 910 1888 ubique
944 1833 1180 1889 ’προφάσεις
1216 1835 1306 1886 (seu
1341 1848 1487 1875 causas
1522 1833 1769 1874 manifestas
1811 1839 1855 1873 et

394 1903 675 1956 apparentes)
700 1901 851 1942 habuit
874 1916 976 1955 quas
999 1901 1241 1956 dysenteria
1253 1919 1264 1951 3
1297 1902 1445 1942 eadem
1467 1902 1595 1941 ctiam
1617 1915 1692 1954 per
1712 1901 1856 1941 omnia

395 1975 694 2025 symptomata,
719 1984 825 2023 quae
856 1969 1218 2024 dysentericorum
1239 1969 1402 2010 febrem
1424 1968 1740 2010 comitabantiu·
1752 1986 1763 2018 ;
1794 1968 1856 2009 ita

393 2044 455 2089 ut,
475 2039 509 2079 si
530 2038 824 2079 evacuationes
846 2051 919 2091 per
941 2037 1081 2078 alvum
1099 2037 1340 2091 dysenteria
1355 2037 1643 2077 laborantium
1660 2036 1854 2090 excipias,

394 2111 436 2147 et
451 2120 558 2160 quae
575 2106 626 2146 ab
644 2106 736 2146 istis
752 2105 989 2146 necessario
1006 2105 1250 2159 pendebant
1268 2109 1565 2159 symptomata,
1583 2105 1697 2145 dicta
1710 2104 1856 2144 Febris

396 2175 588 2229 ejusdem
608 2188 780 2228 prorsus
807 2179 987 2214 naturae
1013 2188 1111 2214 cum
1137 2174 1238 2227 ipsis
1265 2174 1516 2226 dysenteriis
1544 2174 1779 2214 xideretur:
1813 2177 1856 2212 et

395 2243 594 2296 deinceps
624 2256 700 2296 per
729 2242 857 2296 hujus
891 2242 1221 2282 Constitutionis
1253 2242 1479 2282 dcem-sum
1510 2255 1680 2281 omnem
1711 2254 1856 2294 parem

395 2311 592 2352 cumillis
622 2310 752 2351 subiit
774 2315 1110 2364 symptomatum
1140 2309 1424 2363 quorumlibet
1447 2309 1754 2358 alterationem,
1778 2309 1856 2349 eis-

396 2379 493 2419 dem
516 2379 674 2419 scilicet
704 2377 968 2428 differentiis,
993 2377 1131 2431 quoad
1158 2382 1452 2431 augmentum,
1476 2382 1637 2417 statum
1666 2382 1707 2417 et
1730 2376 1855 2417 decli-

396 2448 629 2498 nationem,
653 2447 817 2497 affecta,
841 2446 995 2500 quibus
1018 2446 1311 2487 afficiebantur
1331 2445 1377 2485 in
1399 2459 1553 2498 genere
1575 2445 1854 2499 dysenteriae.

400 2517 519 2556 Haec
539 2516 684 2569 itaque
705 2515 848 2555 Febris
867 2515 1137 2567 Dysenterica
1159 2514 1264 2553 mihi
1287 2514 1498 2554 audiebat.

192 2593 303 2622 Febris
411 2581 413 2583 ’
465 2584 544 2637 [2.]
583 2584 826 2624 Memorata
847 2582 994 2623 Febris
1016 2596 1327 2634 nonnunquam
1349 2582 1428 2633 (uti
1445 2581 1637 2634 dictum,)
1658 2595 1754 2622 cum
1777 2581 1857 2621 alvi

191 2635 321 2707 {gy-{211-
398 2651 667 2702 torminibus,
702 2651 775 2692 sed
813 2650 1067 2701 mitioribus,
1103 2649 1436 2703 ingrediebatur,
1475 2649 1698 2702 (prioribus
1734 2649 1857 2689 annis

191 2720 310 2792 ξξῖῗζῑ-
399 2734 595 2760 maxume
617 2719 770 2773 quibus
790 2719 975 2772 invasit)
994 2719 1060 2759 vel
1081 2719 1163 2759 ista
1180 2717 1231 2759 ad
1249 2732 1342 2759 eam
1363 2723 1457 2771 post
1480 2717 1750 2767 accedebant,
1769 2730 1856 2757 sae-

400 2788 493 2841 pius
514 2802 610 2828 vero
630 2788 750 2828 nulla
771 2792 906 2829 erant.
971 2787 1168 2837 Sudores,
1192 2787 1264 2840 qui
1291 2786 1337 2826 in
1365 2785 1500 2827 Febre
1526 2785 1856 2826 Constitutionis

438 2888 447 2911 ,-
472 2889 725 2930 Anteq.—-modo]
747 2901 808 2920 om.
827 2891 873 2922 ed.
892 2891 954 2923 76.
1200 2887 1207 2907 ¹
1228 2893 1328 2928 partis
1344 2891 1415 2920 anni
1432 2887 1502 2929 gne]
1520 2888 1610 2928 hujus
1628 2889 1858 2918 constitutionis

440 2934 454 2954 k
479 2932 577 2962 Deest
594 2933 652 2962 hoc
669 2943 736 2972 cap.
754 2933 786 2963 in
803 2933 871 2963 edd.
890 2934 952 2969 ’66,
972 2934 1033 2963 ‘68.
1158 2932 1204 2963 ed.
1224 2933 1285 2964 76.
