1985 3308
465 123 790 166 SCHEDULA
821 123 1173 165 MONITORIA
1204 125 1240 165 Ι.
1500 128 1581 168 491

130 233 182 274 de
203 247 330 274 eausa
345 247 424 288 ego
439 233 486 274 in
502 232 635 274 Febre
652 232 880 273 Comatosa
895 231 998 272 anni
1015 231 1175 281 1673111,
1191 230 1472 271 catharticum
1489 246 1583 285 pro·
1604 242 1787 273 DsNovffl

128 302 275 356 pinarc
296 316 384 343 non
405 316 544 352 ausus,
566 301 612 341 in
632 300 861 355 clysterum
889 312 972 339 usu
993 297 1288 348 subsistebam,
1311 303 1426 339 certo
1448 299 1582 339 sciens
1602 327 1616 357 1
1623 286 1778 357 J‹‘]2¹³1¹¹5¹‡U

128 369 315 409 remedia
348 369 578 423 purgantia
609 382 657 409 eo
691 372 883 421 tempore
914 370 1130 420 usurpata,
1163 366 1276 407 illico
1311 370 1478 407 comata
1510 367 1581 407 ad-
1603 383 1776 412 cunm-10.

129 434 298 475 duxisse
315 452 323 476 :
357 436 469 489 quod
489 436 655 477 fortean
676 435 798 476 aliter
818 434 983 476 evenire
999 434 1219 488 potuisset,
1238 434 1273 475 si
1291 435 1585 488 paregoricum

129 508 383 557 usurpatum
414 503 543 545 fuisse
569 508 664 557 post
688 503 819 544 talem
846 502 1060 544 catharsin
1089 501 1194 542 mihi
1224 501 1271 542 in
1300 506 1491 542 mentem
1517 515 1585 542 ve-

128 571 274 612 nisset.
343 572 422 625 [9.]
461 571 549 613 Ubi
569 586 666 613 vero
686 571 883 625 purgatio
913 569 1125 612 celebrata
1150 583 1239 610 11011
1257 569 1400 620 fuerit,
1421 569 1584 624 hypno-

128 639 263 680 ticum
297 639 402 681 hora
433 640 570 681 somni
602 640 848 680 nullatenus
877 643 941 680 est
965 637 1308 688 concedendum3
1340 650 1395 678 ne
1427 637 1585 678 scilicet

129 707 351 749 cathartici
384 707 586 762 postridie
623 706 890 760 deglutiendi
925 706 1213 760 operationem
1247 719 1296 746 ac
1327 704 1412 745 vim
1457 703 1586 758 (quod

129 775 221 816 fieri
242 775 360 827 solet,
384 775 656 829 quantumvis
682 789 774 815 sero
796 779 1036 816 assumatur
1057 773 1191 827 illud,)
1217 772 1486 823 sufflaminct,
1508 773 1585 823 vel,

129 842 166 884 si
185 856 274 884 non
297 843 346 883 in
366 842 549 883 solidum
573 841 788 892 retundat,
811 841 1039 882 efficaciam
1062 845 1209 882 tamen
1229 840 1470 881 imminuat.
1532 840 1587 880 In

128 911 208 952 hac
230 915 304 951 aut
325 910 407 951 alia
428 910 572 964 quavis
589 910 723 951 Febre
740 909 973 963 epidemica
994 913 1204 950 statutum
1225 908 1331 949 mihi
1352 913 1428 958 est,
1447 908 1587 948 alvum

129 993 218 1019 non
247 978 421 1020 turbare
450 978 497 1019 in
526 978 734 1032 principio
765 982 931 1018 statuve
961 975 1111 1026 morbi,
1141 975 1224 1015 nisi
1250 974 1588 1016 venae-sectione

129 1046 381 1099 praemissa:
415 1060 522 1100 quae
544 1046 716 1100 quidem
739 1059 914 1099 praxeos
941 1045 1090 1098 regula
1110 1058 1264 1098 susque
1286 1044 1422 1097 deque
1442 1043 1591 1084 habita

131 1119 206 1155 aut
236 1114 393 1155 violata
423 1129 551 1168 quam
580 1114 785 1168 plurimos
817 1113 928 1154 Orco
958 1113 1132 1163 addixit,
1160 1112 1346 1152 infantes
1376 1125 1588 1162 maxume,

130 1187 258 1238 prout
279 1184 381 1224 alias
409 1184 563 1237 [Epist.
585 1185 780 1236 Respons.
802 1184 837 1224 I.
863 1185 884 1238 ξ
906 1183 997 1236 49]
1025 1183 1071 1222 in
1091 1182 1301 1223 cautelam
1321 1181 1482 1222 monui.

197 1252 304 1307 [10.]
344 1252 668 1293 Observandum
699 1257 762 1292 est
798 1257 955 1302 autem,
989 1251 1114 1305 quod,
1145 1251 1245 1290 licet
1280 1254 1329 1290 ut
1359 1250 1591 1303 plurimum

131 1321 424 1362 evacuationes
446 1334 592 1361 omnes
613 1320 826 1375 praefatae
846 1320 892 1359 in
912 1319 1041 1373 hujus
1063 1318 1209 1359 Febris
1231 1317 1449 1358 curatione
1469 1331 1591 1357 usur-

130 1389 223 1442 pari
251 1389 446 1440 debeant,
471 1403 593 1442 saepe
619 1394 766 1429 tamen
794 1401 931 1440 aeger,
959 1386 1156 1440 (maxime
1182 1386 1216 1425 si
1242 1385 1409 1439 juvenis
1430 1390 1503 1425 aut
1527 1385 1592 1424 in-

131 1457 225 1498 fans
245 1457 404 1510 fuerit)
429 1461 524 1510 post
545 1457 747 1497 eductum
769 1455 1023 1508 sanguinem
1043 1468 1132 1494 una
1152 1453 1335 1494 catharsi
1352 1453 1592 1503 defunctus,

132 1525 278 1565 statim
305 1525 571 1575 convalescit,
597 1538 675 1565 nec
701 1523 895 1578 pluribus
922 1521 1167 1575 fatigandus
1195 1525 1272 1572 est,
1298 1520 1433 1562 Febre
1457 1521 1594 1574 primo

131 1593 355 1647 purgantis
387 1593 563 1634 remedii
594 1593 759 1646 impetu
794 1595 1050 1645 expugnata.
1111 1590 1148 1631 E
1181 1594 1330 1630 contra
1360 1603 1456 1630 vero
1487 1603 1594 1629 non-

131 1676 356 1716 nunquam
383 1676 488 1715 opus
517 1666 581 1703 est
613 1665 663 1702 ut
696 1661 813 1701 alvus
842 1660 895 1700 ad
924 1660 1065 1713 plures
1095 1673 1223 1713 quam
1255 1673 1383 1712 supra
1410 1658 1595 1698 diximus

132 1730 242 1771 vices
278 1730 552 1771 sollicitetur:
597 1729 850 1783 quandoque
891 1728 1018 1778 enim,
1060 1727 1173 1780 (licet
1207 1727 1252 1767 id
1286 1741 1383 1767 raro
1424 1726 1591 1779 evcnit,)

134 1812 260 1851 aegro
288 1804 337 1838 a¹¹
369 1797 504 1839 Febre
529 1798 620 1852 jam
651 1797 763 1838 dicta
797 1796 999 1837 methodo
1033 1795 1225 1846 liberato,
1256 1794 1597 1836 recrudescentia

132 1866 334 1906 materiae
365 1865 542 1906 Febrihs
572 1869 667 1919 post
698 1865 786 1905 dies
819 1864 979 1918 aliquot
1009 1863 1207 1904 morbum
1237 1863 1498 1917 postliminio
1530 1878 1594 1904 re-

134 1935 288 1975 ducere
322 1934 504 1985 videtur,
537 1948 663 1987 quem
698 1939 844 1974 tamen
879 1932 1076 1986 purgatio
1113 1936 1264 1984 quarta
1293 1931 1380 1971 vice
1415 1931 1596 1984 repetita

134 2016 233 2042 mox
266 2001 482 2051 eliminat3
523 2001 695 2041 tametsi
725 2000 770 2040 in
801 2000 880 2041 hac
915 1999 1117 2040 methodo
1153 2000 1277 2040 Nova
1311 1999 1416 2040 haec
1447 1999 1594 2039 Febris

134 2083 229 2111 raro
261 2069 424 2119 accidit,
452 2068 535 2109 nisi
566 2068 617 2109 ab
649 2068 831 2122 aphthis,
862 2081 969 2121 quae
998 2066 1075 2107 sub
1104 2066 1221 2107 exitu
1251 2066 1398 2107 Febris
1428 2080 1593 2120 pracce-

135 2136 275 2177 dentis
317 2150 608 2190 supervenere,
643 2140 685 2177 et
721 2136 811 2190 jam
852 2135 905 2176 ad
939 2140 1100 2176 statum
1140 2139 1289 2176 auctae
1325 2149 1418 2175 eam
1454 2135 1594 2176 denuo

134 2210 346 2247 revocant.
410 2205 531 2247 Quae
568 2204 739 2259 quidem
770 2204 916 2246 Febn's
953 2204 1278 2259 symptomatica
1311 2209 1482 2245 tantum
1515 2210 1592 2255 est,

135 2279 179 2316 et
207 2274 442 2328 singultum
471 2287 545 2327 per
572 2272 793 2314 intervalla
820 2271 1071 2313 redeuntem
1098 2285 1401 2325 saepenumero
1427 2276 1522 2325 post
1551 2286 1594 2313 sc

133 2343 281 2394 trahit,
309 2343 381 2397 qui
409 2342 536 2383 etiam
568 2341 734 2383 sublata
761 2340 896 2382 Febre
922 2354 997 2395 per
1025 2340 1113 2381 dies
1142 2340 1302 2394 aliquot
1330 2345 1567 2394 perseverat
1581 2357 1592 2390 3

136 2416 179 2453 at
207 2426 283 2465 pro
310 2411 474 2451 ratione
501 2409 888 2463 redintegratarum
917 2408 1031 2462 aegri
1054 2408 1208 2448 virium
1239 2413 1389 2461 sponte
1418 2408 1594 2449 tandem

136 2479 358 2520 evanescit.
421 2478 548 2521 Quod
582 2483 645 2518 est
679 2478 904 2531 diligenter
937 2475 1374 2526 animadvertendum,
1405 2475 1592 2529 quando-

136 2547 308 2602 quidem
329 2562 380 2588 ex
401 2547 591 2601 singultu
611 2545 689 2587 sub
711 2546 840 2586 finem
867 2545 1045 2599 hujusce
1067 2543 1211 2584 Febris
1239 2543 1466 2584 accedente
1487 2542 1594 2583 nihil

135 2631 262 2670 aegro
282 2615 459 2671 periculi
479 2619 555 2666 est,
576 2614 659 2655 nisi
679 2613 859 2655 officiose
880 2612 1007 2653 nimis
1029 2617 1071 2653 ct
1091 2611 1300 2652 inutiliter
1320 2611 1457 2651 multa
1476 2610 1593 2664 inge-

133 2690 286 2726 rantur
309 2684 495 2726 remedia
508 2701 519 2734 3
553 2683 665 2738 quod
691 2683 725 2723 si
749 2683 835 2732 fiat,
856 2696 970 2722 mors
994 2695 1069 2736 pro
1090 2680 1262 2721 Medico
1287 2684 1363 2720 est.
1424 2679 1593 2720 Verun-

133 2758 280 2794 tamen
304 2758 394 2794 tam
415 2752 568 2806 apthae
594 2765 721 2806 quam
747 2751 973 2804 singultus,
994 2749 1060 2790 vel
1079 2749 1233 2790 horum
1256 2747 1427 2798 utervis,
1451 2748 1485 2788 si
1506 2763 1593 2789 non

134 2825 284 2876 sponte
305 2821 495 2871 facessat,
519 2820 593 2862 sed
613 2820 658 2861 in
678 2819 856 2873 longum
880 2824 1048 2872 tempus
1070 2817 1279 2867 decurrat,
1301 2816 1421 2858 facile
1442 2816 1594 2870 fugan-

221 2923 248 2940 ’ὓ
274 2918 322 2949 Cf.
344 2920 463 2949 Obscrv.
484 2919 564 2950 Mul.
584 2928 612 2948 ν.
631 2919 657 2948 2.
677 2918 705 2953 9,
728 2917 774 2947 11.
1002 2920 1017 2935 ¹¹
1043 2914 1078 2954 a]
1099 2915 1149 2945 Sic
1168 2914 1236 2944 cdd.
1255 2918 1385 2950 recent„
1400 2926 1414 2945 ι’
1432 2914 1507 2955 Syd.
