1985 3308
276 151 797 196 OBSERVATIONUM
830 150 1208 191 MEDICARUM
1242 155 1304 188 VI.
1324 159 1357 196 2,
1374 160 1406 189 3.
1493 152 1574 192 245

125 266 252 314 gente
265 276 276 310 3
327 274 427 300 nam
462 272 536 313 per
571 257 614 297 id
649 257 851 310 temporis
888 256 1060 309 sanguis
1095 270 1119 296 a
1154 270 1263 296 nova
1298 256 1394 296 solis
1430 256 1583 297 vicinia
1638 268 1750 299 Ριευ-

122 328 404 369 excalefactus
429 328 474 367 in
498 325 832 367 effervescentias
858 331 899 366 et
921 325 1186 364 inordinatos
1211 328 1352 364 motus
1378 324 1581 364 effraena-
1601 370 1606 375 ⁸
1644 320 1746 342 '³⁸¹³‘
1768 360 1785 362 -

124 396 209 437 tius
225 396 324 436 ruit.
357 396 708 448 Temperamento
725 393 958 446 sanguineo
980 392 1192 445 praeditos
1205 406 1305 445 prae
1321 392 1493 445 reliquis
1510 406 1581 445 ag-
1599 375 1786 443 ζ’ζζῑῖιζῗιρῑ

125 463 329 517 greditur,
353 476 475 515 saepe
496 462 625 503 etiam
649 461 841 511 rusticos,
864 466 906 501 et
929 463 954 482 “
968 459 1075 500 duro
1098 459 1189 513 jam
1209 459 1363 499 fractos
1392 458 1583 499 membra
1600 455 1776 528 ¹t¹i¹sz<i¹¹¹3ulssff

124 531 310 572 labore.”
340 530 512 584 [Horat.
537 530 625 570 Sat.
648 530 675 570 i.
700 531 738 570 1.
761 528 823 584 5.]
861 529 902 569 A
916 528 1055 582 rigore
1070 528 1321 581 plerumque
1338 532 1465 580 atque
1485 527 1581 568 hor-
1600 520 1739 571 hivadat.

123 613 217 640 rore
234 598 410 649 orditur,
429 613 532 652 quos
554 598 769 652 excipiunt
790 597 915 647 calor,
938 596 1042 647 sitis,
1064 595 1329 650 inquietudo,
1352 601 1394 635 et
1416 599 1583 636 caetera
1600 591 1789 666 ᾗθρῐιζὶἒέθὸἒᾝ-

123 666 307 707 febrium
332 672 617 720 symptomata
637 666 731 720 plus
752 665 853 706 satis
873 670 988 706 nota.
1049 664 1214 718 Elapsis
1241 663 1432 717 pauculis
1453 662 1580 713 horis,
1599 677 1716 716 guineo

129 733 242 786 (licet
267 733 494 787 aliquando
522 734 659 773 multo
688 733 821 774 serius
850 732 1024 785 ingruat
1057 736 1297 785 symptoma
1322 730 1431 783 hoc,)
1458 743 1582 783 aeger
1599 720 1759 793 ffiffiffig’f

123 801 366 842 vehementi
386 801 541 851 dolore,
564 815 696 854 eoque
716 800 952 854 punctorio,
975 800 1021 839 in
1041 800 1223 840 laterum
1246 799 1450 839 alterutro
1473 798 1583 838 circa
1601 815 1661 844 que
1678 806 1754 854 frte-t

123 874 260 909 costas
287 869 524 922 corripitur,
552 869 624 922 qui
653 883 769 910 nunc
804 882 947 909 versus
980 859 1226 920 omoplatas,
1255 880 1371 907 nunc
1402 866 1580 920 spinam,
1599 854 1778 931 ᾒηιξὲἒὲᾓζ

124 951 239 977 nunc
261 951 309 977 ex
332 936 504 977 adverso
525 951 668 978 versus
690 937 902 977 anteriora
920 936 1102 990 pectoris
1124 950 1167 976 se
1188 939 1406 989 propagat.
1458 934 1581 975 Tussi
1598 934 1707 991 (litun,
1743 984 1750 990 ·

124 1006 253 1047 etiam
270 1006 416 1047 crebra
431 1007 644 1060 affligitur,
660 1021 766 1060 quae
782 1020 987 1060 magnum
1003 1005 1138 1046 adfert
1154 1005 1401 1055 cruciatum,
1417 1018 1442 1044 a
1453 1003 1582 1057 parti·
1601 984 1784 1058 fflggmlus-

127 1088 198 1114 um
218 1074 577 1115 inflammatarum
594 1076 867 1115 contentione
888 1073 1164 1123 ortum,unde
1186 1073 1382 1126 spiritum
1403 1071 1583 1112 subinde

125 1141 329 1195 reprimit,
347 1147 395 1182 ut
411 1142 547 1195 prima
567 1142 774 1183 tussiendi
790 1142 1009 1182 molimina
1029 1146 1233 1182 coerceat.
1268 1140 1389 1182 Quae
1405 1140 1583 1193 singulis

125 1209 284 1250 vicibus
301 1211 567 1251 anacatharsi
587 1211 779 1265 rejicitur
794 1210 985 1260 materia,
1004 1210 1081 1250 sub
1098 1209 1222 1250 im'tio
1239 1208 1376 1250 morbi
1389 1223 1526 1262 pauca
1541 1214 1584 1249 et

124 1278 267 1317 tenuis
298 1278 568 1331 conspicitur,
594 1283 637 1319 et
669 1292 792 1332 saepe
823 1277 1042 1331 sanguinis
1074 1277 1293 1331 particulis
1324 1277 1583 1326 intermista3

125 1345 198 1385 sed
219 1345 473 1399 procedente
494 1346 642 1387 morbo
663 1346 868 1400 copiosior
890 1351 953 1387 est
975 1351 1017 1387 et
1033 1346 1168 1399 magis
1185 1350 1398 1395 concocta,
1414 1345 1583 1398 sangui-

124 1426 179 1453 ne
197 1412 433 1453 etiamnum
447 1414 670 1467 permixto.
699 1413 849 1454 Febris
864 1414 1029 1454 interea
1042 1413 1133 1467 pari
1148 1427 1276 1467 passu
1290 1412 1462 1462 incedit,
1482 1412 1585 1465 quin

125 1485 168 1521 et
197 1480 304 1522 vires
335 1481 465 1522 sumit
496 1496 521 1522 a
552 1481 845 1536 symptomatis
874 1482 957 1522 illis
986 1495 1093 1535 quae
1124 1481 1176 1521 ab
1212 1481 1304 1534 ipsa
1335 1485 1585 1521 nascuntur.

125 1549 268 1602 Atque
290 1549 403 1590 dicta
421 1549 550 1590 febris
576 1564 674 1590 cum
693 1550 865 1590 funesto
892 1550 1099 1591 comitatu
1119 1549 1236 1590 omni
1265 1548 1387 1602 (tussi
1414 1548 1585 1598 seilicet,

124 1623 249 1671 sputo
280 1618 512 1672 sanguinis,
540 1618 694 1669 dolore,
724 1620 820 1672 etc.)
851 1633 926 1672 pro
957 1618 1121 1659 ratione
1149 1617 1355 1659 liberioris
1382 1617 1586 1657 materiae

124 1686 365 1727 morbificae
401 1687 752 1740 expectorationis
789 1688 947 1728 sensim
981 1687 1204 1727 minuitur.
1274 1686 1353 1740 [2]
1396 1687 1456 1726 At
1488 1699 1586 1725 vero

125 1754 303 1795 materia
328 1755 444 1795 hunc
469 1755 668 1796 morbum
695 1755 967 1796 committens
995 1770 1083 1796 non
1112 1768 1289 1808 semper,
1316 1754 1465 1796 eodem
1492 1767 1586 1807 pro-

125 1823 314 1874 cedente,
349 1824 666 1865 concoctionem
702 1823 1035 1878 expectorationi
1069 1824 1258 1864 debitam
1296 1823 1470 1876 attingit
1484 1840 1496 1873 3
1539 1823 1587 1862 fit

127 1891 240 1931 enim
267 1906 353 1932 non
380 1906 474 1932 raro
500 1897 549 1932 ut
579 1892 756 1932 materia
781 1893 964 1946 paucula
990 1892 1128 1933 adhuc
1156 1898 1199 1933 et
1225 1892 1380 1942 tenuis,
1405 1892 1513 1932 sicut
1542 1891 1587 1931 in

127 1959 332 2012 principio
362 1959 512 2010 morbi,
540 1960 759 2001 tussiendo
791 1960 1009 2010 educatur,
1040 1965 1082 2000 et
1115 1965 1426 2013 consequenter
1457 1959 1588 2000 febris

127 2043 223 2069 cum
252 2029 424 2082 reliquis
452 2030 744 2083 symptomatis
772 2044 826 2070 ne
851 2030 988 2070 hilum
1016 2031 1221 2081 remittat,
1249 2030 1383 2070 donec
1412 2044 1588 2083 aegrum

122 2097 392 2150 jugulaverit.
454 2098 595 2151 Aeger
628 2098 793 2138 interea
827 2112 943 2138 nunc
981 2099 1072 2138 alvo
1109 2103 1173 2138 est
1209 2098 1336 2138 nimis
1373 2097 1588 2146 adstricta,

127 2179 243 2205 nunc
283 2166 421 2205 soluta
466 2166 606 2216 nimis,
649 2165 955 2219 dejectionibus
1004 2165 1161 2206 crebris
1203 2171 1245 2205 et
1285 2165 1588 2218 liquidissimis.

127 2232 204 2273 Est
225 2233 310 2283 ubi,
334 2233 480 2273 morbo
503 2233 731 2274 admodum
753 2234 1051 2283 invalescente,
1075 2238 1116 2273 et
1140 2233 1480 2274 venae-sectione
1502 2247 1589 2273 non

127 2301 349 2352 celebrata,
379 2315 504 2355 aeger
533 2316 588 2342 ne
618 2302 772 2342 tussire
804 2302 973 2355 quidem
1004 2302 1153 2351 valeat,
1184 2301 1257 2342 sed
1287 2301 1464 2341 immani
1493 2301 1588 2355 dys-

127 2384 264 2423 pnoea
297 2370 492 2410 laborans
527 2376 699 2410 tantum
739 2385 827 2410 non
868 2370 1099 2411 suffocetur
1138 2369 1487 2410 inflammationis
1522 2369 1561 2409 vi
1576 2386 1586 2419 ;

129 2453 235 2491 quac
256 2444 377 2479 tanta
404 2439 630 2493 aliquando
654 2439 876 2493 reperitur,
898 2444 945 2479 ut
968 2445 1114 2492 pectus
1138 2453 1191 2479 ne
1214 2438 1267 2478 ad
1289 2438 1474 2492 spatium
1497 2438 1586 2491 qui-

129 2507 225 2548 dem
265 2508 531 2562 respirationi
567 2508 759 2548 debitum
796 2508 885 2547 sinc
921 2507 1247 2560 exquisitissimo
1284 2506 1426 2546 dolore
1460 2511 1586 2558 queat

128 2576 321 2630 expandi.
377 2576 454 2617 Est
486 2576 614 2617 etiam
646 2576 719 2616 ubi
747 2580 840 2629 post
872 2575 1092 2627 ingentem
1120 2573 1514 2623 inflammationem,
1544 2577 1586 2613 ct

128 2644 325 2685 omissam
358 2644 702 2698 phlebotomiam,
732 2657 838 2698 quae
871 2648 1071 2682 nascente
1105 2642 1251 2682 morbo
1284 2641 1421 2682 fuerat
1454 2641 1586 2694 impe-

127 2712 271 2763 randa,
293 2727 391 2753 mox
412 2713 466 2753 ad
487 2719 705 2767 apostema
725 2726 790 2752 res
813 2711 935 2760 redit,
958 2724 1061 2764 plue
1083 2710 1128 2749 in
1149 2709 1332 2750 thoracis
1361 2709 1584 2750 cavitatem

129 2781 307 2822 subinde
339 2781 530 2835 depleto,
573 2796 656 2834 quo
691 2781 737 2820 in
768 2794 880 2829 casu,
913 2778 1101 2832 quamvis
1134 2778 1332 2831 primaria
1359 2777 1488 2819 febris
1520 2778 1584 2818 vel

130 2888 212 2913 lenus
230 2887 300 2914 mihi
316 2886 430 2923 lit-nih)
451 2897 598 2924 nunquam
620 2886 677 2913 nisi
693 2882 819 2922 [masfla
883 2893 988 2911 murem
1018 2882 1151 2919 gerstun)
1181 2883 1375 2911 I'Ienrilitlcm
1398 2883 1476 2911 inter
1499 2884 1580 2911 ‹tvvi-

130 2927 213 2962 brim,
231 2932 319 2966 alque
342 2930 410 2958 him:
428 2928 476 2966 (ne
499 2930 662 2958 sententiae
682 2928 823 2966 propriae
884 2927 985 2955 (Ioulia
1003 2923 1275 2963 cnrmnerrssstbrem
1294 2927 1511 2964 consequentia.
