1985 3308
313 636 719 694 THOMAE
792 633 1343 695 SYDENHAM

436 787 762 834 TRACTATUS
800 787 875 834 DE
913 785 1221 834 PODAGRM.

156 925 338 966 PnocuL
360 925 489 966 dubio
514 926 802 967 aestimabunt
826 925 1020 966 homines
1042 925 1107 965 vel
1131 923 1265 965 morbi
1290 924 1341 964 de
1364 936 1447 976 quo
1468 922 1555 976 agi-

98 1008 194 1034 mus
213 999 413 1034 naturam
435 992 661 1044 δυσνόητον
682 1008 729 1035 ac
759 994 846 1034 fere
873 992 1343 1046 incomprehensibilem
1365 1004 1468 1040 esse,
1490 990 1557 1030 vel

98 1075 180 1112 me,
199 1075 325 1114 quem
341 1062 432 1116 jam
453 1061 505 1102 ab
528 1062 650 1102 annis
666 1061 846 1114 triginta
867 1059 1074 1114 quatuorb
1089 1059 1266 1109 vexavit,
1288 1058 1451 1112 ingenii
1470 1062 1556 1098 tar-

99 1129 261 1170 dissimi
297 1143 344 1170 ac
376 1143 546 1182 prorsus
581 1129 760 1179 hebetis,
794 1143 892 1169 cum
920 1142 1038 1168 meac
1069 1132 1159 1168 tam
1196 1127 1247 1167 de
1282 1127 1372 1180 ipso
1407 1125 1557 1166 morbo

99 1211 227 1250 quam
244 1197 295 1238 de
317 1198 407 1250 ejus
429 1197 648 1238 curatione
670 1196 983 1237 observationes
1004 1196 1065 1236 ita
1084 1209 1235 1249 parum
1257 1194 1363 1235 votis
1384 1207 1557 1246 respon-

99 1264 242 1304 deant.
305 1265 418 1305 Utut
440 1270 586 1304 tamen
607 1278 650 1304 se
673 1278 739 1304 res
760 1263 929 1312 habeat,
952 1277 1030 1315 ego
1057 1262 1169 1303 bona
1197 1262 1347 1302 saltem
1368 1261 1451 1301 fide
1471 1264 1556 1300 tra-

99 1329 197 1370 dam
229 1345 335 1384 quae
362 1331 569 1371 hactenus
601 1331 749 1370 rescivi
780 1330 923 1370 onmia
939 1347 950 1379 ς
984 1329 1253 1369 difficultates
1290 1327 1557 1380 salebrasque

97 1399 183 1440 sive
207 1399 417 1439 rationem
441 1398 579 1439 morbi
604 1399 748 1452 ipsius,
779 1398 863 1438 sive
894 1397 1124 1437 curationis
1155 1396 1418 1445 methodum,
1442 1408 1557 1448 spec-

96 1470 252 1517 tantes,
275 1466 484 1520 Tempori,
509 1466 607 1506 duci
633 1466 835 1515 veritatis,
864 1464 1116 1505 evincendas
1143 1463 1557 1518 complanandasque

96 1534 353 1587 relinquens,

163 1601 242 1656 [2.]
280 1601 474 1654 Podagra
501 1614 570 1641 eos
600 1600 835 1654 plerunque
868 1614 988 1640 senes
1019 1599 1195 1650 invadit,
1219 1599 1303 1653 qui,
1332 1602 1557 1652 postquam
1577 1602 1762 1651 Quosprae·

96 1670 290 1711 meliores
320 1670 430 1710 vitae
462 1669 549 1710 dies
576 1670 745 1710 mollius
777 1683 824 1710 ac
855 1669 1075 1709 delicatius
1096 1668 1396 1721 transegerint,
1423 1667 1557 1721 epulis
1575 1656 1667 1718 Zpdlff
1676 1656 1760 1718 1¹:¹31,

97 1738 362 1789 lautioribus,
384 1739 496 1788 vino,
520 1738 695 1791 aliisque
725 1737 960 1791 liquoribus
983 1737 1232 1790 spirituosis,
1254 1736 1470 1776 liberalius
1492 1735 1557 1776 in-
1576 1738 1682 1770 agrae.

99 1805 334 1859 dulgentes,
351 1806 527 1846 tandem
546 1805 598 1845 ob
620 1805 850 1858 pigritiam,
869 1805 1020 1845 aetatis
1041 1803 1373 1857 ingravescentis
1395 1817 1558 1856 semper

98 1873 310 1923 comitem,
345 1887 395 1913 ea
434 1872 617 1926 corporis
649 1872 846 1912 exercitia
880 1872 1051 1924 penitus
1088 1871 1267 1911 omisere
1303 1871 1456 1924 quibus
1487 1871 1556 1924 ju-

98 1953 225 1980 venes
258 1944 539 1980 assueverant.
601 1939 671 1979 Ad
698 1939 815 1989 haec,
845 1939 918 1979 isti
951 1939 1023 1992 qui
1050 1939 1149 1979 huic
1174 1937 1323 1978 morbo
1351 1942 1451 1978 sunt
1482 1938 1555 1978 ob-

99 2007 227 2058 noxii,
250 2007 393 2048 crania
421 2007 583 2047 habent
615 2006 940 2059 grandiuscula3
971 2006 1122 2046 habitu
1143 2005 1328 2058 corporis
1353 2010 1403 2045 ut
1425 2005 1554 2058 pluri-

99 2089 219 2116 mum
236 2079 335 2114 sunt
352 2074 542 2127 pleniori,
559 2073 748 2123 humido,
767 2078 809 2114 et
825 2074 920 2114 laxo
933 2090 944 2123 3
968 2078 1010 2114 et
1027 2073 1376 2113 constitutionem
1391 2071 1554 2112 habent

99 2156 246 2184 omnes
267 2142 555 2182 luxuriantem
577 2141 853 2194 virosamque,
877 2140 1086 2181 ditissima
1111 2145 1237 2194 atque
1266 2139 1426 2193 optima
1445 2139 1554 2180 vitae

99 2210 295 2252 stamina.

163 2278 243 2332 [3.]
280 2278 384 2318 Non
414 2276 527 2330 quod
558 2277 752 2331 Podagra
782 2292 852 2318 eos
884 2277 1022 2318 solum
1050 2277 1278 2327 adoriatur,
1311 2275 1383 2328 qui
1414 2289 1553 2316 crasso

99 2349 142 2385 et
175 2344 422 2398 corpulento
452 2344 603 2384 habitu
641 2344 868 2395 donantur,
900 2359 997 2384 cum
1029 2343 1256 2397 aliquando
1293 2342 1420 2382 ctiam
1458 2342 1553 2394 (etsi

98 2412 264 2463 rarius,)
308 2412 482 2464 graciles
523 2425 570 2452 ac
609 2412 857 2453 macilentos
898 2412 1070 2452 invadat
1087 2429 1098 2461 ;
1150 2424 1288 2463 neque
1330 2409 1441 2463 quod
1481 2409 1552 2450 hic

99 2478 272 2519 morbus
302 2479 349 2518 in
388 2478 585 2519 omnibus
617 2480 782 2519 senium
813 2480 1117 2533 praestoletur:
1151 2478 1405 2531 quandoque
1437 2477 1551 2518 enim

99 2547 228 2587 etiam
250 2550 388 2586 aetate
407 2546 605 2587 florentes
625 2547 810 2600 corripit,
833 2548 996 2600 quoties
1013 2547 1171 2588 scilicet
1186 2545 1396 2586 infoelicia
1417 2544 1553 2585 morbi

98 2614 262 2654 semina
283 2628 307 2654 a
327 2613 574 2667 parentibus
596 2614 714 2667 quasi
742 2629 790 2655 ex
818 2615 991 2655 traduce
1019 2614 1257 2667 acceperint
1271 2631 1282 2663 3
1314 2613 1391 2662 vel,
1415 2612 1448 2652 si
1472 2612 1553 2652 hoc

99 2696 188 2723 non
216 2681 358 2731 fuerit,
385 2681 634 2722 immodicae
656 2682 815 2722 Veneri
839 2682 1149 2735 praematmius
1180 2681 1449 2730 indulserint,
1478 2684 1552 2720 aut

100 2749 308 2791 exercitiis
334 2749 508 2790 omnino
532 2748 822 2800 valedixerint‚
846 2750 999 2803 quibus
1025 2749 1141 2803 prius
1173 2749 1302 2789 etiam
1328 2748 1552 2788 vehemen-

143 2865 156 2879 ⁸
180 2860 229 2892 Cf.
246 2863 379 2892 Process.
398 2862 457 2891 Im.
475 2871 501 2891 c.
520 2862 570 2891 61.
941 2865 952 2878 ⁰
977 2860 1076 2890 Deest
1097 2862 1219 2891 Elem-h.
1238 2861 1308 2890 Rer.
1326 2860 1357 2890 iu
1375 2859 1422 2890 cd.
1441 2860 1501 2890 ¹83.

145 2902 158 2922 '¹
183 2903 233 2934 Cf.
249 2904 304 2934 inf.
323 2905 337 2942 ξ
358 2904 392 2935 71
409 2916 416 2939 ;
441 2905 539 2942 Epist.
558 2905 699 2944 Respons.
717 2905 742 2934 I.
760 2906 775 2941 ᾧ
797 2905 822 2933 1.

792 2957 866 2995 30
