1985 3308
805 568 869 598 m:

450 701 697 759 MICTU
758 700 1214 758 SANGUINEO

392 867 423 899 A
463 865 693 900 CALCULO
735 866 962 900 RENIBUS
1006 865 1269 899 IMPACTOa.

161 972 377 1018 QUAMws
407 977 590 1018 hominis
616 978 757 1018 minus
788 978 902 1018 cauti
932 982 974 1018 et
1004 977 1224 1031 prudentis
1246 990 1334 1017 esse
1354 977 1559 1027 videatur,

102 1044 437 1085 observationem
468 1045 514 1085 in
544 1046 694 1099 vulgus
725 1060 933 1099 spargere,
970 1047 1089 1099 cujus
1119 1045 1166 1085 in
1197 1059 1240 1085 se
1270 1044 1359 1098 ipso
1385 1049 1559 1085 tantum

102 1112 437 1165 experimentum
467 1114 652 1166 ceperit3
682 1128 809 1154 nemo
835 1119 982 1153 tamen
1016 1113 1207 1166 (Opinon)
1234 1126 1390 1165 aequus
1415 1125 1560 1152 rerum

102 1182 261 1222 arbiter
288 1197 412 1235 aegre
443 1183 562 1232 feret,
589 1197 671 1233 me,
695 1183 767 1236 qui
791 1183 957 1223 tamdiu
981 1187 1186 1235 tantaque
1222 1196 1247 1221 a
1279 1182 1418 1222 Mictu
1451 1181 1556 1220 San-

102 1250 271 1302 guineo,
289 1265 313 1290 a
329 1250 500 1290 Calculo
517 1250 707 1291 Renibus
727 1250 911 1303 impacto
933 1254 1036 1300 orto,
1052 1249 1204 1289 fuerim
1224 1263 1462 1302 perpeSSUS,
1480 1249 1560 1288 hu-

101 1317 308 1358 manitate
333 1323 375 1358 et
395 1317 664 1358 miseratione
686 1331 785 1370 erga
807 1317 967 1358 sodales
997 1317 1044 1357 in
1067 1317 1147 1356 hoc
1177 1317 1289 1356 malo
1310 1330 1426 1356 meos
1449 1329 1561 1356 com-

102 1389 281 1435 motum,
303 1385 353 1425 iis
381 1385 453 1438 qui
477 1385 627 1425 eodem
652 1385 799 1425 morbo
828 1384 1055 1425 excruciari
1082 1384 1334 1437 quandoque
1361 1383 1561 1436 poterint,

101 1453 184 1493 ista
197 1452 383 1493 remedia
396 1452 581 1493 indicare
596 1466 701 1505 quae
714 1452 819 1491 mihi
835 1451 1004 1505 aliquali
1019 1451 1217 1491 levamini
1232 1451 1416 1500 fuerunt,
1432 1465 1563 1503 quan-

102 1520 300 1561 tumlibet
320 1520 508 1573 vulgaria
527 1525 570 1560 et
590 1510 714 1560 nihili
732 1519 925 1560 facienda
944 1519 1052 1559 forte
1072 1519 1308 1559 videantur.

167 1588 247 1641 [2.]
284 1588 414 1629 Anno
441 1589 553 1628 1660
576 1587 763 1641 podagra
791 1601 859 1628 me
889 1587 1052 1637 invasit,
1083 1600 1334 1640 paroxysmo
1364 1590 1457 1626 tum
1486 1586 1564 1626 im-

102 1655 292 1696 maniore
311 1659 406 1695 tum
428 1655 703 1705 diuturniore,
727 1669 854 1708 quam
874 1655 990 1708 prius
1011 1668 1215 1708 unquam,
1237 1653 1440 1694 miserum
1462 1653 1564 1693 affli-

104 1737 221 1777 gens,
265 1723 376 1763 Cum
401 1737 451 1763 ex
478 1723 556 1764 hac
583 1737 707 1763 causa
735 1723 891 1764 aestivo
912 1727 1103 1776 tempore
1123 1722 1189 1762 vel
1211 1722 1325 1762 intra
1344 1721 1409 1761 vel
1440 1735 1566 1774 supra

105 1791 263 1832 lectum
284 1791 536 1832 submollem
551 1791 713 1844 jugiter
744 1791 798 1831 ad
825 1791 930 1831 duos
958 1804 1126 1831 menses
1157 1789 1465 1839 decumberem,
1488 1789 1565 1828 sub

104 1859 235 1899 finem
268 1859 509 1912 paroxysmi
541 1858 727 1899 dolorem
758 1858 958 1899 hebetem
993 1862 1036 1898 et
1072 1857 1271 1898 obtusum
1303 1856 1487 1896 maxime
1519 1856 1565 1896 in

106 1925 277 1966 sinistro
299 1926 431 1976 Rene,
452 1939 764 1978 nonnunquam
793 1925 906 1977 (licet
932 1925 1094 1976 rarius,)
1120 1928 1162 1964 et
1191 1924 1237 1963 in
1265 1923 1424 1973 dextro,
1446 1923 1566 1976 coepi

103 1993 421 2048 persentiscere.
478 1993 521 2034 A
552 1993 740 2046 podagra
774 1992 1081 2033 convalescenti
1114 1991 1316 2032 haerebat
1347 1994 1565 2043 utcunque

107 2061 278 2102 Renum
298 2059 429 2110 dolor,
452 2060 524 2113 qui
550 2073 625 2113 per
644 2060 866 2100 intervalla
887 2059 1108 2112 quaedam,
1130 2059 1374 2099 nullatenus
1400 2063 1563 2109 acutus,

106 2128 182 2169 sed
208 2128 309 2168 satis
335 2127 579 2177 tolerabilis,
606 2141 676 2168 me
704 2127 984 2167 submonebat
997 2143 1009 2176 ;
1044 2126 1236 2166 nondum
1267 2125 1381 2165 enim
1408 2125 1563 2166 Parox-

2 2246 6 2253 Ὺ
57 2243 59 2245 ¹
105 2209 226 2250 ysmo
253 2194 504 2249 Nephritico
531 2194 672 2249 (cujus
699 2199 808 2251 ‚sunt
836 2195 1010 2236 comites
1043 2194 1162 2234 dolor
1191 2194 1343 2246 ingens
1374 2207 1449 2246 per
1469 2207 1563 2234 ure-

106 2268 248 2304 terum
270 2263 422 2304 duetus
442 2263 623 2303 vesicam
643 2276 786 2303 versus
813 2261 1010 2311 tendens,
1032 2265 1127 2301 tum
1153 2260 1327 2300 vomitio
1347 2259 1560 2313 enormis,)

106 2331 174 2371 vel
203 2331 333 2371 semel
363 2330 662 2370 laboraveram.
724 2328 925 2371 Quamxis
951 2341 1048 2368 vero
1074 2327 1267 2368 nondum
1288 2326 1465 2366 aderant
1484 2326 1566 2366 ista

108 2398 271 2440 Calculi
303 2399 473 2439 Renum
504 2397 670 2447 indicia,
705 2411 801 2438 cum
836 2397 998 2437 ratione
1039 2400 1184 2436 tamen
1211 2395 1454 2449 judicabam
1494 2409 1563 2436 me

111 2466 336 2508 Calculum
351 2467 462 2507 mole
481 2465 756 2518 insigniorem
775 2465 822 2504 in
838 2465 1006 2505 Renum
1025 2463 1135 2516 pelvi
1156 2468 1319 2516 gestare
1334 2478 1347 2514 3
1379 2464 1451 2516 qui
1467 2477 1565 2503 cum

107 2537 242 2591 major
262 2541 371 2576 esset
393 2548 520 2589 quam
549 2538 597 2574 ut
624 2547 675 2574 ex
704 2533 813 2587 pelvi
840 2532 952 2572 dicta
971 2532 1016 2572 in
1036 2536 1254 2571 ureterum
1283 2531 1435 2571 ductus
1456 2531 1566 2572 elabi

108 2609 262 2659 posset,
295 2603 509 2658 praedicta
536 2605 820 2655 symptomata
848 2614 936 2641 non
967 2599 1125 2640 intulit.
1188 2599 1285 2640 Qua
1311 2599 1356 2638 in
1382 2613 1441 2649 re,
1469 2603 1565 2651 post

109 2686 243 2713 annos
263 2671 418 2712 multos
446 2670 620 2722 elapsos,
641 2683 710 2709 me
730 2668 1038 2708 hallucinatum
1058 2681 1147 2708 non
1167 2666 1295 2707 fuisse
1316 2671 1430 2707 certo
1452 2680 1564 2706 com-

109 2739 222 2794 peri:
254 2739 412 2780 etenim
442 2751 539 2778 cum
569 2737 722 2777 bruma
752 2736 853 2777 anni
877 2736 999 2785 1676,
1022 2734 1165 2775 statim
1191 2748 1215 2774 a
1244 2734 1380 2774 soluto
1399 2733 1564 2786 rigidis-

111 2807 216 2849 simo
233 2807 340 2861 gelu,
359 2806 432 2847 diu
446 2805 715 2858 multumque
732 2803 1083 2853 obambulassem,
1099 2801 1268 2843 urinam
1284 2816 1381 2843 mox
1401 2801 1566 2843 reddidi

627 2894 642 2910 ³
668 2889 716 2919 Cf.
734 2890 869 2919 Process.
885 2889 945 2918 lut.
963 2897 987 2918 c.
1007 2889 1055 2917 21.

801 2943 826 2980 3
851 2955 876 2981 x
