1985 3308
234 153 756 196 OBSERVATIONUM
790 154 1165 196 MEDICARUM
1195 162 1256 195 lv.
1284 168 1315 197 7.
1423 160 1502 200 197

47 261 348 313 Quamobrem,
382 261 534 302 doloris
575 260 778 301 indicium
819 266 1002 311 secutus,
1044 262 1306 303 narcoticum
1345 270 1503 317 repeto,
1551 273 1682 302 θυμω

44 329 178 369 donec
209 329 272 368 vel
304 329 524 369 cessaverit
555 328 638 378 ille,
670 329 735 368 vel
766 328 996 369 admodum
1027 329 1152 370 fuerit
1181 330 1424 383 mitigatus3
1457 346 1506 371 eo
1526 315 1707 386 idz¹x¹v‹¹›iiii1

43 397 318 437 nihilominus
340 397 561 450 interjecto
581 396 782 450 temporis
803 397 950 450 spatio,
973 402 1021 437 ut
1043 403 1307 451 compertum
1331 398 1432 438 mihi
1454 399 1507 439 sit
1549 400 1685 430 ’TO-'72-

45 464 145 517 quid
177 478 201 504 a
236 464 326 505 dosi
366 464 644 518 praecedente
677 464 833 517 sperari
869 464 1033 514 debeat,
1067 470 1297 518 antequam
1329 467 1508 506 alteram

44 532 338 585 superaddam.
400 532 656 585 Plerumque
686 545 796 582 vero,
819 532 900 572 nisi
929 532 1003 573 ubi
1035 547 1199 573 summe
1229 533 1343 586 viget
1374 534 1505 585 dolor,

43 599 334 653 paregoricum
364 613 490 639 mane
527 604 569 640 et
603 613 693 639 sero
725 599 959 639 exhibitum
992 600 1181 641 sufficiet.
1243 601 1507 655 Anodynum

44 667 148 707 mihi
163 666 366 707 familiare
386 667 619 707 laudanum
640 667 754 707 istud
775 667 984 720 liquidum
1005 672 1068 708 est
1090 682 1217 721 supra
1245 669 1298 722 [c.
1314 671 1354 710 3.
1374 671 1395 724 ξ
1415 669 1500 723 La]

44 734 315 788 descriptum,
338 735 459 788 cujus
489 739 637 788 guttae
666 734 847 775 sedecim
869 735 913 775 in
942 749 1051 788 aqua
1081 736 1272 776 cardiaca
1302 737 1508 778 stillatitia

44 802 290 852 solvuntur,
322 803 386 842 vel
408 808 588 855 augetur
610 802 720 843 dosis
741 816 817 856 pro
839 803 992 844 doloris
1013 804 1324 857 magnitudine.

109 870 188 923 [8.]
229 869 548 923 Simplicissima
586 870 691 910 haec
732 870 970 921 methodus,
1008 885 1091 924 qua
1130 871 1315 925 primum
1355 872 1509 913 humor

43 951 220 990 peccans
243 938 578 978 venae-sectione
599 943 640 978 et
662 938 914 990 purgatione
929 944 1168 989 evacuatur,
1187 939 1339 980 deinde
1360 954 1506 981 narco-

43 1005 224 1046 ticorum
256 1020 333 1059 ope
365 1006 613 1046 conciliatur
638 1006 767 1058 quies,
793 1020 956 1060 semper
983 1007 1087 1047 mihi
1114 1008 1351 1048 felicissime
1382 1008 1507 1049 cessit

44 1087 142 1126 prae
168 1073 258 1114 aliis
281 1087 387 1126 quae
408 1073 514 1112 mihi
543 1073 751 1114 hactenus
782 1074 1007 1115 innotuere
1033 1075 1230 1115 omnibus
1243 1093 1255 1125 3
1287 1089 1385 1115 cum
1407 1089 1504 1115 ene-
1525 1083 1685 1132 Enenyata

44 1145 159 1181 mata
189 1140 481 1191 carminantia,
505 1154 554 1181 eo
576 1141 660 1181 fine
688 1141 845 1194 injecta
871 1147 919 1182 ut
950 1142 1148 1182 humores
1170 1157 1284 1183 acres
1310 1143 1503 1183 extermi-
1523 1136 1708 1199 ξῑῗζῚζῑιίἰζᾞζζζ

42 1212 161 1258 nent,
176 1208 400 1248 crabrones
413 1208 579 1248 irritent
593 1212 776 1258 tantum,
791 1213 833 1249 et
847 1209 1058 1250 concitato
1071 1210 1300 1250 humorum
1313 1210 1506 1250 tumultu
1524 1211 1642 1240 nim-em

43 1275 353 1316 diuturniorem
387 1275 568 1315 reddant
608 1276 819 1316 morbum.
884 1277 966 1317 Hic
1000 1281 1144 1317 autem
1176 1277 1382 1330 imprirms
1416 1277 1504 1317 ani-
1522 1254 1668 1326 ῗζὲᾏιίἶῖζῖ

43 1343 249 1383 madverti
273 1343 380 1393 volo,
404 1343 529 1396 quod,
551 1343 650 1383 licet
678 1348 768 1383 tam
789 1344 1120 1396 phlebotomiam
1144 1359 1269 1398 quam
1292 1346 1506 1386 catharsin

42 1410 140 1453 huic
161 1410 336 1451 sedandi
356 1410 557 1451 methodo
578 1410 811 1451 necessario
832 1425 921 1451 esse
946 1412 1303 1464 praemittendam
1326 1413 1505 1453 affirma-

41 1493 150 1531 vero,
159 1494 468 1533 nonnunquam
482 1484 641 1529 tamen,
654 1480 713 1532 (re
727 1479 786 1519 ita
799 1480 1071 1533 postulante,)
1084 1494 1134 1520 ea
1146 1484 1325 1534 utraque
1339 1481 1505 1532 omissa,

43 1563 68 1589 a
87 1548 339 1602 paregoricis
360 1548 563 1588 ordienda
583 1548 669 1588 tela
690 1552 766 1589 est.
829 1548 1024 1601 Exempli
1045 1549 1193 1601 gratia,
1216 1549 1291 1589 ubi
1311 1549 1364 1590 ob
1386 1563 1505 1603 prae·
1525 1564 1608 1595 Cum
1625 1577 1698 1597 eva-

0 1623 1 1640 ¹
43 1631 229 1671 gressam
260 1617 570 1671 aegritudinem
601 1617 785 1670 aliquam
816 1617 1109 1658 evacuationes
1140 1617 1389 1671 copiosiores
1417 1633 1504 1659 non
1523 1609 1712 1690 ἓὲζξὲῖξζῗος

43 1685 104 1726 ita
134 1685 208 1725 diu
232 1690 332 1726 ante
363 1685 531 1726 Colicae
563 1685 795 1725 adventum
825 1685 1050 1725 institutae
1078 1685 1251 1736 fuerint,
1283 1686 1385 1739 (non
1410 1700 1505 1727 raro
1523 1703 1584 1723 nou
1602 1694 1682 1742 diu·

43 1753 159 1794 enim
199 1753 252 1794 ob
293 1753 501 1794 viscerum
543 1753 820 1803 debilitatem,
862 1753 1046 1793 maxime
1087 1753 1122 1792 si
1158 1753 1330 1794 accedat
1370 1753 1506 1807 major
1522 1741 1595 1766 ante
1613 1737 1699 1766 0⁰¹*

1523 1788 1577 1808 cae
1590 1779 1707 1809 adven-

44 1821 192 1862 caloris
224 1821 379 1874 gradus
413 1836 438 1862 a
467 1822 566 1862 vino
601 1821 667 1861 vel
703 1821 929 1874 spirituoso
963 1821 1126 1874 liquore
1162 1822 1244 1862 alio
1279 1821 1504 1862 immodice
1523 1825 1592 1851 tum
1610 1822 1677 1851 fue-

43 1888 210 1938 hausto,
229 1888 301 1941 qui
323 1902 458 1941 nuper
479 1888 531 1929 ab
554 1888 635 1928 alio
657 1888 907 1929 convaluere
929 1888 1076 1928 morbo
1097 1889 1144 1929 in
1164 1889 1280 1929 hunc
1300 1889 1503 1943 praecipi·
1522 1869 1691 1941 &gfff

46 1956 224 2007 tantur,)
255 1955 335 1995 hoc
361 1955 581 2008 (inquam‚)
606 1955 651 1995 in
683 1969 783 1995 casu
809 1969 898 1995 non
927 1956 1054 1996 modo
1084 1971 1173 1996 non
1203 1957 1502 2007 necessarium,
1520 1949 1713 2021 ξῗγξιῖᾔῖὲὲῖιῗξ

47 2022 120 2062 sed
141 2027 183 2063 et
204 2022 379 2063 noxium
401 2036 490 2063 esse
519 2036 682 2072 censeo,
706 2022 788 2062 alia
811 2023 986 2076 insuper
1013 2023 1250 2076 adjiciendo
1272 2024 1505 2064 cathartica
1522 2034 1705 2073 eipienduzn

46 2104 175 2130 novos
216 2089 398 2130 excitare
439 2090 665 2140 tumultus,
704 2094 832 2142 atque
872 2090 1016 2130 omnia
1056 2091 1197 2131 denuo
1241 2091 1504 2144 perturbare.
1523 2080 1588 2105 ‘³⁵⁸

46 2157 161 2198 Illud
177 2158 267 2211 jam
289 2163 420 2206 taceo,
440 2158 552 2210 quod
574 2158 619 2197 in
639 2157 718 2198 hoc
741 2158 896 2198 affectu
917 2171 1042 2210 aeger
1058 2163 1106 2198 ut
1127 2158 1372 2211 plurimum,
1390 2158 1507 2211 prius

47 2239 174 2279 quam
202 2225 449 2266 consulatur
477 2224 688 2274 Medicus,
710 2225 891 2278 repetito
919 2229 1166 2265 cnematum
1193 2240 1275 2265 usu
1302 2225 1509 2265 intestina

47 2293 148 2333 satis
178 2292 335 2346 proluit
350 2310 361 2341 3
393 2293 453 2333 ita
475 2297 522 2333 ut
554 2292 710 2346 partim
730 2293 810 2333 hac
839 2292 890 2332 de
921 2306 1060 2342 causa,
1083 2293 1238 2346 partim
1260 2293 1313 2333 ob
1343 2293 1507 2333 diutur-

47 2360 211 2410 niorem
230 2360 369 2401 morbi
399 2374 576 2410 moram,
599 2359 815 2401 narcotica
835 2359 921 2400 fere
953 2360 1041 2400 sola
1065 2360 1111 2400 in
1137 2374 1263 2400 usum
1283 2360 1509 2400 videantur

49 2427 296 2468 revocanda.

113 2495 192 2549 [9.]
232 2495 384 2536 Mense
420 2496 632 2548 Augusto,
667 2496 791 2545 1671,
824 2494 1111 2536 nobilissimus
1149 2495 1360 2535 Dominus
1397 2495 1508 2535 Baro
1527 2501 1596 2541 ejus
1611 2501 1655 2531 rei

49 2563 254 2617 Annesly,
277 2564 420 2604 Colica
441 2564 599 2604 Biliosa
623 2563 820 2604 laborans
849 2577 946 2604 cum
975 2563 1167 2603 cruciatu
1187 2562 1442 2603 intolerabili
1465 2568 1508 2603 ct
1526 2544 1710 2626 {ssggfflffiffln

48 2631 261 2685 frequenti
281 2632 612 2682 vomitur-itione,
631 2633 722 2686 jam
745 2632 796 2672 ab
821 2631 982 2684 aliquot
1008 2631 1169 2680 diebus,
1193 2631 1246 2671 ad
1270 2630 1509 2672 Castellum
1526 2634 1586 2659 tur.

49 2699 101 2740 de
122 2700 290 2741 Bclvoir
312 2700 505 2741 accersiri
527 2714 595 2740 me
612 2700 741 2754 jussit
759 2717 766 2739 :
800 2700 966 2739 nullum
992 2714 1077 2740 nou
1092 2705 1338 2740 enematum
1361 2713 1509 2752 genus,

48 2771 175 2821 atque
197 2769 279 2808 alia
301 2769 476 2822 insuper
496 2768 697 2818 remedia,
722 2783 746 2808 a
767 2767 948 2808 Medicis
967 2767 1221 2807 doctissimis
1238 2767 1512 2820 experientis-

50 2834 247 2889 simisquc
276 2851 324 2877 co
352 2836 542 2877 locorum
573 2835 828 2888 degentibus
857 2835 1115 2888 praescripta
1141 2835 1230 2888 jam
1260 2839 1512 2875 tentaverat.

51 2902 154 2956 Ego,
172 2905 300 2945 nullis
325 2919 425 2945 usus
449 2904 715 2957 ambagibus,
738 2903 967 2957 repetitum
991 2904 1300 2945 narcotieorum
1322 2918 1447 2944 usum
1465 2903 1518 2943 ad
