1985 3308
246 165 770 207 OBSERVATIONUM
801 163 1178 206 MEDICARUM
1211 168 1253 200 V.
1285 171 1310 202 1.
1425 163 1505 201 205

117 273 195 326 [3.]
234 274 506 314 Praemature
535 273 763 314 admodum
790 276 993 325 sequente
1026 283 1152 319 anno,
1174 281 1321 309 mense
1347 267 1504 307 scilieet
1535 277 1700 307 CONSTlT.

53 341 271 391 Januario,
293 341 550 382 invadebant
581 341 786 390 Morbilli,
814 339 930 380 haud
957 339 1098 378 minus
1129 335 1351 390 epidemici
1378 339 1504 387 atque
1524 320 1707 391 Αἶᾚζξζζι

52 415 173 449 013111
203 410 274 450 isti
303 410 374 463 qui
405 410 552 451 eodem
582 410 715 450 ferme
744 413 934 461 tempore
966 406 1069 446 anni
1098 406 1209 446 1670
1240 404 1410 444 fuerant
1439 402 1503 442 in·
1524 405 1707 455 ssfflJJPJ

52 477 195 529 gressi.
256 478 430 518 Etenim
450 478 497 518 111
517 477 681 518 nullam
707 490 796 517 non
815 476 902 516 fere
923 474 1127 515 familiam
1149 487 1194 513 se
1214 471 1503 519 insinuabant,
1561 467 1676 502 1674.

51 544 236 585 infantes
268 559 367 598 prae
408 545 583 586 caeteris
619 558 765 586 omnes
806 542 954 584 adorti.
1015 542 1119 582 Non
1152 545 1297 581 autem
1330 538 1506 593 perinde

50 613 263 666 regulares
304 618 438 664 erant,
475 628 614 668 neque
648 618 800 667 typum
834 612 896 652 ita
936 611 990 652 ad
1025 610 1228 651 amussim
1269 607 1506 657 servabant,

52 685 180 734 atque
209 680 280 721 isti
313 681 385 735 qui
420 682 634 735 praedicto
667 695 780 722 anno
813 679 1088 720 infestabant.
1150 678 1216 718 De
1250 677 1330 717 hac
1363 680 1507 716 autem

51 747 221 788 illorum
242 748 294 789 ab
315 749 494 790 invicem
512 749 795 803 discrepantia
813 749 936 802 plura
957 747 1094 788 dicam
1110 745 1185 786 ubi
1206 745 1257 785 de
1278 744 1360 784 illis
1382 757 1507 796 agam

52 816 348 869 particularius
377 818 428 871 [e.
453 817 532 871 3.].
568 817 629 858 Hi
649 817 784 870 magis
805 816 941 856 indies
962 815 1180 868 magisque
1202 811 1507 867 grassabantur

53 883 107 923 ad
132 884 445 937 aequinoctium
474 899 608 939 usque
628 885 809 934 vernale,
833 899 857 925 3
878 898 960 938 quo
980 888 1171 936 tempore
1196 881 1346 921 iisdem
1368 879 1508 933 gradi-

53 950 133 991 bus
155 952 463 1004 decrescebant,
486 953 620 994 donee
648 953 773 1007 paulo
794 957 889 1006 post
915 952 1104 1004 elapsum
1132 949 1361 990 solstitium
1383 947 1508 988 aesti-

53 1033 154 1059 vum
174 1020 349 1061 tandem
371 1026 681 1062 evanescerent.

120 1088 198 1141 [42]
239 1089 357 1129 Sicut
379 1094 523 1130 autem
544 1089 736 1130 Morbilli
757 1088 990 1142 epidemici,
1014 1088 1086 1141 qui
1106 1085 1363 1127 invadebant
1384 1084 1508 1125 initio

55 1156 157 1196 anni
190 1157 313 1207 1670,
337 1158 529 1198 Variolas
557 1158 698 1211 nigras
723 1157 882 1197 ibidem
913 1156 1142 1209 descriptas
1163 1153 1506 1201 introducebant,

54 1223 100 1263 hi
125 1224 283 1277 pariter
303 1225 418 1266 haud
442 1226 583 1265 minus
614 1226 847 1279 epidemici,
871 1225 943 1279 qui
969 1224 1091 1264 initio
1112 1224 1239 1277 hujus
1262 1221 1363 1262 anni
1395 1234 1508 1261 com-

0 1337 1 1342 1
54 1292 272 1344 parebant,
304 1293 571 1334 Variolarum
612 1294 792 1348 speciem
826 1293 1099 1334 introduxere
1134 1291 1204 1331 isti
1238 1289 1511 1344 persimilem.

0 1366 1 1393 ἱ
56 1359 165 1400 Cum
181 1361 294 1400 0111111
316 1361 442 1414 (quod
459 1362 574 1415 prius
603 1362 672 1415 [iv.
696 1363 735 1401 6.
759 1361 818 1415 8.]
847 1365 910 1401 est
926 1360 1153 1412 notatum,)
1172 1358 1369 1398 Variolae
1390 1370 1509 1410 prae-

54 1427 242 1468 cedentis
263 1429 580 1470 constitutionis
601 1435 694 1482 post
715 1429 875 1483 priores
897 1442 1030 1469 annos
1047 1427 1152 1467 duos
1172 1425 1364 1479 pustulas
1387 1424 1508 1464 emit-

53 1499 194 1536 terent
215 1495 356 1536 minus
378 1510 426 1537 ac
445 1497 587 1537 minus
608 1497 879 1550 nigricantes,
896 1496 1075 1549 majores
1096 1494 1268 1546 insuper
1289 1491 1446 1532 sensim
1467 1495 1510 1531 et

55 1564 248 1617 majores,
266 1564 399 1605 donec
420 1565 498 1606 sub
519 1566 649 1606 finem
671 1565 773 1605 anni
796 1565 906 1606 1673
927 1577 1003 1618 pro
1025 1562 1177 1616 speciei
1197 1561 1362 1601 ratione
1383 1559 1508 1599 mites

56 1636 196 1672 essent
217 1638 259 1673 et
282 1633 517 1686 benignae,
544 1634 635 1687 jam
655 1638 825 1687 recepta
853 1632 1032 1686 pristina
1051 1630 1232 1680 feritate,
1251 1633 1293 1669 et
1318 1627 1508 1682 pessimis

57 1701 349 1754 symptomatis
371 1702 562 1755 stipatae,
584 1701 918 1742 revertebantur.
980 1699 1166 1740 Invaluit
1186 1698 1291 1738 haec
1318 1696 1510 1736 Variola·

56 1782 152 1808 rum
173 1769 329 1822 species
351 1776 556 1810 autumno
581 1770 785 1823 proximo,
806 1769 975 1822 longius
1001 1768 1131 1808 etiam
1150 1767 1197 1806 111
1216 1766 1413 1819 hyemem
1442 1778 1511 1804 ex-

57 1850 242 1887 currens,
261 1851 379 1891 quae,
397 1852 494 1878 cum
515 1838 648 1878 solitis
670 1838 843 1879 calidior
858 1837 994 1877 multo
1016 1840 1136 1885 esset,
1158 1833 1306 1875 morbo
1319 1832 1485 1873 favebat
1499 1849 1510 1882 3

59 1910 283 1958 appetente
303 1919 401 1946 vero
421 1911 674 1960 tempestate
694 1906 913 1959 frigidiore
932 1905 1163 1945 imminuta
1182 1908 1258 1953 est,
1280 1901 1406 1942 Febri
1422 1901 1512 1954 jam

59 1973 267 2026 grassanti
288 1987 386 2013 mox
400 1974 539 2014 locum
562 1974 728 2014 cedens.

124 2041 203 2094 [5.]
242 2041 387 2081 Febris
418 2042 535 2092 haec,
565 2056 670 2094 quae
702 2055 777 2095 per
811 2055 975 2082 annum
1005 2043 1291 2094 perseverarat
1327 2050 1509 2086 omnem,
1571 2040 1685 2077 1675.

58 2109 181 2149 initio
203 2109 230 2148 J
234 2109 321 2159 ulii,
342 2110 464 2159 1675,
481 2109 606 2162 longe
627 2110 794 2163 lateque
816 2109 1070 2162 depopulata
1090 2112 1152 2148 est
1168 2124 1180 2156 3
1213 2106 1285 2147 sed
1306 2110 1512 2146 autumno

53 2177 143 2231 jam
175 2178 539 2231 appropinquante
567 2178 612 2217 in
644 2178 802 2218 viscera
829 2177 965 2230 coepit
996 2175 1194 2225 converti,
1215 2187 1331 2214 nunc
1362 2173 1513 2227 dysen-

57 2245 188 2286 teriae
212 2246 519 2299 symptomatis,
537 2259 653 2286 nunc
670 2245 913 2285 diarrhoeae
936 2258 978 2284 se
998 2243 1192 2297 prodenS,
1209 2242 1307 2282 licet
1325 2240 1513 2294 quando-

60 2327 140 2366 que
176 2327 312 2366 neque
347 2313 458 2354 hanc
494 2313 669 2354 haberet
702 2313 913 2362 comitem,
944 2325 1082 2365 neque
1116 2311 1246 2359 illam,
1279 2309 1352 2350 sed
1386 2313 1513 2362 caput

58 2381 193 2434 magis
213 2381 421 2432 tentabat,
445 2382 696 2435 stupidiores
712 2380 892 2421 reddens
914 2394 1073 2433 aegros,
1120 2378 1316 2418 Variolae
1336 2377 1512 2426 interea,

60 2462 166 2502 quae
196 2449 286 2502 jam
320 2449 521 2502 pauculos
554 2450 654 2490 hinc
684 2448 784 2489 inde
816 2447 1056 2498 affecerant,
1087 2446 1164 2487 sub
1199 2445 1516 2499 aequinoctium

59 2516 306 2556 autumnale
335 2517 505 2570 penitus
537 2517 821 2570 disparebant,
853 2516 923 2556 vix
958 2529 1094 2555 unum
1125 2514 1355 2554 alterinnve
1385 2512 1513 2565 jugu-

58 2583 207 2624 lantes.
270 2585 296 2624 J
299 2598 367 2624 am
388 2585 502 2625 enim
523 2585 668 2626 Febris
691 2585 791 2625 alios
811 2584 983 2624 vincens
1005 2582 1256 2636 epidemicos
1273 2580 1375 2620 anni
1394 2593 1515 2632 prae-

58 2651 245 2693 dominio
284 2652 538 2706 potiebatur.
600 2653 923 2694 Observandum
963 2656 1026 2692 est
1065 2649 1354 2699 nihilomian
1387 2647 1512 2702 quod,

59 2733 156 2760 011111
194 2720 415 2774 proclivior
454 2726 563 2761 esset
598 2721 744 2761 Febris
779 2720 884 2761 haec
917 2719 1140 2760 materiam
1171 2717 1433 2758 morbificam
1466 2716 1512 2755 in

58 2787 215 2829 viscera
235 2787 456 2842 deponere,
476 2802 581 2842 quae
598 2788 883 2843 dysenteriam
905 2787 1167 2841 quandoque,
1183 2784 1347 2838 saepius
1368 2789 1511 2824 autem
1532 2800 1691 2841 Dysente-

61 2856 334 2907 diarrhoeam,
357 2857 579 2906 excitabat,
603 2871 652 2897 ex
684 2856 762 2897 hac
790 2856 1005 2897 occasione
1026 2855 1184 2896 ventris
1214 2854 1399 2894 tormina
1420 2867 1511 2894 eam
1531 2844 1714 2925 ζίῗοξξὶῗῗῇ·

61 2924 236 2965 edidisse
268 2930 452 2978 stragem
485 2924 609 2978 vulgo
640 2924 912 2978 putabantur,
947 2937 1053 2977 quae
1088 2922 1212 2963 Febri
1242 2921 1341 2962 huic
1373 2935 1514 2961 revera
1532 2929 1629 2969 hujus
1648 2928 1706 2958 Fe-
