<?xml version="1.0" encoding="UTF-8"?>
<!DOCTYPE html PUBLIC "-//W3C//DTD XHTML 1.0 Transitional//EN"
    "http://www.w3.org/TR/xhtml1/DTD/xhtml1-transitional.dtd">
<html xmlns="http://www.w3.org/1999/xhtml" xml:lang="en" lang="en">
 <head>
  <title>
</title>
<meta http-equiv="Content-Type" content="text/html;charset=utf-8" />
  <meta name='ocr-system' content='tesseract 3.04.00' />
  <meta name='ocr-capabilities' content='ocr_page ocr_carea ocr_par ocr_line ocrx_word'/>
</head>
<body>
  <div class='ocr_page' id='page_1' title='image "./thomaesydenhammd00sydeuoft_0325.png"; bbox 0 0 1985 3308; ppageno 0'>
   <div class='ocr_carea' id='block_1_1' title="bbox 411 149 1551 194">
    <p class='ocr_par' dir='ltr' id='par_1_1' title="bbox 411 149 1551 194">
     <span class='ocr_line' id='line_1_1' title="bbox 411 149 1551 194; baseline 0.002 -3"><span class='ocrx_word' id='word_1_1' title='bbox 411 149 703 191; x_wconf 83' lang='lat' dir='ltr'><strong>EPISTOLA</strong></span> <span class='ocrx_word' id='word_1_2' title='bbox 734 151 770 190; x_wconf 93' lang='lat'><strong>1.</strong></span> <span class='ocrx_word' id='word_1_3' title='bbox 805 149 1237 191; x_wconf 85' lang='lat' dir='ltr'><strong>RESPONSORIA.</strong></span> <span class='ocrx_word' id='word_1_4' title='bbox 1467 153 1551 194; x_wconf 82' lang='lat'><strong>289</strong></span> 
     </span>
    </p>
   </div>
   <div class='ocr_carea' id='block_1_2' title="bbox 79 255 1764 2531">
    <p class='ocr_par' dir='ltr' id='par_1_2' title="bbox 94 255 1759 1118">
     <span class='ocr_line' id='line_1_2' title="bbox 94 255 1752 310; baseline 0.001 -15"><span class='ocrx_word' id='word_1_5' title='bbox 94 255 175 296; x_wconf 88' lang='lat' dir='ltr'><strong>bus</strong></span> <span class='ocrx_word' id='word_1_6' title='bbox 195 255 578 297; x_wconf 82' lang='lat' dir='ltr'><strong>intermittentibus</strong></span> <span class='ocrx_word' id='word_1_7' title='bbox 595 255 852 310; x_wconf 89' lang='lat' dir='ltr'><strong>quandoque</strong></span> <span class='ocrx_word' id='word_1_8' title='bbox 873 255 1175 309; x_wconf 82' lang='lat' dir='ltr'><strong>supervenerit.</strong></span> <span class='ocrx_word' id='word_1_9' title='bbox 1215 255 1384 309; x_wconf 89' lang='lat' dir='ltr'><strong>Nempe</strong></span> <span class='ocrx_word' id='word_1_10' title='bbox 1405 270 1550 298; x_wconf 87' lang='lat' dir='ltr'><strong>earum</strong></span> <span class='ocrx_word' id='word_1_11' title='bbox 1571 274 1623 304; x_wconf 67' lang='lat' dir='ltr'><strong>De</strong></span> <span class='ocrx_word' id='word_1_12' title='bbox 1636 275 1752 305; x_wconf 70' lang='lat' dir='ltr'><strong>Mons.</strong></span> 
     </span>
     <span class='ocr_line' id='line_1_3' title="bbox 95 317 1739 390; baseline 0.001 -27"><span class='ocrx_word' id='word_1_13' title='bbox 95 323 335 376; x_wconf 82' lang='lat' dir='ltr'><strong>paroxysmi</strong></span> <span class='ocrx_word' id='word_1_14' title='bbox 355 337 444 363; x_wconf 92' lang='lat' dir='ltr'><strong>non</strong></span> <span class='ocrx_word' id='word_1_15' title='bbox 473 337 572 363; x_wconf 91' lang='lat' dir='ltr'><strong>cum</strong></span> <span class='ocrx_word' id='word_1_16' title='bbox 590 323 730 376; x_wconf 87' lang='lat' dir='ltr'><strong>rigore</strong></span> <span class='ocrx_word' id='word_1_17' title='bbox 755 328 797 363; x_wconf 92' lang='lat' dir='ltr'><strong>et</strong></span> <span class='ocrx_word' id='word_1_18' title='bbox 818 323 1002 373; x_wconf 85' lang='lat' dir='ltr'><strong>horrore,</strong></span> <span class='ocrx_word' id='word_1_19' title='bbox 1025 338 1130 378; x_wconf 89' lang='lat' dir='ltr'><strong>quas</strong></span> <span class='ocrx_word' id='word_1_20' title='bbox 1158 328 1308 377; x_wconf 89' lang='lat' dir='ltr'><strong>postea</strong></span> <span class='ocrx_word' id='word_1_21' title='bbox 1331 323 1459 365; x_wconf 89' lang='lat' dir='ltr'><strong>febris</strong></span> <span class='ocrx_word' id='word_1_22' title='bbox 1481 338 1549 365; x_wconf 82' lang='lat' dir='ltr'><strong>cx-</strong></span> <span class='ocrx_word' id='word_1_23' title='bbox 1587 317 1739 390; x_wconf 46' lang='lat'><strong>{³72¹-13532</strong></span> 
     </span>
     <span class='ocr_line' id='line_1_4' title="bbox 94 384 1727 457; baseline 0.002 -30"><span class='ocrx_word' id='word_1_24' title='bbox 94 388 210 441; x_wconf 86' lang='lat' dir='ltr'><strong>cipit,</strong></span> <span class='ocrx_word' id='word_1_25' title='bbox 231 389 501 440; x_wconf 85' lang='lat' dir='ltr'><strong>invadebant,</strong></span> <span class='ocrx_word' id='word_1_26' title='bbox 525 389 598 430; x_wconf 90' lang='lat' dir='ltr'><strong>sed</strong></span> <span class='ocrx_word' id='word_1_27' title='bbox 622 404 747 443; x_wconf 82' lang='lat' dir='ltr'><strong>aeger</strong></span> <span class='ocrx_word' id='word_1_28' title='bbox 765 389 916 430; x_wconf 89' lang='lat' dir='ltr'><strong>iisdem</strong></span> <span class='ocrx_word' id='word_1_29' title='bbox 936 390 1062 443; x_wconf 90' lang='lat' dir='ltr'><strong>plane</strong></span> <span class='ocrx_word' id='word_1_30' title='bbox 1089 391 1384 444; x_wconf 74' lang='lat' dir='ltr'><strong>symptomatis</strong></span> <span class='ocrx_word' id='word_1_31' title='bbox 1410 395 1549 431; x_wconf 87' lang='lat' dir='ltr'><strong>tenta·</strong></span> <span class='ocrx_word' id='word_1_32' title='bbox 1569 384 1727 457; x_wconf 43' lang='lat' dir='ltr'><strong>sympt0-·</strong></span> 
     </span>
     <span class='ocr_line' id='line_1_5' title="bbox 94 453 1738 512; baseline 0.002 -17"><span class='ocrx_word' id='word_1_33' title='bbox 94 453 222 495; x_wconf 89' lang='lat' dir='ltr'><strong>batur</strong></span> <span class='ocrx_word' id='word_1_34' title='bbox 242 470 290 496; x_wconf 89' lang='lat' dir='ltr'><strong>ac</strong></span> <span class='ocrx_word' id='word_1_35' title='bbox 318 456 353 496; x_wconf 90' lang='lat' dir='ltr'><strong>si</strong></span> <span class='ocrx_word' id='word_1_36' title='bbox 376 457 594 510; x_wconf 82' lang='lat' dir='ltr'><strong>apoplexia</strong></span> <span class='ocrx_word' id='word_1_37' title='bbox 612 470 711 497; x_wconf 80' lang='lat' dir='ltr'><strong>vera</strong></span> <span class='ocrx_word' id='word_1_38' title='bbox 735 456 980 507; x_wconf 84' lang='lat' dir='ltr'><strong>laborasset,</strong></span> <span class='ocrx_word' id='word_1_39' title='bbox 1003 471 1112 512; x_wconf 90' lang='lat' dir='ltr'><strong>quae</strong></span> <span class='ocrx_word' id='word_1_40' title='bbox 1132 461 1280 499; x_wconf 88' lang='lat' dir='ltr'><strong>tamen</strong></span> <span class='ocrx_word' id='word_1_41' title='bbox 1306 458 1415 498; x_wconf 89' lang='lat' dir='ltr'><strong>nihil</strong></span> <span class='ocrx_word' id='word_1_42' title='bbox 1436 458 1551 498; x_wconf 88' lang='lat' dir='ltr'><strong>aliud</strong></span> <span class='ocrx_word' id='word_1_43' title='bbox 1570 461 1664 490; x_wconf 82' lang='lat' dir='ltr'><strong>matis</strong></span> <span class='ocrx_word' id='word_1_44' title='bbox 1681 462 1738 491; x_wconf 80' lang='lat' dir='ltr'><strong>sti-</strong></span> 
     </span>
     <span class='ocr_line' id='line_1_6' title="bbox 94 507 1756 584; baseline 0.002 -22"><span class='ocrx_word' id='word_1_45' title='bbox 94 527 204 563; x_wconf 77' lang='lat' dir='ltr'><strong>esset</strong></span> <span class='ocrx_word' id='word_1_46' title='bbox 235 523 469 578; x_wconf 91' lang='lat' dir='ltr'><strong>(utcunque</strong></span> <span class='ocrx_word' id='word_1_47' title='bbox 495 524 611 565; x_wconf 90' lang='lat' dir='ltr'><strong>hunc</strong></span> <span class='ocrx_word' id='word_1_48' title='bbox 640 524 840 565; x_wconf 88' lang='lat' dir='ltr'><strong>affectum</strong></span> <span class='ocrx_word' id='word_1_49' title='bbox 870 525 1184 578; x_wconf 86' lang='lat' dir='ltr'><strong>aemularetur,)</strong></span> <span class='ocrx_word' id='word_1_50' title='bbox 1216 539 1346 580; x_wconf 88' lang='lat' dir='ltr'><strong>quam</strong></span> <span class='ocrx_word' id='word_1_51' title='bbox 1374 524 1466 578; x_wconf 89' lang='lat' dir='ltr'><strong>ipsa</strong></span> <span class='ocrx_word' id='word_1_52' title='bbox 1492 525 1551 566; x_wconf 90' lang='lat' dir='ltr'><strong>fe·</strong></span> <span class='ocrx_word' id='word_1_53' title='bbox 1569 507 1756 584; x_wconf 49' lang='lat' dir='ltr'><strong>{ssffi’ffiffe</strong></span> 
     </span>
     <span class='ocr_line' id='line_1_7' title="bbox 94 588 1744 659; baseline 0.003 -30"><span class='ocrx_word' id='word_1_54' title='bbox 94 588 182 630; x_wconf 90' lang='lat' dir='ltr'><strong>bris</strong></span> <span class='ocrx_word' id='word_1_55' title='bbox 203 595 330 643; x_wconf 87' lang='lat' dir='ltr'><strong>caput</strong></span> <span class='ocrx_word' id='word_1_56' title='bbox 351 591 561 643; x_wconf 87' lang='lat' dir='ltr'><strong>impetens</strong></span> <span class='ocrx_word' id='word_1_57' title='bbox 574 608 586 641; x_wconf 66' lang='grc' dir='ltr'><strong><em>ς</em></strong></span> <span class='ocrx_word' id='word_1_58' title='bbox 616 596 666 632; x_wconf 93' lang='lat' dir='ltr'><strong>ut</strong></span> <span class='ocrx_word' id='word_1_59' title='bbox 695 605 746 632; x_wconf 83' lang='lat' dir='ltr'><strong>ex</strong></span> <span class='ocrx_word' id='word_1_60' title='bbox 776 591 868 632; x_wconf 90' lang='lat' dir='ltr'><strong>aliis</strong></span> <span class='ocrx_word' id='word_1_61' title='bbox 899 592 1043 645; x_wconf 90' lang='lat' dir='ltr'><strong>signis,</strong></span> <span class='ocrx_word' id='word_1_62' title='bbox 1066 593 1128 633; x_wconf 90' lang='lat' dir='ltr'><strong>ita</strong></span> <span class='ocrx_word' id='word_1_63' title='bbox 1157 607 1209 633; x_wconf 85' lang='lat' dir='ltr'><strong>ex</strong></span> <span class='ocrx_word' id='word_1_64' title='bbox 1229 593 1367 633; x_wconf 90' lang='lat' dir='ltr'><strong>colore</strong></span> <span class='ocrx_word' id='word_1_65' title='bbox 1387 593 1550 643; x_wconf 89' lang='lat' dir='ltr'><strong>urinae,</strong></span> <span class='ocrx_word' id='word_1_66' title='bbox 1570 596 1744 659; x_wconf 49' lang='lat' dir='ltr'><strong>ffgn‘tffgffm</strong></span> 
     </span>
     <span class='ocr_line' id='line_1_8' title="bbox 95 657 1695 713; baseline 0.003 -16"><span class='ocrx_word' id='word_1_67' title='bbox 95 657 198 697; x_wconf 88' lang='lat' dir='ltr'><strong>satis</strong></span> <span class='ocrx_word' id='word_1_68' title='bbox 227 657 432 712; x_wconf 86' lang='lat' dir='ltr'><strong>liquebat,</strong></span> <span class='ocrx_word' id='word_1_69' title='bbox 455 672 564 712; x_wconf 90' lang='lat' dir='ltr'><strong>quae</strong></span> <span class='ocrx_word' id='word_1_70' title='bbox 592 659 638 698; x_wconf 91' lang='lat' dir='ltr'><strong>in</strong></span> <span class='ocrx_word' id='word_1_71' title='bbox 661 659 1049 700; x_wconf 87' lang='lat' dir='ltr'><strong>intermittentibus</strong></span> <span class='ocrx_word' id='word_1_72' title='bbox 1069 664 1120 700; x_wconf 88' lang='lat' dir='ltr'><strong>ut</strong></span> <span class='ocrx_word' id='word_1_73' title='bbox 1140 660 1372 713; x_wconf 88' lang='lat' dir='ltr'><strong>plurimum</strong></span> <span class='ocrx_word' id='word_1_74' title='bbox 1396 660 1551 701; x_wconf 89' lang='lat' dir='ltr'><strong>rubore</strong></span> <span class='ocrx_word' id='word_1_75' title='bbox 1570 671 1695 702; x_wconf 86' lang='lat' dir='ltr'><strong>bantur.</strong></span> 
     </span>
     <span class='ocr_line' id='line_1_9' title="bbox 95 723 1758 796; baseline 0.001 -31"><span class='ocrx_word' id='word_1_76' title='bbox 95 729 286 766; x_wconf 87' lang='lat' dir='ltr'><strong>saturato</strong></span> <span class='ocrx_word' id='word_1_77' title='bbox 314 730 442 776; x_wconf 79' lang='lat' dir='ltr'><strong>extat,</strong></span> <span class='ocrx_word' id='word_1_78' title='bbox 465 726 600 781; x_wconf 88' lang='lat' dir='ltr'><strong>qualis</strong></span> <span class='ocrx_word' id='word_1_79' title='bbox 631 726 819 767; x_wconf 87' lang='lat' dir='ltr'><strong>cernitur</strong></span> <span class='ocrx_word' id='word_1_80' title='bbox 839 726 885 766; x_wconf 94' lang='lat' dir='ltr'><strong>in</strong></span> <span class='ocrx_word' id='word_1_81' title='bbox 905 726 1031 766; x_wconf 88' lang='lat' dir='ltr'><strong>urina</strong></span> <span class='ocrx_word' id='word_1_82' title='bbox 1061 740 1207 767; x_wconf 90' lang='lat' dir='ltr'><strong>eorum</strong></span> <span class='ocrx_word' id='word_1_83' title='bbox 1229 727 1304 781; x_wconf 79' lang='lat' dir='ltr'><strong>qui</strong></span> <span class='ocrx_word' id='word_1_84' title='bbox 1333 726 1465 767; x_wconf 90' lang='lat' dir='ltr'><strong>ictero</strong></span> <span class='ocrx_word' id='word_1_85' title='bbox 1492 727 1552 767; x_wconf 87' lang='lat' dir='ltr'><strong>la·</strong></span> <span class='ocrx_word' id='word_1_86' title='bbox 1573 723 1701 795; x_wconf 41' lang='lat' dir='ltr'><strong>gustu?</strong></span> <span class='ocrx_word' id='word_1_87' title='bbox 1710 724 1758 796; x_wconf 50' lang='lat'><strong>{¹1¹5</strong></span> 
     </span>
     <span class='ocr_line' id='line_1_10' title="bbox 94 777 1759 848; baseline 0.004 -14"><span class='ocrx_word' id='word_1_88' title='bbox 94 792 261 844; x_wconf 83' lang='lat' dir='ltr'><strong>borant,</strong></span> <span class='ocrx_word' id='word_1_89' title='bbox 295 794 376 834; x_wconf 91' lang='lat' dir='ltr'><strong>etsi</strong></span> <span class='ocrx_word' id='word_1_90' title='bbox 401 808 490 834; x_wconf 92' lang='lat' dir='ltr'><strong>non</strong></span> <span class='ocrx_word' id='word_1_91' title='bbox 518 794 622 835; x_wconf 89' lang='lat' dir='ltr'><strong>adeo</strong></span> <span class='ocrx_word' id='word_1_92' title='bbox 648 795 816 835; x_wconf 91' lang='lat' dir='ltr'><strong>intense</strong></span> <span class='ocrx_word' id='word_1_93' title='bbox 848 794 987 844; x_wconf 90' lang='lat' dir='ltr'><strong>rubet,</strong></span> <span class='ocrx_word' id='word_1_94' title='bbox 1016 798 1059 834; x_wconf 93' lang='lat' dir='ltr'><strong>et</strong></span> <span class='ocrx_word' id='word_1_95' title='bbox 1083 794 1241 848; x_wconf 91' lang='lat' dir='ltr'><strong>pariter</strong></span> <span class='ocrx_word' id='word_1_96' title='bbox 1266 793 1553 834; x_wconf 85' lang='lat' dir='ltr'><strong>sedimentum</strong></span> <span class='ocrx_word' id='word_1_97' title='bbox 1571 777 1721 839; x_wconf 55' lang='lat' dir='ltr'><strong>caiitffiii.</strong></span> <span class='ocrx_word' id='word_1_98' title='bbox 1736 778 1759 796; x_wconf 53' lang='lat'><strong>¹-</strong></span> 
     </span>
     <span class='ocr_line' id='line_1_11' title="bbox 95 860 1743 915; baseline -0.003 -14"><span class='ocrx_word' id='word_1_99' title='bbox 95 860 269 915; x_wconf 88' lang='lat' dir='ltr'><strong>deponit</strong></span> <span class='ocrx_word' id='word_1_100' title='bbox 289 862 506 915; x_wconf 85' lang='lat' dir='ltr'><strong>pulverem</strong></span> <span class='ocrx_word' id='word_1_101' title='bbox 525 862 709 902; x_wconf 88' lang='lat' dir='ltr'><strong>laterum</strong></span> <span class='ocrx_word' id='word_1_102' title='bbox 729 862 816 902; x_wconf 88' lang='lat' dir='ltr'><strong>fere</strong></span> <span class='ocrx_word' id='word_1_103' title='bbox 837 861 1036 902; x_wconf 82' lang='lat' dir='ltr'><strong>referens.</strong></span> <span class='ocrx_word' id='word_1_104' title='bbox 1099 861 1195 902; x_wconf 91' lang='lat' dir='ltr'><strong>Hoc</strong></span> <span class='ocrx_word' id='word_1_105' title='bbox 1223 865 1366 901; x_wconf 90' lang='lat' dir='ltr'><strong>autem</strong></span> <span class='ocrx_word' id='word_1_106' title='bbox 1385 860 1432 900; x_wconf 93' lang='lat' dir='ltr'><strong>in</strong></span> <span class='ocrx_word' id='word_1_107' title='bbox 1454 874 1553 901; x_wconf 87' lang='lat' dir='ltr'><strong>casu</strong></span> <span class='ocrx_word' id='word_1_108' title='bbox 1573 867 1688 898; x_wconf 86' lang='lat' dir='ltr'><strong>Cautio</strong></span> <span class='ocrx_word' id='word_1_109' title='bbox 1705 868 1743 897; x_wconf 80' lang='lat' dir='ltr'><strong>de</strong></span> 
     </span>
     <span class='ocr_line' id='line_1_12' title="bbox 94 910 1728 983; baseline -0.001 -14"><span class='ocrx_word' id='word_1_110' title='bbox 94 929 411 983; x_wconf 90' lang='lat' dir='ltr'><strong>quantumlibet</strong></span> <span class='ocrx_word' id='word_1_111' title='bbox 442 929 735 969; x_wconf 81' lang='lat' dir='ltr'><strong>evacuationes</strong></span> <span class='ocrx_word' id='word_1_112' title='bbox 767 942 927 979; x_wconf 89' lang='lat' dir='ltr'><strong>omnes,</strong></span> <span class='ocrx_word' id='word_1_113' title='bbox 954 928 1246 982; x_wconf 83' lang='lat' dir='ltr'><strong>cujuscunque</strong></span> <span class='ocrx_word' id='word_1_114' title='bbox 1278 927 1452 968; x_wconf 90' lang='lat' dir='ltr'><strong>demum</strong></span> <span class='ocrx_word' id='word_1_115' title='bbox 1482 941 1552 980; x_wconf 89' lang='lat' dir='ltr'><strong>ge·</strong></span> <span class='ocrx_word' id='word_1_116' title='bbox 1570 910 1728 983; x_wconf 51' lang='grc' dir='ltr'><strong>Ξξὲζζᾞξ</strong></span> 
     </span>
     <span class='ocr_line' id='line_1_13' title="bbox 94 995 1553 1046; baseline 0.001 -11"><span class='ocrx_word' id='word_1_117' title='bbox 94 995 207 1035; x_wconf 90' lang='lat' dir='ltr'><strong>neris</strong></span> <span class='ocrx_word' id='word_1_118' title='bbox 228 996 327 1046; x_wconf 89' lang='lat' dir='ltr'><strong>sint,</strong></span> <span class='ocrx_word' id='word_1_119' title='bbox 349 996 527 1036; x_wconf 84' lang='lat' dir='ltr'><strong>indicari</strong></span> <span class='ocrx_word' id='word_1_120' title='bbox 547 996 757 1045; x_wconf 67' lang='lat' dir='ltr'><strong>xidentur,</strong></span> <span class='ocrx_word' id='word_1_121' title='bbox 776 996 828 1036; x_wconf 92' lang='lat' dir='ltr'><strong>ad</strong></span> <span class='ocrx_word' id='word_1_122' title='bbox 849 995 1110 1035; x_wconf 81' lang='lat' dir='ltr'><strong>revellendos</strong></span> <span class='ocrx_word' id='word_1_123' title='bbox 1131 995 1290 1036; x_wconf 91' lang='lat' dir='ltr'><strong>scilicet</strong></span> <span class='ocrx_word' id='word_1_124' title='bbox 1312 1009 1362 1036; x_wconf 81' lang='lat' dir='ltr'><strong>ex</strong></span> <span class='ocrx_word' id='word_1_125' title='bbox 1382 995 1553 1036; x_wconf 89' lang='lat' dir='ltr'><strong>cerebro</strong></span> 
     </span>
     <span class='ocr_line' id='line_1_14' title="bbox 94 1062 1554 1118; baseline 0.003 -16"><span class='ocrx_word' id='word_1_126' title='bbox 94 1062 307 1113; x_wconf 84' lang='lat' dir='ltr'><strong>humores,</strong></span> <span class='ocrx_word' id='word_1_127' title='bbox 329 1068 378 1104; x_wconf 91' lang='lat' dir='ltr'><strong>ut</strong></span> <span class='ocrx_word' id='word_1_128' title='bbox 399 1064 445 1104; x_wconf 92' lang='lat' dir='ltr'><strong>in</strong></span> <span class='ocrx_word' id='word_1_129' title='bbox 467 1064 685 1118; x_wconf 80' lang='lat' dir='ltr'><strong>apoplexia</strong></span> <span class='ocrx_word' id='word_1_130' title='bbox 704 1064 905 1117; x_wconf 89' lang='lat' dir='ltr'><strong>primaria</strong></span> <span class='ocrx_word' id='word_1_131' title='bbox 931 1064 1023 1104; x_wconf 91' lang='lat' dir='ltr'><strong>fieri</strong></span> <span class='ocrx_word' id='word_1_132' title='bbox 1052 1064 1182 1114; x_wconf 70' lang='lat' dir='ltr'><strong>solet,</strong></span> <span class='ocrx_word' id='word_1_133' title='bbox 1214 1064 1387 1105; x_wconf 90' lang='lat' dir='ltr'><strong>eaedem</strong></span> <span class='ocrx_word' id='word_1_134' title='bbox 1407 1069 1554 1106; x_wconf 90' lang='lat' dir='ltr'><strong>tamen</strong></span> 
     </span>
    </p>

    <p class='ocr_par' dir='ltr' id='par_1_3' title="bbox 95 1131 1554 1251">
     <span class='ocr_line' id='line_1_15' title="bbox 95 1131 1554 1186; baseline 0.001 -16"><span class='ocrx_word' id='word_1_135' title='bbox 95 1131 268 1172; x_wconf 90' lang='lat' dir='ltr'><strong>omnino</strong></span> <span class='ocrx_word' id='word_1_136' title='bbox 290 1131 550 1172; x_wconf 90' lang='lat' dir='ltr'><strong>omittendae</strong></span> <span class='ocrx_word' id='word_1_137' title='bbox 579 1136 692 1181; x_wconf 87' lang='lat' dir='ltr'><strong>sunt,</strong></span> <span class='ocrx_word' id='word_1_138' title='bbox 714 1135 864 1184; x_wconf 91' lang='lat' dir='ltr'><strong>utpote</strong></span> <span class='ocrx_word' id='word_1_139' title='bbox 885 1145 994 1186; x_wconf 87' lang='lat' dir='ltr'><strong>quae</strong></span> <span class='ocrx_word' id='word_1_140' title='bbox 1022 1131 1273 1184; x_wconf 83' lang='lat' dir='ltr'><strong>originariae</strong></span> <span class='ocrx_word' id='word_1_141' title='bbox 1293 1132 1422 1185; x_wconf 83' lang='lat' dir='ltr'><strong>hujus</strong></span> <span class='ocrx_word' id='word_1_142' title='bbox 1443 1146 1554 1184; x_wconf 82' lang='lat' dir='ltr'><strong>sym-</strong></span> 
     </span>
     <span class='ocr_line' id='line_1_16' title="bbox 96 1197 1554 1251; baseline 0 -13"><span class='ocrx_word' id='word_1_143' title='bbox 96 1198 297 1250; x_wconf 88' lang='lat' dir='ltr'><strong>ptomatis</strong></span> <span class='ocrx_word' id='word_1_144' title='bbox 331 1212 495 1248; x_wconf 88' lang='lat' dir='ltr'><strong>causae,</strong></span> <span class='ocrx_word' id='word_1_145' title='bbox 529 1197 638 1238; x_wconf 87' lang='lat' dir='ltr'><strong>febri</strong></span> <span class='ocrx_word' id='word_1_146' title='bbox 671 1212 824 1251; x_wconf 89' lang='lat' dir='ltr'><strong>nempe</strong></span> <span class='ocrx_word' id='word_1_147' title='bbox 859 1197 1177 1248; x_wconf 87' lang='lat' dir='ltr'><strong>intermittenti,</strong></span> <span class='ocrx_word' id='word_1_148' title='bbox 1209 1212 1379 1251; x_wconf 87' lang='lat' dir='ltr'><strong>prorsus</strong></span> <span class='ocrx_word' id='word_1_149' title='bbox 1410 1199 1554 1239; x_wconf 85' lang='lat' dir='ltr'><strong>adver-</strong></span> 
     </span>
    </p>

    <p class='ocr_par' dir='ltr' id='par_1_4' title="bbox 96 1265 1557 1320">
     <span class='ocr_line' id='line_1_17' title="bbox 96 1265 1557 1320; baseline 0.001 -15"><span class='ocrx_word' id='word_1_150' title='bbox 96 1268 256 1314; x_wconf 89' lang='lat' dir='ltr'><strong>sentur,</strong></span> <span class='ocrx_word' id='word_1_151' title='bbox 279 1279 327 1306; x_wconf 89' lang='lat' dir='ltr'><strong>ac</strong></span> <span class='ocrx_word' id='word_1_152' title='bbox 346 1265 524 1319; x_wconf 89' lang='lat' dir='ltr'><strong>proinde</strong></span> <span class='ocrx_word' id='word_1_153' title='bbox 545 1270 727 1306; x_wconf 91' lang='lat' dir='ltr'><strong>mortem</strong></span> <span class='ocrx_word' id='word_1_154' title='bbox 749 1270 965 1306; x_wconf 87' lang='lat' dir='ltr'><strong>accersant</strong></span> <span class='ocrx_word' id='word_1_155' title='bbox 977 1282 989 1315; x_wconf 80' lang='lat'><em>3</em></span> <span class='ocrx_word' id='word_1_156' title='bbox 1022 1265 1136 1320; x_wconf 89' lang='lat' dir='ltr'><strong>quod</strong></span> <span class='ocrx_word' id='word_1_157' title='bbox 1158 1270 1200 1306; x_wconf 91' lang='lat' dir='ltr'><strong>et</strong></span> <span class='ocrx_word' id='word_1_158' title='bbox 1220 1266 1309 1319; x_wconf 90' lang='lat' dir='ltr'><strong>ipse</strong></span> <span class='ocrx_word' id='word_1_159' title='bbox 1329 1266 1440 1307; x_wconf 76' lang='lat' dir='ltr'><strong>novi.</strong></span> <span class='ocrx_word' id='word_1_160' title='bbox 1495 1267 1557 1308; x_wconf 89' lang='lat' dir='ltr'><strong>At</strong></span> 
     </span>
    </p>

    <p class='ocr_par' dir='ltr' id='par_1_5' title="bbox 96 1333 1556 1386">
     <span class='ocr_line' id='line_1_18' title="bbox 96 1333 1556 1386; baseline 0.001 -14"><span class='ocrx_word' id='word_1_161' title='bbox 96 1345 119 1372; x_wconf 93' lang='lat' dir='ltr'><strong>e</strong></span> <span class='ocrx_word' id='word_1_162' title='bbox 135 1337 295 1382; x_wconf 90' lang='lat' dir='ltr'><strong>contra,</strong></span> <span class='ocrx_word' id='word_1_163' title='bbox 304 1333 614 1385; x_wconf 79' lang='lat' dir='ltr'><strong>expectandum</strong></span> <span class='ocrx_word' id='word_1_164' title='bbox 628 1333 762 1373; x_wconf 90' lang='lat' dir='ltr'><strong>donec</strong></span> <span class='ocrx_word' id='word_1_165' title='bbox 778 1347 1054 1386; x_wconf 74' lang='lat' dir='ltr'><strong>paroxysmus</strong></span> <span class='ocrx_word' id='word_1_166' title='bbox 1068 1337 1218 1385; x_wconf 90' lang='lat' dir='ltr'><strong>sponte</strong></span> <span class='ocrx_word' id='word_1_167' title='bbox 1235 1347 1311 1373; x_wconf 89' lang='lat' dir='ltr'><strong>sua</strong></span> <span class='ocrx_word' id='word_1_168' title='bbox 1327 1334 1556 1385; x_wconf 83' lang='lat' dir='ltr'><strong>evanuerit,</strong></span> 
     </span>
    </p>

    <p class='ocr_par' dir='ltr' id='par_1_6' title="bbox 96 1399 1560 1589">
     <span class='ocr_line' id='line_1_19' title="bbox 96 1399 1557 1454; baseline 0.001 -15"><span class='ocrx_word' id='word_1_169' title='bbox 96 1413 182 1454; x_wconf 92' lang='lat' dir='ltr'><strong>quo</strong></span> <span class='ocrx_word' id='word_1_170' title='bbox 212 1404 403 1453; x_wconf 90' lang='lat' dir='ltr'><strong>tempore</strong></span> <span class='ocrx_word' id='word_1_171' title='bbox 434 1400 602 1450; x_wconf 71' lang='lat' dir='ltr'><strong>CorteX,</strong></span> <span class='ocrx_word' id='word_1_172' title='bbox 634 1401 761 1440; x_wconf 90' lang='lat' dir='ltr'><strong>modo</strong></span> <span class='ocrx_word' id='word_1_173' title='bbox 794 1400 919 1440; x_wconf 91' lang='lat' dir='ltr'><strong>citius</strong></span> <span class='ocrx_word' id='word_1_174' title='bbox 949 1399 1065 1439; x_wconf 90' lang='lat' dir='ltr'><strong>idem</strong></span> <span class='ocrx_word' id='word_1_175' title='bbox 1097 1399 1235 1451; x_wconf 84' lang='lat' dir='ltr'><strong>ingeri</strong></span> <span class='ocrx_word' id='word_1_176' title='bbox 1266 1413 1355 1439; x_wconf 89' lang='lat' dir='ltr'><strong>non</strong></span> <span class='ocrx_word' id='word_1_177' title='bbox 1387 1400 1557 1452; x_wconf 88' lang='lat' dir='ltr'><strong>poterit,</strong></span> 
     </span>
     <span class='ocr_line' id='line_1_20' title="bbox 96 1465 1560 1523; baseline -0.001 -15"><span class='ocrx_word' id='word_1_178' title='bbox 96 1468 413 1523; x_wconf 89' lang='lat' dir='ltr'><strong>quamprimum</strong></span> <span class='ocrx_word' id='word_1_179' title='bbox 441 1471 505 1509; x_wconf 88' lang='lat' dir='ltr'><strong>est</strong></span> <span class='ocrx_word' id='word_1_180' title='bbox 530 1468 806 1518; x_wconf 79' lang='lat' dir='ltr'><strong>exhibendus,</strong></span> <span class='ocrx_word' id='word_1_181' title='bbox 830 1472 872 1508; x_wconf 90' lang='lat' dir='ltr'><strong>et</strong></span> <span class='ocrx_word' id='word_1_182' title='bbox 896 1467 943 1506; x_wconf 88' lang='lat' dir='ltr'><strong>in</strong></span> <span class='ocrx_word' id='word_1_183' title='bbox 972 1466 1205 1506; x_wconf 80' lang='lat' dir='ltr'><strong>intervallis</strong></span> <span class='ocrx_word' id='word_1_184' title='bbox 1233 1465 1285 1506; x_wconf 90' lang='lat' dir='ltr'><strong>ab</strong></span> <span class='ocrx_word' id='word_1_185' title='bbox 1313 1466 1560 1520; x_wconf 82' lang='lat' dir='ltr'><strong>hujusmodi</strong></span> 
     </span>
     <span class='ocr_line' id='line_1_21' title="bbox 96 1533 1559 1589; baseline -0.002 -12"><span class='ocrx_word' id='word_1_186' title='bbox 96 1535 405 1577; x_wconf 84' lang='lat' dir='ltr'><strong>accessionibus</strong></span> <span class='ocrx_word' id='word_1_187' title='bbox 425 1535 568 1576; x_wconf 87' lang='lat' dir='ltr'><strong>liberis</strong></span> <span class='ocrx_word' id='word_1_188' title='bbox 589 1535 703 1576; x_wconf 90' lang='lat' dir='ltr'><strong>idem</strong></span> <span class='ocrx_word' id='word_1_189' title='bbox 725 1535 871 1576; x_wconf 86' lang='lat' dir='ltr'><strong>sedulo</strong></span> <span class='ocrx_word' id='word_1_190' title='bbox 891 1533 1162 1587; x_wconf 80' lang='lat' dir='ltr'><strong>repetendus,</strong></span> <span class='ocrx_word' id='word_1_191' title='bbox 1183 1547 1321 1589; x_wconf 89' lang='lat' dir='ltr'><strong>usque</strong></span> <span class='ocrx_word' id='word_1_192' title='bbox 1342 1533 1446 1574; x_wconf 89' lang='lat' dir='ltr'><strong>dum</strong></span> <span class='ocrx_word' id='word_1_193' title='bbox 1466 1547 1559 1587; x_wconf 89' lang='lat' dir='ltr'><strong>per-</strong></span> 
     </span>
    </p>

    <p class='ocr_par' dir='ltr' id='par_1_7' title="bbox 96 1603 644 1657">
     <span class='ocr_line' id='line_1_22' title="bbox 96 1603 644 1657; baseline -0.002 -12"><span class='ocrx_word' id='word_1_194' title='bbox 96 1605 205 1645; x_wconf 88' lang='lat' dir='ltr'><strong>fecte</strong></span> <span class='ocrx_word' id='word_1_195' title='bbox 226 1603 487 1645; x_wconf 84' lang='lat' dir='ltr'><strong>convaluerit</strong></span> <span class='ocrx_word' id='word_1_196' title='bbox 508 1617 644 1657; x_wconf 84' lang='lat' dir='ltr'><strong>aeger.</strong></span> 
     </span>
    </p>

    <p class='ocr_par' dir='ltr' id='par_1_8' title="bbox 95 1669 1764 2263">
     <span class='ocr_line' id='line_1_23' title="bbox 161 1669 1753 1725; baseline -0.001 -14"><span class='ocrx_word' id='word_1_197' title='bbox 161 1671 305 1725; x_wconf 84' lang='lat' dir='ltr'><strong>[35.]¹n</strong></span> <span class='ocrx_word' id='word_1_198' title='bbox 341 1671 669 1725; x_wconf 88' lang='lat' dir='ltr'><strong>Nonnunquam</strong></span> <span class='ocrx_word' id='word_1_199' title='bbox 683 1670 837 1711; x_wconf 89' lang='lat' dir='ltr'><strong>accidit</strong></span> <span class='ocrx_word' id='word_1_200' title='bbox 862 1670 957 1723; x_wconf 92' lang='lat' dir='ltr'><strong>(etsi</strong></span> <span class='ocrx_word' id='word_1_201' title='bbox 978 1683 1185 1724; x_wconf 85' lang='lat' dir='ltr'><strong>perquam</strong></span> <span class='ocrx_word' id='word_1_202' title='bbox 1205 1669 1330 1722; x_wconf 91' lang='lat' dir='ltr'><strong>raro,)</strong></span> <span class='ocrx_word' id='word_1_203' title='bbox 1351 1673 1400 1710; x_wconf 94' lang='lat' dir='ltr'><strong>ut</strong></span> <span class='ocrx_word' id='word_1_204' title='bbox 1422 1682 1558 1719; x_wconf 88' lang='lat' dir='ltr'><strong>senes,</strong></span> <span class='ocrx_word' id='word_1_205' title='bbox 1578 1685 1676 1715; x_wconf 84' lang='lat' dir='ltr'><strong>Senes</strong></span> <span class='ocrx_word' id='word_1_206' title='bbox 1692 1685 1753 1715; x_wconf 89' lang='lat' dir='ltr'><strong>im-</strong></span> 
     </span>
     <span class='ocr_line' id='line_1_24' title="bbox 96 1729 1764 1800; baseline -0.001 -22"><span class='ocrx_word' id='word_1_207' title='bbox 96 1738 172 1793; x_wconf 87' lang='lat' dir='ltr'><strong>qui</strong></span> <span class='ocrx_word' id='word_1_208' title='bbox 192 1738 266 1778; x_wconf 87' lang='lat' dir='ltr'><strong>diu</strong></span> <span class='ocrx_word' id='word_1_209' title='bbox 284 1737 364 1779; x_wconf 92' lang='lat' dir='ltr'><strong>hoc</strong></span> <span class='ocrx_word' id='word_1_210' title='bbox 388 1738 537 1778; x_wconf 90' lang='lat' dir='ltr'><strong>morbo</strong></span> <span class='ocrx_word' id='word_1_211' title='bbox 563 1743 689 1778; x_wconf 90' lang='lat' dir='ltr'><strong>antea</strong></span> <span class='ocrx_word' id='word_1_212' title='bbox 714 1738 976 1788; x_wconf 84' lang='lat' dir='ltr'><strong>laborarunt,</strong></span> <span class='ocrx_word' id='word_1_213' title='bbox 1000 1751 1048 1778; x_wconf 89' lang='lat' dir='ltr'><strong>ac</strong></span> <span class='ocrx_word' id='word_1_214' title='bbox 1070 1738 1235 1778; x_wconf 89' lang='lat' dir='ltr'><strong>interea</strong></span> <span class='ocrx_word' id='word_1_215' title='bbox 1254 1736 1557 1777; x_wconf 86' lang='lat' dir='ltr'><strong>venae-sectio·</strong></span> <span class='ocrx_word' id='word_1_216' title='bbox 1575 1729 1764 1800; x_wconf 44' lang='grc' dir='ltr'><strong>ξ’ξῖἰῑξξὶῐὲζὲζ</strong></span> 
     </span>
     <span class='ocr_line' id='line_1_25' title="bbox 95 1804 1750 1861; baseline -0.002 -15"><span class='ocrx_word' id='word_1_217' title='bbox 95 1805 223 1846; x_wconf 85' lang='lat' dir='ltr'><strong>nibus</strong></span> <span class='ocrx_word' id='word_1_218' title='bbox 245 1810 288 1846; x_wconf 92' lang='lat' dir='ltr'><strong>et</strong></span> <span class='ocrx_word' id='word_1_219' title='bbox 308 1805 551 1846; x_wconf 90' lang='lat' dir='ltr'><strong>catharticis</strong></span> <span class='ocrx_word' id='word_1_220' title='bbox 571 1805 766 1859; x_wconf 88' lang='lat' dir='ltr'><strong>imperite</strong></span> <span class='ocrx_word' id='word_1_221' title='bbox 786 1805 947 1845; x_wconf 81' lang='lat' dir='ltr'><strong>fuerint</strong></span> <span class='ocrx_word' id='word_1_222' title='bbox 967 1805 1175 1853; x_wconf 90' lang='lat' dir='ltr'><strong>mulctati,</strong></span> <span class='ocrx_word' id='word_1_223' title='bbox 1191 1805 1238 1845; x_wconf 89' lang='lat' dir='ltr'><strong>in</strong></span> <span class='ocrx_word' id='word_1_224' title='bbox 1259 1804 1472 1845; x_wconf 80' lang='lat' dir='ltr'><strong>diabetem</strong></span> <span class='ocrx_word' id='word_1_225' title='bbox 1492 1804 1557 1844; x_wconf 89' lang='lat' dir='ltr'><strong>in·</strong></span> <span class='ocrx_word' id='word_1_226' title='bbox 1574 1813 1677 1843; x_wconf 82' lang='lat' dir='ltr'><strong>betem</strong></span> <span class='ocrx_word' id='word_1_227' title='bbox 1692 1813 1750 1861; x_wconf 57' lang='lat' dir='ltr'><strong>aii-</strong></span> 
     </span>
     <span class='ocr_line' id='line_1_26' title="bbox 97 1856 1760 1928; baseline 0 -17"><span class='ocrx_word' id='word_1_228' title='bbox 97 1871 255 1921; x_wconf 91' lang='lat' dir='ltr'><strong>cidant,</strong></span> <span class='ocrx_word' id='word_1_229' title='bbox 277 1870 406 1911; x_wconf 85' lang='lat' dir='ltr'><strong>etiam</strong></span> <span class='ocrx_word' id='word_1_230' title='bbox 426 1871 542 1912; x_wconf 89' lang='lat' dir='ltr'><strong>febre</strong></span> <span class='ocrx_word' id='word_1_231' title='bbox 558 1872 649 1925; x_wconf 84' lang='lat' dir='ltr'><strong>jam</strong></span> <span class='ocrx_word' id='word_1_232' title='bbox 664 1871 849 1925; x_wconf 84' lang='lat' dir='ltr'><strong>perfecte</strong></span> <span class='ocrx_word' id='word_1_233' title='bbox 865 1871 1026 1924; x_wconf 86' lang='lat' dir='ltr'><strong>fugata.</strong></span> <span class='ocrx_word' id='word_1_234' title='bbox 1068 1871 1243 1912; x_wconf 84' lang='lat' dir='ltr'><strong>Etenim</strong></span> <span class='ocrx_word' id='word_1_235' title='bbox 1263 1885 1361 1911; x_wconf 92' lang='lat' dir='ltr'><strong>cum</strong></span> <span class='ocrx_word' id='word_1_236' title='bbox 1383 1870 1556 1924; x_wconf 89' lang='lat' dir='ltr'><strong>sanguis</strong></span> <span class='ocrx_word' id='word_1_237' title='bbox 1573 1856 1701 1928; x_wconf 53' lang='grc' dir='ltr'><strong>ἓζὲῗζιάξ</strong></span> <span class='ocrx_word' id='word_1_238' title='bbox 1712 1865 1760 1885; x_wconf 85' lang='lat' dir='ltr'><strong>m-</strong></span> 
     </span>
     <span class='ocr_line' id='line_1_27' title="bbox 98 1938 1558 1991; baseline 0 -13"><span class='ocrx_word' id='word_1_239' title='bbox 98 1952 259 1988; x_wconf 85' lang='lat' dir='ltr'><strong>eorum,</strong></span> <span class='ocrx_word' id='word_1_240' title='bbox 282 1938 438 1979; x_wconf 87' lang='lat' dir='ltr'><strong>abhinc</strong></span> <span class='ocrx_word' id='word_1_241' title='bbox 465 1938 724 1987; x_wconf 86' lang='lat' dir='ltr'><strong>debilitatus,</strong></span> <span class='ocrx_word' id='word_1_242' title='bbox 748 1938 1028 1979; x_wconf 89' lang='lat' dir='ltr'><strong>assimilandis</strong></span> <span class='ocrx_word' id='word_1_243' title='bbox 1060 1938 1195 1979; x_wconf 89' lang='lat' dir='ltr'><strong>succis</strong></span> <span class='ocrx_word' id='word_1_244' title='bbox 1223 1938 1261 1979; x_wconf 93' lang='lat' dir='ltr'><strong>ei</strong></span> <span class='ocrx_word' id='word_1_245' title='bbox 1287 1938 1415 1979; x_wconf 91' lang='lat' dir='ltr'><strong>illatis</strong></span> <span class='ocrx_word' id='word_1_246' title='bbox 1440 1951 1558 1991; x_wconf 86' lang='lat' dir='ltr'><strong>pror-</strong></span> 
     </span>
     <span class='ocr_line' id='line_1_28' title="bbox 99 2005 1559 2059; baseline -0.001 -13"><span class='ocrx_word' id='word_1_247' title='bbox 99 2019 170 2046; x_wconf 88' lang='lat' dir='ltr'><strong>sus</strong></span> <span class='ocrx_word' id='word_1_248' title='bbox 198 2005 334 2058; x_wconf 88' lang='lat' dir='ltr'><strong>impar</strong></span> <span class='ocrx_word' id='word_1_249' title='bbox 360 2005 577 2055; x_wconf 86' lang='lat' dir='ltr'><strong>reddatur,</strong></span> <span class='ocrx_word' id='word_1_250' title='bbox 599 2005 728 2045; x_wconf 89' lang='lat' dir='ltr'><strong>iidem</strong></span> <span class='ocrx_word' id='word_1_251' title='bbox 754 2019 829 2059; x_wconf 90' lang='lat' dir='ltr'><strong>per</strong></span> <span class='ocrx_word' id='word_1_252' title='bbox 855 2005 942 2045; x_wconf 86' lang='lat' dir='ltr'><strong>vias</strong></span> <span class='ocrx_word' id='word_1_253' title='bbox 966 2005 1176 2045; x_wconf 85' lang='lat' dir='ltr'><strong>urinarias</strong></span> <span class='ocrx_word' id='word_1_254' title='bbox 1205 2005 1326 2046; x_wconf 89' lang='lat' dir='ltr'><strong>crudi</strong></span> <span class='ocrx_word' id='word_1_255' title='bbox 1352 2005 1491 2045; x_wconf 89' lang='lat' dir='ltr'><strong>adhuc</strong></span> <span class='ocrx_word' id='word_1_256' title='bbox 1516 2010 1559 2045; x_wconf 90' lang='lat' dir='ltr'><strong>et</strong></span> 
     </span>
     <span class='ocr_line' id='line_1_29' title="bbox 98 2071 1561 2127; baseline -0.001 -15"><span class='ocrx_word' id='word_1_257' title='bbox 98 2072 337 2113; x_wconf 86' lang='lat' dir='ltr'><strong>inconcocti</strong></span> <span class='ocrx_word' id='word_1_258' title='bbox 367 2072 529 2112; x_wconf 78' lang='lat' dir='ltr'><strong>exitum</strong></span> <span class='ocrx_word' id='word_1_259' title='bbox 560 2072 641 2112; x_wconf 90' lang='lat' dir='ltr'><strong>sibi</strong></span> <span class='ocrx_word' id='word_1_260' title='bbox 673 2076 912 2127; x_wconf 79' lang='lat' dir='ltr'><strong>quaerunt3</strong></span> <span class='ocrx_word' id='word_1_261' title='bbox 957 2071 1223 2126; x_wconf 89' lang='lat' dir='ltr'><strong>proindeque</strong></span> <span class='ocrx_word' id='word_1_262' title='bbox 1253 2085 1354 2125; x_wconf 89' lang='lat' dir='ltr'><strong>prae</strong></span> <span class='ocrx_word' id='word_1_263' title='bbox 1392 2072 1561 2124; x_wconf 84' lang='lat' dir='ltr'><strong>ingenti</strong></span> 
     </span>
     <span class='ocr_line' id='line_1_30' title="bbox 98 2139 1559 2195; baseline -0.001 -14"><span class='ocrx_word' id='word_1_264' title='bbox 98 2141 247 2181; x_wconf 86' lang='lat' dir='ltr'><strong>urinae</strong></span> <span class='ocrx_word' id='word_1_265' title='bbox 269 2140 400 2194; x_wconf 88' lang='lat' dir='ltr'><strong>copia,</strong></span> <span class='ocrx_word' id='word_1_266' title='bbox 418 2140 584 2195; x_wconf 90' lang='lat' dir='ltr'><strong>quoties</strong></span> <span class='ocrx_word' id='word_1_267' title='bbox 606 2154 699 2181; x_wconf 92' lang='lat' dir='ltr'><strong>eam</strong></span> <span class='ocrx_word' id='word_1_268' title='bbox 720 2140 919 2190; x_wconf 88' lang='lat' dir='ltr'><strong>reddunt,</strong></span> <span class='ocrx_word' id='word_1_269' title='bbox 937 2144 1117 2190; x_wconf 79' lang='lat' dir='ltr'><strong>excreta,</strong></span> <span class='ocrx_word' id='word_1_270' title='bbox 1140 2139 1298 2180; x_wconf 89' lang='lat' dir='ltr'><strong>sensim</strong></span> <span class='ocrx_word' id='word_1_271' title='bbox 1319 2139 1426 2179; x_wconf 82' lang='lat' dir='ltr'><strong>vires</strong></span> <span class='ocrx_word' id='word_1_272' title='bbox 1446 2139 1559 2179; x_wconf 90' lang='lat' dir='ltr'><strong>labe-</strong></span> 
     </span>
     <span class='ocr_line' id='line_1_31' title="bbox 98 2207 1560 2263; baseline -0.001 -14"><span class='ocrx_word' id='word_1_273' title='bbox 98 2209 326 2258; x_wconf 87' lang='lat' dir='ltr'><strong>factantur,</strong></span> <span class='ocrx_word' id='word_1_274' title='bbox 367 2212 410 2248; x_wconf 86' lang='lat' dir='ltr'><strong>et</strong></span> <span class='ocrx_word' id='word_1_275' title='bbox 451 2208 573 2263; x_wconf 89' lang='lat' dir='ltr'><strong>quasi</strong></span> <span class='ocrx_word' id='word_1_276' title='bbox 613 2207 854 2248; x_wconf 87' lang='lat' dir='ltr'><strong>substantia</strong></span> <span class='ocrx_word' id='word_1_277' title='bbox 893 2207 1078 2260; x_wconf 89' lang='lat' dir='ltr'><strong>corporis</strong></span> <span class='ocrx_word' id='word_1_278' title='bbox 1117 2221 1193 2261; x_wconf 92' lang='lat' dir='ltr'><strong>per</strong></span> <span class='ocrx_word' id='word_1_279' title='bbox 1224 2207 1335 2248; x_wconf 89' lang='lat' dir='ltr'><strong>hanc</strong></span> <span class='ocrx_word' id='word_1_280' title='bbox 1375 2207 1560 2247; x_wconf 88' lang='lat' dir='ltr'><strong>cloacam</strong></span> 
     </span>
    </p>

    <p class='ocr_par' dir='ltr' id='par_1_9' title="bbox 79 2273 1762 2531">
     <span class='ocr_line' id='line_1_32' title="bbox 79 2273 1723 2329; baseline -0.001 -13"><span class='ocrx_word' id='word_1_281' title='bbox 79 2275 356 2324; x_wconf 77' lang='lat' dir='ltr'><strong>exinanitur.</strong></span> <span class='ocrx_word' id='word_1_282' title='bbox 417 2275 474 2315; x_wconf 89' lang='lat' dir='ltr'><strong>In</strong></span> <span class='ocrx_word' id='word_1_283' title='bbox 504 2275 583 2316; x_wconf 91' lang='lat' dir='ltr'><strong>hoc</strong></span> <span class='ocrx_word' id='word_1_284' title='bbox 609 2275 777 2325; x_wconf 88' lang='lat' dir='ltr'><strong>affectu,</strong></span> <span class='ocrx_word' id='word_1_285' title='bbox 799 2274 866 2315; x_wconf 91' lang='lat' dir='ltr'><strong>uti</strong></span> <span class='ocrx_word' id='word_1_286' title='bbox 893 2279 935 2315; x_wconf 91' lang='lat' dir='ltr'><strong>et</strong></span> <span class='ocrx_word' id='word_1_287' title='bbox 965 2275 1012 2314; x_wconf 90' lang='lat' dir='ltr'><strong>in</strong></span> <span class='ocrx_word' id='word_1_288' title='bbox 1037 2274 1153 2315; x_wconf 79' lang='lat' dir='ltr'><strong>omni</strong></span> <span class='ocrx_word' id='word_1_289' title='bbox 1181 2273 1361 2324; x_wconf 81' lang='lat' dir='ltr'><strong>diabete,</strong></span> <span class='ocrx_word' id='word_1_290' title='bbox 1384 2288 1435 2314; x_wconf 83' lang='lat' dir='ltr'><strong>ex</strong></span> <span class='ocrx_word' id='word_1_291' title='bbox 1456 2288 1559 2329; x_wconf 90' lang='lat' dir='ltr'><strong>qua·</strong></span> <span class='ocrx_word' id='word_1_292' title='bbox 1578 2291 1618 2322; x_wconf 85' lang='lat' dir='ltr'><strong>In</strong></span> <span class='ocrx_word' id='word_1_293' title='bbox 1634 2294 1723 2325; x_wconf 84' lang='lat' dir='ltr'><strong>omni</strong></span> 
     </span>
     <span class='ocr_line' id='line_1_33' title="bbox 99 2335 1762 2417; baseline -0.001 -34"><span class='ocrx_word' id='word_1_294' title='bbox 99 2357 268 2398; x_wconf 92' lang='lat' dir='ltr'><strong>cunque</strong></span> <span class='ocrx_word' id='word_1_295' title='bbox 298 2341 513 2398; x_wconf 82' lang='grc' dir='ltr'>προφάσει</span> <span class='ocrx_word' id='word_1_296' title='bbox 543 2343 752 2395; x_wconf 88' lang='lat' dir='ltr'><strong>originem</strong></span> <span class='ocrx_word' id='word_1_297' title='bbox 783 2342 923 2392; x_wconf 82' lang='lat' dir='ltr'><strong>ducat,</strong></span> <span class='ocrx_word' id='word_1_298' title='bbox 956 2342 1170 2383; x_wconf 76' lang='lat' dir='ltr'><strong>curativae</strong></span> <span class='ocrx_word' id='word_1_299' title='bbox 1199 2342 1478 2382; x_wconf 90' lang='lat' dir='ltr'><strong>indicationes</strong></span> <span class='ocrx_word' id='word_1_300' title='bbox 1506 2342 1560 2382; x_wconf 91' lang='lat' dir='ltr'><strong>ad</strong></span> <span class='ocrx_word' id='word_1_301' title='bbox 1577 2335 1762 2417; x_wconf 51' lang='grc' dir='ltr'><strong>ἓξὲξξὲῖξῃ·</strong></span> 
     </span>
     <span class='ocr_line' id='line_1_34' title="bbox 101 2409 1701 2463; baseline 0 -12"><span class='ocrx_word' id='word_1_302' title='bbox 101 2410 354 2463; x_wconf 84' lang='lat' dir='ltr'><strong>sanguinem</strong></span> <span class='ocrx_word' id='word_1_303' title='bbox 383 2410 711 2462; x_wconf 89' lang='lat' dir='ltr'><strong>invigorandum</strong></span> <span class='ocrx_word' id='word_1_304' title='bbox 747 2409 1204 2463; x_wconf 88' lang='lat' dir='ltr'><strong>corroborandumque,</strong></span> <span class='ocrx_word' id='word_1_305' title='bbox 1237 2422 1284 2449; x_wconf 91' lang='lat' dir='ltr'><strong>ac</strong></span> <span class='ocrx_word' id='word_1_306' title='bbox 1319 2409 1477 2462; x_wconf 88' lang='lat' dir='ltr'><strong>pariter</strong></span> <span class='ocrx_word' id='word_1_307' title='bbox 1507 2409 1561 2450; x_wconf 88' lang='lat' dir='ltr'><strong>ad</strong></span> <span class='ocrx_word' id='word_1_308' title='bbox 1579 2419 1638 2450; x_wconf 83' lang='lat' dir='ltr'><strong>dus</strong></span> <span class='ocrx_word' id='word_1_309' title='bbox 1654 2426 1701 2451; x_wconf 86' lang='lat' dir='ltr'><strong>est</strong></span> 
     </span>
     <span class='ocr_line' id='line_1_35' title="bbox 101 2464 1720 2531; baseline -0.001 -13"><span class='ocrx_word' id='word_1_310' title='bbox 101 2478 262 2518; x_wconf 80' lang='lat' dir='ltr'><strong>fluxum</strong></span> <span class='ocrx_word' id='word_1_311' title='bbox 282 2478 431 2518; x_wconf 86' lang='lat' dir='ltr'><strong>urinae</strong></span> <span class='ocrx_word' id='word_1_312' title='bbox 451 2477 861 2531; x_wconf 85' lang='lat' dir='ltr'><strong>praeternaturalem</strong></span> <span class='ocrx_word' id='word_1_313' title='bbox 881 2476 1242 2529; x_wconf 87' lang='lat' dir='ltr'><strong>restringendum,</strong></span> <span class='ocrx_word' id='word_1_314' title='bbox 1265 2476 1440 2517; x_wconf 91' lang='lat' dir='ltr'><strong>omnino</strong></span> <span class='ocrx_word' id='word_1_315' title='bbox 1461 2476 1560 2517; x_wconf 88' lang='lat' dir='ltr'><strong>diri-</strong></span> <span class='ocrx_word' id='word_1_316' title='bbox 1579 2464 1720 2502; x_wconf 67' lang='lat' dir='ltr'><strong>sangms.</strong></span> 
     </span>
    </p>
   </div>
   <div class='ocr_carea' id='block_1_3' title="bbox 103 2515 1754 2600">
    <p class='ocr_par' dir='ltr' id='par_1_10' title="bbox 103 2515 1754 2600">
     <span class='ocr_line' id='line_1_36' title="bbox 1580 2515 1754 2548; baseline 0.023 -4"><span class='ocrx_word' id='word_1_317' title='bbox 1580 2515 1754 2548; x_wconf 81' lang='lat' dir='ltr'><strong>Methodus</strong></span> 
     </span>
     <span class='ocr_line' id='line_1_37' title="bbox 103 2544 1748 2600; baseline 0.003 -15"><span class='ocrx_word' id='word_1_318' title='bbox 103 2544 265 2599; x_wconf 88' lang='lat' dir='ltr'><strong>gendae</strong></span> <span class='ocrx_word' id='word_1_319' title='bbox 287 2550 387 2586; x_wconf 90' lang='lat' dir='ltr'><strong>sunt</strong></span> <span class='ocrx_word' id='word_1_320' title='bbox 402 2562 410 2586; x_wconf 91' lang='lat'>:</span> <span class='ocrx_word' id='word_1_321' title='bbox 442 2550 562 2596; x_wconf 90' lang='lat' dir='ltr'><strong>ut,—</strong></span> <span class='ocrx_word' id='word_1_322' title='bbox 1579 2557 1748 2600; x_wconf 76' lang='lat' dir='ltr'><strong>therapeu-</strong></span> 
     </span>
    </p>
   </div>
   <div class='ocr_carea' id='block_1_4' title="bbox 1578 2600 1648 2631">
    <p class='ocr_par' dir='ltr' id='par_1_11' title="bbox 1578 2600 1648 2631">
     <span class='ocr_line' id='line_1_38' title="bbox 1578 2600 1648 2631; baseline 0.029 -2"><span class='ocrx_word' id='word_1_323' title='bbox 1578 2600 1648 2631; x_wconf 86' lang='lat' dir='ltr'><strong>tica.</strong></span> 
     </span>
    </p>
   </div>
   <div class='ocr_carea' id='block_1_5' title="bbox 1569 405 1755 410">
    <p class='ocr_par' dir='ltr' id='par_1_12' title="bbox 1569 405 1755 410">
     <span class='ocr_line' id='line_1_39' title="bbox 1569 405 1755 410; baseline 0 0"><span class='ocrx_word' id='word_1_324' title='bbox 1569 405 1755 410; x_wconf 95' lang='lat' dir='ltr'><strong> </strong></span> 
     </span>
    </p>
   </div>
   <div class='ocr_carea' id='block_1_6' title="bbox 105 2656 1427 2866">
    <p class='ocr_par' dir='ltr' id='par_1_13' title="bbox 105 2656 1427 2866">
     <span class='ocr_line' id='line_1_40' title="bbox 105 2656 1186 2708; baseline -0.001 -17"><span class='ocrx_word' id='word_1_325' title='bbox 105 2658 239 2702; x_wconf 84' lang='lat' dir='ltr'><strong>[Form.</strong></span> <span class='ocrx_word' id='word_1_326' title='bbox 260 2658 362 2704; x_wconf 86' lang='lat'><strong>53.]¹=</strong></span> <span class='ocrx_word' id='word_1_327' title='bbox 388 2656 429 2708; x_wconf 72' lang='lat' dir='ltr'>R</span> <span class='ocrx_word' id='word_1_328' title='bbox 457 2658 646 2692; x_wconf 84' lang='lat' dir='ltr'><strong>Theriacae</strong></span> <span class='ocrx_word' id='word_1_329' title='bbox 664 2657 898 2691; x_wconf 85' lang='lat' dir='ltr'><strong>Andromachi</strong></span> <span class='ocrx_word' id='word_1_330' title='bbox 917 2658 1186 2701; x_wconf 87' lang='lat' dir='ltr'><strong>sesquiunciam,</strong></span> 
     </span>
     <span class='ocr_line' id='line_1_41' title="bbox 452 2713 1427 2753; baseline -0.002 -4"><span class='ocrx_word' id='word_1_331' title='bbox 452 2715 648 2749; x_wconf 72' lang='lat' dir='ltr'><strong>Conservae</strong></span> <span class='ocrx_word' id='word_1_332' title='bbox 668 2713 866 2747; x_wconf 65' lang='lat' dir='ltr'><strong>Flavedinis</strong></span> <span class='ocrx_word' id='word_1_333' title='bbox 883 2714 1132 2747; x_wconf 78' lang='lat' dir='ltr'><strong>Aurantiorum</strong></span> <span class='ocrx_word' id='word_1_334' title='bbox 1150 2714 1290 2746; x_wconf 84' lang='lat' dir='ltr'><strong>unciam</strong></span> <span class='ocrx_word' id='word_1_335' title='bbox 1309 2724 1427 2753; x_wconf 84' lang='lat' dir='ltr'><strong>unam,</strong></span> 
     </span>
     <span class='ocr_line' id='line_1_42' title="bbox 452 2770 904 2810; baseline -0.004 -5"><span class='ocrx_word' id='word_1_336' title='bbox 452 2770 650 2805; x_wconf 89' lang='lat' dir='ltr'><strong>Diascordii</strong></span> <span class='ocrx_word' id='word_1_337' title='bbox 665 2771 904 2810; x_wconf 77' lang='lat' dir='ltr'><strong>semiunciam,</strong></span> 
     </span>
     <span class='ocr_line' id='line_1_43' title="bbox 452 2827 827 2866; baseline -0.005 -5"><span class='ocrx_word' id='word_1_338' title='bbox 452 2827 655 2861; x_wconf 84' lang='lat' dir='ltr'><strong>zinziberis</strong></span> <span class='ocrx_word' id='word_1_339' title='bbox 671 2827 827 2866; x_wconf 70' lang='lat' dir='ltr'><strong>Condifi,</strong></span> 
     </span>
    </p>
   </div>
   <div class='ocr_carea' id='block_1_7' title="bbox 190 2899 1475 3005">
    <p class='ocr_par' dir='ltr' id='par_1_14' title="bbox 190 2899 1475 3005">
     <span class='ocr_line' id='line_1_44' title="bbox 190 2899 1475 2933; baseline -0.003 0"><span class='ocrx_word' id='word_1_340' title='bbox 190 2906 211 2920; x_wconf 82' lang='lat'><strong>¹²¹</strong></span> <span class='ocrx_word' id='word_1_341' title='bbox 236 2901 285 2933; x_wconf 83' lang='lat' dir='ltr'><strong>Cf.</strong></span> <span class='ocrx_word' id='word_1_342' title='bbox 305 2904 435 2933; x_wconf 76' lang='lat' dir='ltr'><strong>process.</strong></span> <span class='ocrx_word' id='word_1_343' title='bbox 455 2903 514 2932; x_wconf 78' lang='lat' dir='ltr'><strong>Int.</strong></span> <span class='ocrx_word' id='word_1_344' title='bbox 533 2912 557 2931; x_wconf 89' lang='lat' dir='ltr'><strong>c.</strong></span> <span class='ocrx_word' id='word_1_345' title='bbox 577 2902 626 2932; x_wconf 87' lang='lat'><strong>37.</strong></span> <span class='ocrx_word' id='word_1_346' title='bbox 1192 2902 1206 2916; x_wconf 75' lang='lat'><strong>¹¹</strong></span> <span class='ocrx_word' id='word_1_347' title='bbox 1232 2899 1281 2930; x_wconf 84' lang='lat' dir='ltr'><strong>Cf.</strong></span> <span class='ocrx_word' id='word_1_348' title='bbox 1296 2900 1386 2930; x_wconf 81' lang='lat' dir='ltr'><strong>form.</strong></span> <span class='ocrx_word' id='word_1_349' title='bbox 1405 2901 1475 2930; x_wconf 82' lang='lat'><strong>231.</strong></span> 
     </span>
     <span class='ocr_line' id='line_1_45' title="bbox 804 2967 874 3005; baseline 0 0"><span class='ocrx_word' id='word_1_350' title='bbox 804 2967 825 2991; x_wconf 83' lang='lat' dir='ltr'><strong>P</strong></span> <span class='ocrx_word' id='word_1_351' title='bbox 848 2968 874 3005; x_wconf 89' lang='lat' dir='ltr'>P</span> 
     </span>
    </p>
   </div>
  </div>
 </body>
</html>
