1985 3308
258 257 439 288 DnNovAi:

290 300 420 329 FEBms

258 342 435 372 lxonnssu

263 1810 352 1841 Quid
368 1819 440 1850 por-

261 1853 369 1882 tendat

263 1895 338 1925 haec
356 1895 415 1925 Fe-

259 1937 334 1968 bris.

463 141 547 181 512
873 140 1130 182 THOMAE
1164 139 1506 181 SYDENHAM

460 251 583 287 tanto
622 247 758 300 magis
803 246 978 296 febrem,
1020 246 1377 299 inquietudinem,
1420 245 1629 295 delirium,
1671 251 1921 299 caeteraque

462 321 758 371 symptomata,
780 316 1002 356 intendere
1034 329 1081 355 ac
1111 329 1380 368 promovere;
1415 329 1437 355 e
1469 320 1616 355 contra
1645 329 1743 354 vero
1774 314 1922 367 depre-

458 385 660 435 hender0,
687 385 884 432 eundem,
911 384 985 423 ubi
1014 382 1232 422 moderate
1259 382 1544 434 refrigeretm,
1571 386 1693 422 tanto
1722 381 1922 422 sedatiori
1960 428 1965 437 μ

459 458 797 507 temperamento
829 465 931 501 essc,
963 455 1170 502 tantoque
1200 450 1343 489 minus
1375 455 1465 490 tam
1501 465 1525 490 a
1556 449 1673 490 febre
1710 464 1837 502 quam
1868 448 1922 489 ab
1959 436 1965 478 1¹

461 521 552 561 aliis
584 519 877 575 symptomatis
909 517 1063 558 vexari.
1136 517 1275 568 Addo,
1311 518 1436 571 quod,
1474 523 1638 558 servata
1673 517 1818 558 debita
1848 517 1923 558 illa
1962 502 1965 511 ¹

461 589 599 629 carnis
626 588 890 628 musculosae
917 585 1122 638 temperie
1145 600 1252 638 quae
1279 587 1545 639 pustularum
1569 592 1664 626 tum
1689 590 1922 638 augmento

460 663 555 698 tum
585 655 861 696 maturationi
889 654 1073 694 maxime
1104 655 1318 708 competit,
1342 659 1384 695 et
1415 654 1661 707 grandiores
1693 658 1792 694 sunt
1823 667 1924 706 pus-

460 723 575 763 tulae
597 727 638 762 et
659 721 874 761 liberalius
895 720 1128 774 implentur
1146 736 1273 774 quam
1294 722 1328 761 si
1350 735 1474 774 aeger
1495 722 1627 762 nimio
1644 721 1923 761 suffocaretur

461 791 611 830 calore.
675 789 820 829 Posito
844 789 924 829 hoc
951 795 1132 842 utroque
1164 804 1276 840 casu,
1300 791 1400 830 satis
1431 790 1706 830 manifestum
1736 803 1826 830 esse
1857 803 1922 829 ar-

459 856 605 905 bitror,
649 870 776 908 quam
814 855 956 908 potius
1004 869 1178 909 praxeos
1219 858 1469 898 methodum
1510 858 1627 911 sequi
1677 857 1921 898 debeamus,

468 924 575 978 [45]
614 924 779 964 Pariter
812 923 859 963 in
891 923 964 963 illa
996 924 1048 964 de
1085 939 1168 977 qua
1199 935 1323 966 'nunc
1360 926 1526 979 agimus
1559 926 1706 976 Febre,
1742 926 1777 966 si
1809 939 1923 966 com-

458 992 608 1046 periar,
643 1005 831 1044 aegrum,
874 1005 956 1044 quo
991 992 1125 1044 magis
1161 992 1312 1043 calefit,
1356 1007 1405 1034 eo
1443 993 1580 1046 magis
1621 1007 1710 1033 non
1748 997 1922 1033 tantum

460 1059 670 1113 phrenesi,
703 1059 880 1099 maculis
912 1060 1146 1112 purpureiS,
1179 1062 1397 1113 petechiis,
1427 1066 1521 1111 etc„
1555 1061 1787 1101 obnoxium
1819 1074 1922 1110 esse,

462 1127 534 1167 sed
566 1132 608 1167 et
639 1126 810 1167 Febrim
840 1126 1014 1179 insuper
1047 1129 1343 1180 symptomatis
1371 1129 1563 1169 omnium
1590 1142 1796 1181 generum
1820 1128 1923 1167 irre-

462 1194 678 1248 gularibus
707 1199 749 1234 et
778 1194 984 1234 anomalis
1010 1195 1161 1235 exinde
1184 1196 1354 1249 stipari,
1388 1211 1410 1237 e
1437 1201 1585 1237 contra
1605 1210 1715 1246 vero,
1739 1196 1773 1235 si
1795 1195 1924 1235 alium

462 1277 638 1315 aegrum
659 1276 708 1302 ea
729 1276 856 1314 quam
882 1262 972 1315 jam
999 1263 1275 1315 proponimus
1300 1264 1501 1304 methodo
1526 1269 1758 1303 tractatum
1783 1262 1835 1303 ab
1857 1262 1924 1302 his

460 1330 754 1385 symptomatis
774 1343 944 1382 prorsus
960 1329 1143 1370 liberum
1159 1330 1465 1371 observaverim
1482 1349 1489 1372 :
1524 1331 1650 1371 Ratio
1672 1330 1805 1371 dictat
1825 1344 1920 1383 pos-

459 1400 660 1440 teriorem
679 1398 796 1438 hunc
814 1411 991 1450 praxeos
1012 1398 1187 1438 modum
1208 1399 1332 1452 longe
1359 1400 1480 1440 alteri
1500 1404 1727 1453 praestare,
1750 1397 1924 1440 tametsi

461 1472 641 1519 uterque
663 1479 787 1518 aeger
802 1466 863 1505 ita
879 1465 1156 1506 diversimode
1177 1467 1313 1507 curati
1330 1468 1382 1507 ad
1399 1467 1624 1508 sanitatem
1641 1471 1925 1507 revertantur.

464 1534 591 1576 Quod
613 1534 647 1573 si
670 1533 812 1586 plures
842 1532 921 1572 hac
948 1533 1015 1572 via
1036 1547 1163 1585 quam
1192 1534 1273 1574 alia
1302 1534 1385 1574 ista
1414 1539 1598 1575 mortem
1629 1534 1850 1586 effugiant,
1875 1547 1926 1574 eo

461 1602 626 1642 facilius
667 1601 844 1641 solvitur
876 1601 1185 1641 controversiae
1217 1601 1383 1651 nodus3
1429 1616 1512 1655 qua
1552 1601 1604 1642 de
1644 1615 1690 1642 re
1729 1615 1818 1641 non
1859 1605 1924 1642 est
1981 1631 1983 1638 .

461 1685 655 1711 mearum
679 1669 866 1723 partium
887 1668 1098 1722 judicium
1122 1669 1244 1719 ferre,
1267 1683 1321 1709 ne
1352 1669 1458 1709 mihi
1480 1674 1522 1709 et
1544 1669 1649 1709 meis
1670 1670 1766 1723 plus
1788 1682 1923 1722 aequo

463 1739 639 1779 faveam,

529 1806 637 1860 [46]
675 1807 819 1859 Atque
851 1805 955 1861 haec
989 1804 1040 1845 de
1075 1805 1154 1844 hac
1187 1804 1333 1845 Febris
1369 1805 1516 1858 specie.
1579 1804 1812 1858 Quousque
1852 1804 1925 1844 illa

465 1874 648 1923 durabit,
679 1888 768 1913 non
798 1873 1005 1922 hariolor;
1056 1886 1194 1925 neque
1232 1872 1332 1912 satis
1369 1872 1453 1912 scio
1490 1886 1635 1913 annon
1668 1872 1721 1912 sit
1750 1871 1923 1912 initium

465 1942 636 1995 aliquod
671 1940 934 1994 spirituosius
963 1953 1010 1980 ac
1041 1939 1206 1990 subtile,
1241 1944 1283 1980 et
1315 1939 1433 1993 quasi
1467 1939 1746 1992 primordium
1778 1938 1924 1979 Febris

462 2010 585 2050 istius
607 2008 915 2062 Depuratoriae
932 2008 1022 2061 jam
1043 2007 1300 2060 antiquatae,
1324 2021 1451 2060 quam
1471 2007 1664 2047 insecuta
1684 2012 1747 2047 est
1771 2007 1923 2047 imma-

462 2077 639 2117 nissima
669 2077 742 2116 illa
775 2075 951 2116 Pestisu.
1016 2075 1128 2115 Sunt
1158 2076 1345 2128 profecto
1375 2075 1671 2128 phaenomena
1701 2075 1922 2128 quaedam,

463 2159 571 2199 quae
606 2158 675 2185 me
709 2148 759 2184 ut
793 2144 873 2183 1100
913 2143 1082 2183 credam
1118 2143 1413 2195 quadantenus
1446 2143 1682 2192 inducunt,
1735 2142 1926 2196 quando-

464 2212 634 2266 quidem
679 2226 768 2252 non
808 2215 979 2251 tantum
1019 2210 1174 2251 Febres
1208 2211 1526 2250 Intermiltentes
1564 2210 1731 2264 proprie
1771 2209 1922 2260 dictae,

462 2279 707 2334 praesertim
732 2279 991 2327 Quartanae,
1012 2278 1083 2318 hic
1111 2278 1196 2318 illic
1224 2292 1391 2331 sparsae
1418 2278 1556 2318 adhuc
1576 2282 1753 2327 restant,
1774 2291 1923 2318 verum

463 2348 591 2388 etiam
611 2347 844 2387 nonnullae
866 2360 916 2386 ex
939 2345 1005 2386 his
1027 2345 1233 2386 Febribus
1256 2346 1482 2386 Continuis
1507 2345 1687 2386 subinde
1715 2346 1761 2385 in
1782 2346 1922 2386 Inter-

461 2414 729 2455 mittentium
757 2418 907 2463 castra,
936 2413 1119 2453 maxime
1147 2418 1356 2454 autumno
1382 2414 1474 2466 jam
1499 2412 1725 2466 pendente,
1748 2412 1921 2453 commi-

463 2486 606 2535 grant:
637 2486 687 2521 ut
699 2482 789 2535 jam
801 2486 979 2530 taceam,
995 2480 1336 2521 exacerbationes
1353 2481 1397 2520 in
1414 2480 1493 2520 1130
1507 2479 1642 2520 Febre
1655 2494 1781 2533 supra
1796 2478 1841 2534 [ᾧ
1857 2478 1919 2535 5.]

461 2554 729 2599 memoratas,
752 2563 900 2589 eorum
922 2562 1272 2602 paroxysmorum
1297 2549 1370 2601 qui
1399 2548 1556 2589 Febres
1579 2547 1923 2588 Intermittentes

461 2617 733 2667 comitantur,
757 2616 932 2669 genium
960 2616 1101 2669 aliquo
1130 2616 1282 2656 saltem
1302 2615 1427 2656 modo
1447 2615 1605 2656 referre
1618 2632 1630 2665 ;
1661 2620 1757 2656 tum
1778 2615 1920 2665 etiam,

461 2685 575 2738 quod
608 2685 689 2725 hoc
716 2684 865 2724 morbo
897 2684 1139 2724 laborantes
1175 2683 1228 2724 ad
1255 2683 1530 2724 vomitionem
1562 2683 1664 2723 satis
1695 2687 1796 2723 sunt
1826 2696 1921 2736 pro-

460 2753 595 2806 pensi.
648 2752 745 2794 Qua
761 2752 813 2792 de
833 2765 879 2792 re
895 2756 1042 2791 tamen
1057 2751 1165 2791 nihil
1185 2764 1355 2804 prorsus
1376 2764 1452 2805 pro
1473 2754 1688 2803 comperto
1702 2749 1922 2790 venditare

461 2821 628 2861 animus
648 2819 755 2860 mihi
775 2823 852 2869 est,
875 2819 1076 2873 quoniam
1106 2832 1194 2859 non
1217 2819 1308 2872 jam
1333 2818 1440 2858 mihi
1470 2817 1689 2867 succurrit,
1712 2830 1796 2870 qua
1814 2817 1922 2857 facie

742 2907 758 2924 ¹¹
785 2902 833 2932 Cf.
853 2904 972 2933 Observ.
991 2903 1073 2933 Med.
1092 2902 1110 2932 i.
1129 2904 1166 2931 4:
1192 2903 1223 2933 ii.
1242 2904 1279 2936 2;
1304 2903 1438 2933 Prot-ess.
1457 2903 1516 2931 lm.
1533 2911 1558 2932 c.
1577 2902 1606 2936 2,
1625 2901 1652 2931 ³.
