1985 3308
394 127 479 166 518
751 127 1009 169 THOMAE
1043 129 1386 170 SYDENHAM

190 243 374 275 Dnmen
392 233 496 274 nino
516 247 687 275 necesse
709 240 772 275 est
791 241 842 276 ut
863 235 977 276 dicta
997 236 1107 276 dosis
1130 243 1276 276 octava
1295 236 1360 276 vel
1382 236 1510 276 etiam
1532 241 1672 276 sextaz
1689 251 1854 291 quaque

201 287 228 317 P
232 296 340 360 υὲἶὲῡ
343 296 363 317 ‘³
393 301 497 342 hora
516 306 745 354 repetatur.

190 375 241 414 ‘De
257 395 332 414 con-
458 369 566 422 [11.]
605 369 715 410 Cum
736 383 833 410 vero
859 369 936 409 sub
964 369 1126 409 ultimis
1150 369 1288 410 morbi
1313 369 1461 410 diebus
1486 370 1603 411 haud
1626 384 1722 412 raro
1747 373 1852 413 acci-

189 427 351 499 Ξῐιῗξῒῒζζῗῗ
393 429 492 486 dat,
512 436 627 490 aegri
658 437 798 477 alvum
827 436 998 490 (partim
1030 450 1055 476 a
1083 436 1222 477 morbi
1251 441 1418 486 natura,
1450 437 1606 490 partim
1643 452 1668 478 a
1695 452 1854 491 magna

188 506 732 560 denisuper-paregoricorum
763 505 814 555 vi,
848 518 1028 558 quorum
1059 518 1182 557 opem
1212 504 1338 558 plane
1370 505 1623 558 deposcebat
1654 506 1853 546 medendi

189 560 345 585 vemente.
391 573 529 625 rati0,)
554 572 614 613 ita
645 571 925 625 constipatam
956 585 1058 621 esse,
1081 576 1130 611 ut
1156 576 1251 612 tum
1281 572 1368 613 fere
1400 573 1630 613 suffocetur
1652 574 1736 624 ille,
1757 578 1852 614 tum

392 640 538 681 Febris
561 640 614 680 ad
630 653 726 680 eum
745 639 925 692 gradum
946 639 1184 679 ascenderit
1204 644 1254 680 ut
1270 640 1361 693 jam
1383 640 1435 681 de
1457 654 1582 694 aegro
1601 655 1736 694 paene
1753 655 1851 682 con-

391 708 621 748 clamatum
644 707 861 757 videatur3
894 706 1000 747 duro
1026 707 1127 747 huic
1153 708 1266 748 nodo
1295 708 1426 748 durus
1454 721 1614 749 cuneus
1642 709 1852 762 aptandus

392 783 480 826 est;
513 781 554 817 et
570 776 697 816 rebus
719 776 777 817 sic
798 776 1024 827 stantibus,
1041 777 1167 830 longe
1188 778 1331 818 minus
1353 792 1479 831 aegro
1499 779 1676 832 periculi
1697 780 1776 820 erit
1797 779 1850 820 ab

391 850 608 899 assumpto
634 845 867 886 cathartico
896 845 1098 895 leniente,
1129 860 1256 899 quam
1279 860 1303 886 a
1324 846 1459 887 Febre
1484 860 1533 887 eo
1559 847 1851 888 vehementiae

390 916 442 956 ab
465 915 699 956 alvinarum
719 914 884 955 faecum
905 915 1144 955 retentione
1169 919 1379 968 provecta.
1433 915 1518 956 Hic
1539 929 1617 968 ego
1639 915 1739 956 satis
1759 916 1849 956 feli-

391 984 497 1024 citer
537 982 754 1024 electuarii
792 982 957 1022 lenitivi
996 982 1331 1036 sesquiunciam³
1365 982 1411 1022 in
1448 996 1581 1036 aquae
1616 982 1850 1024 stillatitiae

388 1050 594 1091 tenuioris
634 1050 830 1103 (exempli
871 1050 1019 1103 gratia,
1057 1064 1190 1103 aquae
1230 1050 1415 1099 cichorii,
1451 1051 1518 1090 vel
1557 1064 1690 1104 aquae
1729 1051 1850 1092 lactis

390 1117 655 1170 alexiteriae)
689 1117 826 1158 unciis
849 1122 1030 1171 quatuor
1055 1118 1238 1158 solutam
1268 1117 1499 1170 propinavi.
1562 1117 1648 1160 Qui
1679 1118 1850 1171 quidem

389 1185 582 1236 haustus,
603 1186 716 1236 licet,
737 1190 832 1226 tum
854 1185 907 1225 ob
930 1185 1011 1225 alvi
1038 1186 1383 1226 constrictionem
1403 1185 1502 1226 huic
1523 1185 1693 1226 affectui
1713 1186 1849 1226 solen-

389 1268 501 1303 nem,
524 1258 619 1294 tum
647 1254 776 1294 etiam
805 1253 857 1294 ob
886 1253 1197 1294 diuturniorem
1223 1253 1552 1307 hypnoticorum
1572 1267 1712 1303 usum,
1734 1253 1850 1294 haud

388 1322 449 1362 ita
469 1321 610 1362 subito
629 1326 823 1362 ventrem
846 1322 1022 1371 exolvat,
1043 1322 1293 1375 plerumque
1319 1326 1478 1371 tamen,
1502 1322 1537 1361 si
1556 1336 1682 1362 mane
1703 1321 1848 1374 deglu-

388 1389 533 1439 tiatur,
552 1393 651 1430 ante
671 1394 841 1430 noctem
863 1389 1119 1443 dejectiones
1141 1389 1302 1443 aliquas
1313 1390 1441 1443 parit.
1506 1389 1634 1431 Quod
1654 1390 1689 1429 si
1709 1390 1849 1429 minus

389 1462 600 1510 praestare
629 1457 778 1507 valeat,
807 1462 998 1498 attamen
1031 1458 1325 1511 paregoricum
1354 1457 1516 1511 vesperi
1546 1457 1848 1497 assumendum

390 1530 466 1575 est,
494 1525 580 1565 imo
605 1530 646 1565 et
675 1526 812 1575 citius,
839 1540 928 1566 non
952 1526 1148 1567 obstante
1173 1525 1428 1567 catharticob
1455 1540 1594 1579 nuper
1618 1532 1847 1580 assumpto,

390 1595 425 1635 si
444 1594 571 1635 modo
586 1594 838 1647 inquietudo
858 1595 1022 1648 ingens,
1041 1599 1114 1635 aut
1137 1595 1354 1648 aegritudo
1376 1595 1517 1648 aliqua
1531 1594 1721 1647 insignis,
1738 1595 1847 1648 peri-

388 1662 531 1703 culum
570 1663 805 1713 minitetur,
838 1677 893 1703 ne
933 1677 1057 1716 aeger
1095 1663 1176 1703 hoc
1215 1663 1423 1716 praesidio
1464 1662 1706 1712 destitutus,
1744 1662 1847 1703 dum

389 1732 645 1785 dejectiones
689 1746 767 1772 nos
811 1732 1131 1785 praestolamur,
1172 1731 1266 1772 luce
1306 1732 1506 1785 privetur.
1588 1732 1681 1772 Nec
1722 1746 1848 1785 aeger

389 1800 534 1840 damni
553 1800 619 1840 vel
643 1800 867 1840 minimum
892 1813 942 1840 ex
965 1800 1045 1840 hoc
1069 1805 1159 1839 tam
1183 1799 1270 1839 leni
1295 1799 1527 1839 cathartico
1552 1799 1701 1852 capiet,
1725 1800 1758 1840 si
1782 1800 1846 1840 ni-

387 1867 448 1907 hil
474 1882 645 1920 prorsus
673 1868 824 1908 efficiat
852 1867 905 1907 ad
933 1867 1214 1920 dejectionem
1241 1866 1564 1919 provocandam.
1628 1867 1674 1906 Si
1703 1867 1846 1921 itaque

387 1934 523 1988 primo
554 1935 621 1974 die
651 1935 758 1975 votis
787 1948 876 1975 non
905 1934 1171 1987 respondeat,
1198 1933 1378 1974 iteretur
1409 1934 1596 1987 proxime
1628 1935 1845 1987 sequenti3

388 2016 494 2055 quae
517 2002 702 2042 secunda
726 2002 835 2042 dosis
860 2002 988 2055 priori
1013 2002 1057 2041 in
1082 2001 1294 2055 suppetias
1317 2001 1428 2051 data,
1449 2001 1662 2042 rarissime
1688 2001 1846 2043 Medici

387 2084 511 2123 opem
544 2069 842 2110 frustrabitur:
895 2074 938 2109 at
972 2069 1005 2109 si
1035 2070 1171 2122 primo
1203 2068 1269 2109 die
1297 2068 1341 2108 id
1372 2068 1518 2121 egerit,
1546 2073 1596 2108 ut
1623 2068 1751 2123 hujus
1783 2084 1845 2110 sa-

385 2136 538 2177 biu'rae
575 2142 784 2189 quantum
824 2136 925 2176 satis
960 2136 1007 2176 in
1046 2150 1245 2189 praesens
1281 2142 1358 2186 est,
1391 2136 1639 2177 subduxisse
1674 2137 1845 2178 Medjco

385 2204 590 2255 videatur,
620 2209 747 2258 atque
778 2218 903 2257 aeger
931 2204 1082 2244 exinde
1112 2204 1264 2244 melius
1296 2219 1339 2245 se
1369 2204 1526 2245 habere
1557 2205 1753 2258 coeperit,
1782 2220 1844 2246 se-

385 2271 523 2311 cunda
563 2271 672 2311 dosis
707 2270 753 2311 in
787 2271 903 2311 aliud
941 2275 1109 2324 tempus
1143 2276 1283 2325 potest
1319 2271 1489 2312 differri.
1558 2272 1666 2325 [12]
1702 2272 1845 2326 Atque

385 2341 464 2381 hac
494 2340 658 2381 ratione
688 2344 778 2380 tam
809 2340 1091 2380 venae-sectio
1125 2354 1252 2393 quam
1287 2339 1490 2380 catharsis
1520 2353 1595 2393 per
1624 2339 1846 2380 intervalla

385 2409 519 2462 repeti
538 2407 714 2462 possint,
738 2412 865 2461 prout
887 2407 1031 2447 Febris
1058 2421 1150 2448 mos
1181 2413 1308 2460 atque
1334 2407 1448 2460 aegri
1474 2407 1725 2460 inquietudo
1749 2421 1843 2460 pos-

385 2477 522 2516 tulare
542 2475 779 2525 xideantur,
797 2475 930 2515 donec
951 2474 1126 2515 tandem
1146 2489 1212 2515 res
1233 2474 1279 2515 in
1298 2475 1403 2515 vado
1426 2475 1492 2515 sit.
1549 2475 1843 2516 Veruntamen

384 2544 429 2583 in
461 2543 699 2584 catharseos
733 2542 906 2596 negotio
940 2543 1046 2583 illud
1080 2543 1211 2596 probe
1241 2543 1382 2584 notari
1411 2543 1549 2593 velim,
1582 2543 1651 2595 (ne
1686 2543 1845 2596 injecta

385 2612 474 2665 ejus
510 2611 571 2652 rei
609 2611 771 2652 mentio
806 2611 934 2664 longe
968 2611 1063 2664 plus
1104 2611 1249 2651 damni
1289 2625 1417 2664 quam
1457 2611 1735 2651 emolumenti
1770 2625 1841 2665 ap-

385 2680 552 2731 portct‚)
597 2693 773 2732 aegrum
807 2693 895 2719 non
931 2693 1020 2719 esse
1055 2679 1328 2732 purgandum
1367 2678 1450 2718 nisi
1483 2678 1716 2718 facessente
1750 2678 1842 2732 jam

385 2746 545 2796 morbo,
571 2746 689 2787 verbi
716 2747 864 2799 gratia,
887 2746 953 2787 die
975 2747 1138 2787 decimo
1165 2747 1305 2796 tertio,
1331 2751 1405 2786 aut
1433 2760 1580 2786 eorum
1602 2745 1743 2798 aliquo
1771 2746 1841 2799 qui

427 2859 437 2871 ¹
462 2856 507 2883 rel
521 2857 610 2883 etiam
627 2855 725 2893 sea-ta]
747 2864 808 2884 om.
825 2854 872 2884 ed.
890 2854 952 2883 ¹86.
1234 2851 1246 2869 b
1271 2851 1419 2891 catham]
1435 2853 1616 2891 paregorico
1631 2851 1679 2881 etl.
1697 2850 1760 2880 '86.

427 2901 437 2913 ’¹
462 2896 697 2935 sesquiuncianz]
715 2897 758 2935 {ij
777 2897 824 2926 ed.
845 2896 905 2926 ⁴86.
