<?xml version="1.0" encoding="UTF-8"?>
<!DOCTYPE html PUBLIC "-//W3C//DTD XHTML 1.0 Transitional//EN"
    "http://www.w3.org/TR/xhtml1/DTD/xhtml1-transitional.dtd">
<html xmlns="http://www.w3.org/1999/xhtml" xml:lang="en" lang="en">
 <head>
  <title>
</title>
<meta http-equiv="Content-Type" content="text/html;charset=utf-8" />
  <meta name='ocr-system' content='tesseract 3.04.00' />
  <meta name='ocr-capabilities' content='ocr_page ocr_carea ocr_par ocr_line ocrx_word'/>
</head>
<body>
  <div class='ocr_page' id='page_1' title='image "./thomaesydenhammd00sydeuoft_0293.png"; bbox 0 0 1985 3308; ppageno 0'>
   <div class='ocr_carea' id='block_1_1' title="bbox 310 154 1576 203">
    <p class='ocr_par' dir='ltr' id='par_1_1' title="bbox 310 154 1576 203">
     <span class='ocr_line' id='line_1_1' title="bbox 310 154 1576 203; baseline -0.006 0"><span class='ocrx_word' id='word_1_1' title='bbox 310 162 387 203; x_wconf 89' lang='lat' dir='ltr'>OB</span> <span class='ocrx_word' id='word_1_2' title='bbox 394 157 831 202; x_wconf 80' lang='lat' dir='ltr'><strong>SERVATIONUM</strong></span> <span class='ocrx_word' id='word_1_3' title='bbox 863 154 1240 198; x_wconf 83' lang='lat' dir='ltr'>MEDICARUM</span> <span class='ocrx_word' id='word_1_4' title='bbox 1273 160 1337 193; x_wconf 74' lang='lat' dir='ltr'>VI.</span> <span class='ocrx_word' id='word_1_5' title='bbox 1356 164 1390 194; x_wconf 81' lang='lat'>5.</span> <span class='ocrx_word' id='word_1_6' title='bbox 1494 155 1576 196; x_wconf 81' lang='lat'>257</span> 
     </span>
    </p>
   </div>
   <div class='ocr_carea' id='block_1_2' title="bbox 121 263 1805 1068">
    <p class='ocr_par' dir='ltr' id='par_1_2' title="bbox 121 263 1805 1068">
     <span class='ocr_line' id='line_1_2' title="bbox 121 263 1778 321; baseline -0.009 -11"><span class='ocrx_word' id='word_1_7' title='bbox 121 268 345 310; x_wconf 85' lang='lat' dir='ltr'>ferendum</span> <span class='ocrx_word' id='word_1_8' title='bbox 366 268 476 309; x_wconf 86' lang='lat' dir='ltr'>circa</span> <span class='ocrx_word' id='word_1_9' title='bbox 495 267 606 321; x_wconf 89' lang='lat' dir='ltr'>ipsos</span> <span class='ocrx_word' id='word_1_10' title='bbox 627 279 762 315; x_wconf 86' lang='lat' dir='ltr'>renes,</span> <span class='ocrx_word' id='word_1_11' title='bbox 785 263 1013 317; x_wconf 87' lang='lat' dir='ltr'>aliquando</span> <span class='ocrx_word' id='word_1_12' title='bbox 1034 267 1076 303; x_wconf 86' lang='lat' dir='ltr'>et</span> <span class='ocrx_word' id='word_1_13' title='bbox 1098 266 1286 302; x_wconf 82' lang='lat' dir='ltr'>ureteres</span> <span class='ocrx_word' id='word_1_14' title='bbox 1307 274 1382 314; x_wconf 88' lang='lat' dir='ltr'>per</span> <span class='ocrx_word' id='word_1_15' title='bbox 1403 274 1575 300; x_wconf 85' lang='lat' dir='ltr'>omnem</span> <span class='ocrx_word' id='word_1_16' title='bbox 1602 266 1778 297; x_wconf 61' lang='lat' dir='ltr'>nunumss</span> 
     </span>
     <span class='ocr_line' id='line_1_3' title="bbox 121 318 1805 386; baseline -0.008 -8"><span class='ocrx_word' id='word_1_17' title='bbox 121 351 269 378; x_wconf 89' lang='lat' dir='ltr'>eorum</span> <span class='ocrx_word' id='word_1_18' title='bbox 301 337 475 377; x_wconf 88' lang='lat' dir='ltr'>ductum</span> <span class='ocrx_word' id='word_1_19' title='bbox 509 335 561 376; x_wconf 85' lang='lat' dir='ltr'>ad</span> <span class='ocrx_word' id='word_1_20' title='bbox 588 334 768 375; x_wconf 82' lang='lat' dir='ltr'>vesicam</span> <span class='ocrx_word' id='word_1_21' title='bbox 798 346 934 386; x_wconf 88' lang='lat' dir='ltr'>usque</span> <span class='ocrx_word' id='word_1_22' title='bbox 965 331 1126 380; x_wconf 85' lang='lat' dir='ltr'>eodem,</span> <span class='ocrx_word' id='word_1_23' title='bbox 1155 330 1252 369; x_wconf 86' lang='lat' dir='ltr'>licet</span> <span class='ocrx_word' id='word_1_24' title='bbox 1282 328 1455 377; x_wconf 89' lang='lat' dir='ltr'>mitiori,</span> <span class='ocrx_word' id='word_1_25' title='bbox 1483 333 1575 368; x_wconf 87' lang='lat' dir='ltr'>ten·</span> <span class='ocrx_word' id='word_1_26' title='bbox 1595 318 1805 361; x_wconf 51' lang='lat' dir='ltr'>jffi&#39;ffffss...</span> 
     </span>
     <span class='ocr_line' id='line_1_4' title="bbox 121 396 1576 453; baseline -0.007 -8"><span class='ocrx_word' id='word_1_27' title='bbox 121 409 282 445; x_wconf 87' lang='lat' dir='ltr'>tantur.</span> <span class='ocrx_word' id='word_1_28' title='bbox 345 403 432 445; x_wconf 78' lang='lat' dir='ltr'>Qui</span> <span class='ocrx_word' id='word_1_29' title='bbox 459 408 501 444; x_wconf 92' lang='lat' dir='ltr'>et</span> <span class='ocrx_word' id='word_1_30' title='bbox 531 403 636 442; x_wconf 90' lang='lat' dir='ltr'>mihi</span> <span class='ocrx_word' id='word_1_31' title='bbox 657 401 757 442; x_wconf 90' lang='lat' dir='ltr'>olim</span> <span class='ocrx_word' id='word_1_32' title='bbox 785 400 1000 453; x_wconf 80' lang='lat' dir='ltr'><strong>imposuit,</strong></span> <span class='ocrx_word' id='word_1_33' title='bbox 1023 404 1229 451; x_wconf 88' lang='lat' dir='ltr'>tanquam</span> <span class='ocrx_word' id='word_1_34' title='bbox 1258 411 1282 437; x_wconf 88' lang='lat' dir='ltr'>a</span> <span class='ocrx_word' id='word_1_35' title='bbox 1303 396 1482 437; x_wconf 89' lang='lat' dir='ltr'>materia</span> <span class='ocrx_word' id='word_1_36' title='bbox 1503 396 1576 436; x_wconf 86' lang='lat' dir='ltr'>ali-</span> 
     </span>
     <span class='ocr_line' id='line_1_5' title="bbox 123 466 1579 525; baseline -0.007 -12"><span class='ocrx_word' id='word_1_37' title='bbox 123 486 207 525; x_wconf 87' lang='lat' dir='ltr'>qua</span> <span class='ocrx_word' id='word_1_38' title='bbox 227 471 422 512; x_wconf 88' lang='lat' dir='ltr'>sabulosa</span> <span class='ocrx_word' id='word_1_39' title='bbox 450 471 495 511; x_wconf 89' lang='lat' dir='ltr'>in</span> <span class='ocrx_word' id='word_1_40' title='bbox 516 471 566 511; x_wconf 89' lang='lat' dir='ltr'>iis</span> <span class='ocrx_word' id='word_1_41' title='bbox 596 469 787 524; x_wconf 88' lang='lat' dir='ltr'>partibus</span> <span class='ocrx_word' id='word_1_42' title='bbox 817 468 1019 508; x_wconf 81' lang='lat' dir='ltr'><strong>haerente</strong></span> <span class='ocrx_word' id='word_1_43' title='bbox 1044 466 1273 519; x_wconf 69' lang='lat' dir='ltr'>penderet,</span> <span class='ocrx_word' id='word_1_44' title='bbox 1306 479 1404 505; x_wconf 91' lang='lat' dir='ltr'>cum</span> <span class='ocrx_word' id='word_1_45' title='bbox 1434 478 1579 504; x_wconf 87' lang='lat' dir='ltr'>revera</span> 
     </span>
     <span class='ocr_line' id='line_1_6' title="bbox 122 535 1577 590; baseline -0.007 -10"><span class='ocrx_word' id='word_1_46' title='bbox 122 539 324 580; x_wconf 88' lang='lat' dir='ltr'>materiae</span> <span class='ocrx_word' id='word_1_47' title='bbox 347 538 659 580; x_wconf 79' lang='lat' dir='ltr'>Rheumatismi</span> <span class='ocrx_word' id='word_1_48' title='bbox 688 536 882 590; x_wconf 81' lang='lat' dir='ltr'>peccanti</span> <span class='ocrx_word' id='word_1_49' title='bbox 905 539 948 576; x_wconf 90' lang='lat' dir='ltr'>et</span> <span class='ocrx_word' id='word_1_50' title='bbox 973 535 1261 575; x_wconf 87' lang='lat' dir='ltr'>inflammatae</span> <span class='ocrx_word' id='word_1_51' title='bbox 1283 537 1424 572; x_wconf 85' lang='lat' dir='ltr'>ortum</span> <span class='ocrx_word' id='word_1_52' title='bbox 1453 545 1577 571; x_wconf 88' lang='lat' dir='ltr'>suum</span> 
     </span>
     <span class='ocr_line' id='line_1_7' title="bbox 125 600 1578 660; baseline -0.006 -13"><span class='ocrx_word' id='word_1_53' title='bbox 125 606 290 656; x_wconf 84' lang='lat' dir='ltr'>debeat,</span> <span class='ocrx_word' id='word_1_54' title='bbox 314 620 421 660; x_wconf 86' lang='lat' dir='ltr'>quae</span> <span class='ocrx_word' id='word_1_55' title='bbox 442 607 613 660; x_wconf 89' lang='lat' dir='ltr'>quidem</span> <span class='ocrx_word' id='word_1_56' title='bbox 642 610 782 659; x_wconf 86' lang='lat' dir='ltr'>partes</span> <span class='ocrx_word' id='word_1_57' title='bbox 803 605 896 645; x_wconf 82' lang='lat' dir='ltr'>illas</span> <span class='ocrx_word' id='word_1_58' title='bbox 922 604 1012 658; x_wconf 82' lang='lat' dir='ltr'>jam</span> <span class='ocrx_word' id='word_1_59' title='bbox 1034 603 1142 643; x_wconf 85' lang='lat' dir='ltr'>solas</span> <span class='ocrx_word' id='word_1_60' title='bbox 1169 602 1269 651; x_wconf 90' lang='lat' dir='ltr'>urit,</span> <span class='ocrx_word' id='word_1_61' title='bbox 1291 601 1453 641; x_wconf 87' lang='lat' dir='ltr'>intacto</span> <span class='ocrx_word' id='word_1_62' title='bbox 1482 600 1578 640; x_wconf 89' lang='lat' dir='ltr'>reli-</span> 
     </span>
     <span class='ocr_line' id='line_1_8' title="bbox 126 667 1580 727; baseline -0.005 -12"><span class='ocrx_word' id='word_1_63' title='bbox 126 687 209 727; x_wconf 93' lang='lat' dir='ltr'>quo</span> <span class='ocrx_word' id='word_1_64' title='bbox 230 687 414 727; x_wconf 85' lang='lat' dir='ltr'>corpore.</span> <span class='ocrx_word' id='word_1_65' title='bbox 476 673 683 714; x_wconf 87' lang='lat' dir='ltr'>Immanis</span> <span class='ocrx_word' id='word_1_66' title='bbox 703 672 772 713; x_wconf 86' lang='lat' dir='ltr'>hic</span> <span class='ocrx_word' id='word_1_67' title='bbox 801 672 931 722; x_wconf 61' lang='lat' dir='ltr'>dolor,</span> <span class='ocrx_word' id='word_1_68' title='bbox 953 671 1035 712; x_wconf 85' lang='lat' dir='ltr'>nisi</span> <span class='ocrx_word' id='word_1_69' title='bbox 1057 670 1254 723; x_wconf 82' lang='lat' dir='ltr'>abigatur</span> <span class='ocrx_word' id='word_1_70' title='bbox 1282 669 1431 710; x_wconf 88' lang='lat' dir='ltr'>eodem</span> <span class='ocrx_word' id='word_1_71' title='bbox 1454 667 1580 708; x_wconf 89' lang='lat' dir='ltr'>modo</span> 
     </span>
     <span class='ocr_line' id='line_1_9' title="bbox 127 737 1580 796; baseline -0.005 -14"><span class='ocrx_word' id='word_1_72' title='bbox 127 756 210 796; x_wconf 92' lang='lat' dir='ltr'>quo</span> <span class='ocrx_word' id='word_1_73' title='bbox 230 742 344 795; x_wconf 87' lang='lat' dir='ltr'>prior</span> <span class='ocrx_word' id='word_1_74' title='bbox 365 743 535 795; x_wconf 86' lang='lat' dir='ltr'>species,</span> <span class='ocrx_word' id='word_1_75' title='bbox 558 741 715 795; x_wconf 87' lang='lat' dir='ltr'>pariter</span> <span class='ocrx_word' id='word_1_76' title='bbox 735 741 863 781; x_wconf 89' lang='lat' dir='ltr'>etiam</span> <span class='ocrx_word' id='word_1_77' title='bbox 889 740 1104 794; x_wconf 87' lang='lat' dir='ltr'>perdurat,</span> <span class='ocrx_word' id='word_1_78' title='bbox 1127 739 1218 792; x_wconf 88' lang='lat' dir='ltr'>pari</span> <span class='ocrx_word' id='word_1_79' title='bbox 1240 737 1414 778; x_wconf 77' lang='lat' dir='ltr'>saevitia</span> <span class='ocrx_word' id='word_1_80' title='bbox 1434 749 1580 776; x_wconf 80' lang='lat' dir='ltr'>excru-</span> 
     </span>
     <span class='ocr_line' id='line_1_10' title="bbox 125 805 1579 862; baseline -0.005 -11"><span class='ocrx_word' id='word_1_81' title='bbox 125 810 242 852; x_wconf 87' lang='lat' dir='ltr'>cians</span> <span class='ocrx_word' id='word_1_82' title='bbox 257 827 269 860; x_wconf 87' lang='lat'>;</span> <span class='ocrx_word' id='word_1_83' title='bbox 311 810 414 851; x_wconf 87' lang='lat' dir='ltr'>adeo</span> <span class='ocrx_word' id='word_1_84' title='bbox 442 815 491 850; x_wconf 89' lang='lat' dir='ltr'>ut</span> <span class='ocrx_word' id='word_1_85' title='bbox 521 810 649 850; x_wconf 87' lang='lat' dir='ltr'>miser</span> <span class='ocrx_word' id='word_1_86' title='bbox 678 813 861 862; x_wconf 81' lang='lat' dir='ltr'>nequeat</span> <span class='ocrx_word' id='word_1_87' title='bbox 891 807 1180 862; x_wconf 82' lang='lat' dir='ltr'>procumbere,</span> <span class='ocrx_word' id='word_1_88' title='bbox 1213 806 1287 847; x_wconf 86' lang='lat' dir='ltr'>sed</span> <span class='ocrx_word' id='word_1_89' title='bbox 1316 805 1382 845; x_wconf 91' lang='lat' dir='ltr'>vel</span> <span class='ocrx_word' id='word_1_90' title='bbox 1413 819 1435 845; x_wconf 93' lang='lat' dir='ltr'>e</span> <span class='ocrx_word' id='word_1_91' title='bbox 1466 805 1579 844; x_wconf 90' lang='lat' dir='ltr'>lecto</span> 
     </span>
     <span class='ocr_line' id='line_1_11' title="bbox 127 873 1580 932; baseline -0.004 -14"><span class='ocrx_word' id='word_1_92' title='bbox 127 877 283 928; x_wconf 84' lang='lat' dir='ltr'>exiliat,</span> <span class='ocrx_word' id='word_1_93' title='bbox 306 878 371 918; x_wconf 84' lang='lat' dir='ltr'>vel</span> <span class='ocrx_word' id='word_1_94' title='bbox 399 892 524 932; x_wconf 86' lang='lat' dir='ltr'>super</span> <span class='ocrx_word' id='word_1_95' title='bbox 544 877 692 919; x_wconf 90' lang='lat' dir='ltr'>eodem</span> <span class='ocrx_word' id='word_1_96' title='bbox 723 881 886 918; x_wconf 86' lang='lat' dir='ltr'>erectus</span> <span class='ocrx_word' id='word_1_97' title='bbox 909 876 1065 925; x_wconf 89' lang='lat' dir='ltr'>sedeat,</span> <span class='ocrx_word' id='word_1_98' title='bbox 1088 888 1260 928; x_wconf 84' lang='lat' dir='ltr'>corpore</span> <span class='ocrx_word' id='word_1_99' title='bbox 1289 873 1464 915; x_wconf 86' lang='lat' dir='ltr'>interim</span> <span class='ocrx_word' id='word_1_100' title='bbox 1484 886 1580 926; x_wconf 89' lang='lat' dir='ltr'>per-</span> 
     </span>
     <span class='ocr_line' id='line_1_12' title="bbox 127 941 1582 999; baseline -0.004 -12"><span class='ocrx_word' id='word_1_101' title='bbox 127 950 257 999; x_wconf 81' lang='lat' dir='ltr'>petua</span> <span class='ocrx_word' id='word_1_102' title='bbox 277 946 509 999; x_wconf 87' lang='lat' dir='ltr'>agitatione</span> <span class='ocrx_word' id='word_1_103' title='bbox 530 960 645 987; x_wconf 89' lang='lat' dir='ltr'>nunc</span> <span class='ocrx_word' id='word_1_104' title='bbox 658 959 801 987; x_wconf 82' lang='lat' dir='ltr'>versus</span> <span class='ocrx_word' id='word_1_105' title='bbox 823 945 1046 995; x_wconf 83' lang='lat' dir='ltr'>anteriora,</span> <span class='ocrx_word' id='word_1_106' title='bbox 1064 957 1180 984; x_wconf 90' lang='lat' dir='ltr'>nunc</span> <span class='ocrx_word' id='word_1_107' title='bbox 1200 943 1444 997; x_wconf 85' lang='lat' dir='ltr'>posteriora,</span> <span class='ocrx_word' id='word_1_108' title='bbox 1462 941 1582 982; x_wconf 89' lang='lat' dir='ltr'>ineli-</span> 
     </span>
     <span class='ocr_line' id='line_1_13' title="bbox 130 1014 525 1068; baseline 0.003 -14"><span class='ocrx_word' id='word_1_109' title='bbox 130 1018 232 1054; x_wconf 88' lang='lat' dir='ltr'>nato</span> <span class='ocrx_word' id='word_1_110' title='bbox 253 1014 525 1068; x_wconf 88' lang='lat' dir='ltr'>reductoque.</span> 
     </span>
    </p>
   </div>
   <div class='ocr_carea' id='block_1_3' title="bbox 194 1078 1787 1136">
    <p class='ocr_par' dir='ltr' id='par_1_3' title="bbox 194 1078 1787 1136">
     <span class='ocr_line' id='line_1_14' title="bbox 194 1078 1787 1136; baseline -0.004 -13"><span class='ocrx_word' id='word_1_111' title='bbox 194 1082 273 1136; x_wconf 90' lang='grc'>[4.]</span> <span class='ocrx_word' id='word_1_112' title='bbox 312 1082 422 1122; x_wconf 92' lang='lat' dir='ltr'>Cum</span> <span class='ocrx_word' id='word_1_113' title='bbox 452 1087 633 1135; x_wconf 87' lang='lat' dir='ltr'>utraque</span> <span class='ocrx_word' id='word_1_114' title='bbox 668 1082 772 1123; x_wconf 89' lang='lat' dir='ltr'>haee</span> <span class='ocrx_word' id='word_1_115' title='bbox 803 1081 940 1122; x_wconf 87' lang='lat' dir='ltr'>morbi</span> <span class='ocrx_word' id='word_1_116' title='bbox 971 1080 1128 1134; x_wconf 86' lang='lat' dir='ltr'>species</span> <span class='ocrx_word' id='word_1_117' title='bbox 1160 1079 1212 1120; x_wconf 91' lang='lat' dir='ltr'>ab</span> <span class='ocrx_word' id='word_1_118' title='bbox 1248 1078 1584 1119; x_wconf 87' lang='lat' dir='ltr'>inflammatione</span> <span class='ocrx_word' id='word_1_119' title='bbox 1604 1083 1787 1132; x_wconf 33' lang='lat' dir='ltr'>Conmm-</span> 
     </span>
    </p>
   </div>
   <div class='ocr_carea' id='block_1_4' title="bbox 129 1142 1786 1346">
    <p class='ocr_par' dir='ltr' id='par_1_4' title="bbox 129 1142 1786 1346">
     <span class='ocr_line' id='line_1_15' title="bbox 129 1142 1777 1214; baseline -0.001 -26"><span class='ocrx_word' id='word_1_120' title='bbox 129 1148 322 1190; x_wconf 81' lang='lat' dir='ltr'>videatur</span> <span class='ocrx_word' id='word_1_121' title='bbox 356 1149 469 1200; x_wconf 90' lang='lat' dir='ltr'>oriri,</span> <span class='ocrx_word' id='word_1_122' title='bbox 503 1149 616 1203; x_wconf 85' lang='lat' dir='ltr'>quod</span> <span class='ocrx_word' id='word_1_123' title='bbox 647 1154 742 1189; x_wconf 86' lang='lat' dir='ltr'>tum</span> <span class='ocrx_word' id='word_1_124' title='bbox 777 1149 867 1202; x_wconf 83' lang='lat' dir='ltr'>jam</span> <span class='ocrx_word' id='word_1_125' title='bbox 903 1149 1017 1189; x_wconf 89' lang='lat' dir='ltr'>dicta</span> <span class='ocrx_word' id='word_1_126' title='bbox 1052 1153 1240 1201; x_wconf 89' lang='lat' dir='ltr'>arguunt</span> <span class='ocrx_word' id='word_1_127' title='bbox 1275 1148 1583 1201; x_wconf 88' lang='lat' dir='ltr'>phaenomena,</span> <span class='ocrx_word' id='word_1_128' title='bbox 1604 1142 1777 1214; x_wconf 43' lang='lat' dir='ltr'>ggffilzew</span> 
     </span>
     <span class='ocr_line' id='line_1_16' title="bbox 129 1195 1786 1275; baseline -0.001 -18"><span class='ocrx_word' id='word_1_129' title='bbox 129 1220 224 1257; x_wconf 92' lang='lat' dir='ltr'>tum</span> <span class='ocrx_word' id='word_1_130' title='bbox 254 1217 502 1270; x_wconf 90' lang='lat' dir='ltr'>praesertim</span> <span class='ocrx_word' id='word_1_131' title='bbox 542 1217 761 1270; x_wconf 86' lang='lat' dir='ltr'>sanguinis</span> <span class='ocrx_word' id='word_1_132' title='bbox 791 1216 1130 1257; x_wconf 81' lang='lat' dir='ltr'>venae-sectione</span> <span class='ocrx_word' id='word_1_133' title='bbox 1168 1216 1310 1256; x_wconf 85' lang='lat' dir='ltr'>educti</span> <span class='ocrx_word' id='word_1_134' title='bbox 1341 1216 1467 1266; x_wconf 92' lang='lat' dir='ltr'>color,</span> <span class='ocrx_word' id='word_1_135' title='bbox 1504 1216 1586 1267; x_wconf 93' lang='lat' dir='ltr'>(ut-</span> <span class='ocrx_word' id='word_1_136' title='bbox 1605 1228 1668 1257; x_wconf 80' lang='lat' dir='ltr'>cies</span> <span class='ocrx_word' id='word_1_137' title='bbox 1684 1195 1786 1275; x_wconf 59' lang='lat' dir='ltr'>abip-</span> 
     </span>
     <span class='ocr_line' id='line_1_17' title="bbox 129 1270 1777 1346; baseline -0.001 -22"><span class='ocrx_word' id='word_1_138' title='bbox 129 1289 228 1337; x_wconf 89' lang='lat' dir='ltr'>pote</span> <span class='ocrx_word' id='word_1_139' title='bbox 250 1285 322 1338; x_wconf 91' lang='lat' dir='ltr'>qui</span> <span class='ocrx_word' id='word_1_140' title='bbox 349 1285 668 1339; x_wconf 86' lang='lat' dir='ltr'>pleuritieorum</span> <span class='ocrx_word' id='word_1_141' title='bbox 698 1284 897 1338; x_wconf 86' lang='lat' dir='ltr'>sanguini</span> <span class='ocrx_word' id='word_1_142' title='bbox 923 1289 1013 1324; x_wconf 86' lang='lat' dir='ltr'>tam</span> <span class='ocrx_word' id='word_1_143' title='bbox 1041 1289 1105 1324; x_wconf 86' lang='lat' dir='ltr'>est</span> <span class='ocrx_word' id='word_1_144' title='bbox 1135 1284 1282 1324; x_wconf 86' lang='lat' dir='ltr'>similis</span> <span class='ocrx_word' id='word_1_145' title='bbox 1305 1297 1432 1337; x_wconf 90' lang='lat' dir='ltr'>quam</span> <span class='ocrx_word' id='word_1_146' title='bbox 1460 1297 1586 1323; x_wconf 77' lang='lat' dir='ltr'>ovum</span> <span class='ocrx_word' id='word_1_147' title='bbox 1604 1270 1777 1346; x_wconf 45' lang='grc' dir='ltr'>ξῐῖὲῃὲῖξὲμ</span> 
     </span>
    </p>
   </div>
   <div class='ocr_carea' id='block_1_5' title="bbox 129 1351 1792 1885">
    <p class='ocr_par' dir='ltr' id='par_1_5' title="bbox 129 1351 1792 1745">
     <span class='ocr_line' id='line_1_18' title="bbox 129 1351 1792 1406; baseline -0.001 -15"><span class='ocrx_word' id='word_1_148' title='bbox 129 1353 237 1404; x_wconf 87' lang='lat' dir='ltr'>ovo,)</span> <span class='ocrx_word' id='word_1_149' title='bbox 280 1365 419 1406; x_wconf 89' lang='lat' dir='ltr'>neque</span> <span class='ocrx_word' id='word_1_150' title='bbox 461 1352 684 1405; x_wconf 89' lang='lat' dir='ltr'>quisquam</span> <span class='ocrx_word' id='word_1_151' title='bbox 730 1353 978 1406; x_wconf 84' lang='lat' dir='ltr'>reperiatur,</span> <span class='ocrx_word' id='word_1_152' title='bbox 1020 1353 1092 1405; x_wconf 89' lang='lat' dir='ltr'>qui</span> <span class='ocrx_word' id='word_1_153' title='bbox 1131 1353 1209 1392; x_wconf 91' lang='lat' dir='ltr'>hos</span> <span class='ocrx_word' id='word_1_154' title='bbox 1251 1351 1587 1392; x_wconf 88' lang='lat' dir='ltr'>inflammatione</span> <span class='ocrx_word' id='word_1_155' title='bbox 1606 1365 1792 1403; x_wconf 29' lang='lat' dir='ltr'>v-enae-sec-</span> 
     </span>
     <span class='ocr_line' id='line_1_19' title="bbox 129 1402 1791 1479; baseline -0.001 -20"><span class='ocrx_word' id='word_1_156' title='bbox 129 1417 322 1460; x_wconf 86' lang='lat' dir='ltr'>laborare</span> <span class='ocrx_word' id='word_1_157' title='bbox 343 1420 408 1460; x_wconf 80' lang='lat' dir='ltr'>vel</span> <span class='ocrx_word' id='word_1_158' title='bbox 429 1420 601 1473; x_wconf 86' lang='lat' dir='ltr'>quidem</span> <span class='ocrx_word' id='word_1_159' title='bbox 622 1419 903 1470; x_wconf 82' lang='lat' dir='ltr'>dubitaverit3</span> <span class='ocrx_word' id='word_1_160' title='bbox 935 1420 1002 1460; x_wconf 87' lang='lat' dir='ltr'>his</span> <span class='ocrx_word' id='word_1_161' title='bbox 1028 1420 1248 1473; x_wconf 89' lang='lat' dir='ltr'>(inquam,)</span> <span class='ocrx_word' id='word_1_162' title='bbox 1274 1419 1336 1459; x_wconf 87' lang='lat' dir='ltr'>ita</span> <span class='ocrx_word' id='word_1_163' title='bbox 1364 1433 1407 1459; x_wconf 88' lang='lat' dir='ltr'>se</span> <span class='ocrx_word' id='word_1_164' title='bbox 1429 1418 1587 1458; x_wconf 85' lang='lat' dir='ltr'>haben·</span> <span class='ocrx_word' id='word_1_165' title='bbox 1606 1402 1791 1479; x_wconf 41' lang='grc' dir='ltr'>ἓῗζξϊξξῇῗ,</span> 
     </span>
     <span class='ocr_line' id='line_1_20' title="bbox 130 1482 1792 1556; baseline -0.001 -29"><span class='ocrx_word' id='word_1_166' title='bbox 130 1486 258 1537; x_wconf 80' lang='lat' dir='ltr'>tibus,</span> <span class='ocrx_word' id='word_1_167' title='bbox 292 1501 442 1528; x_wconf 89' lang='lat' dir='ltr'>censeo</span> <span class='ocrx_word' id='word_1_168' title='bbox 475 1502 554 1541; x_wconf 86' lang='lat' dir='ltr'>ego</span> <span class='ocrx_word' id='word_1_169' title='bbox 585 1488 849 1529; x_wconf 86' lang='lat' dir='ltr'>curationem</span> <span class='ocrx_word' id='word_1_170' title='bbox 881 1502 970 1528; x_wconf 88' lang='lat' dir='ltr'>non</span> <span class='ocrx_word' id='word_1_171' title='bbox 1001 1488 1172 1528; x_wconf 87' lang='lat' dir='ltr'>aliunde</span> <span class='ocrx_word' id='word_1_172' title='bbox 1204 1501 1330 1540; x_wconf 89' lang='lat' dir='ltr'>quam</span> <span class='ocrx_word' id='word_1_173' title='bbox 1363 1501 1388 1527; x_wconf 88' lang='lat' dir='ltr'>a</span> <span class='ocrx_word' id='word_1_174' title='bbox 1414 1487 1588 1540; x_wconf 89' lang='lat' dir='ltr'>phlebo-</span> <span class='ocrx_word' id='word_1_175' title='bbox 1607 1482 1792 1556; x_wconf 55' lang='grc' dir='ltr'>ἓὲδθέῗῃρη·</span> 
     </span>
     <span class='ocr_line' id='line_1_21' title="bbox 129 1554 1590 1610; baseline -0.001 -15"><span class='ocrx_word' id='word_1_176' title='bbox 129 1554 264 1595; x_wconf 84' lang='lat' dir='ltr'>tomia</span> <span class='ocrx_word' id='word_1_177' title='bbox 283 1555 436 1596; x_wconf 89' lang='lat' dir='ltr'>debere</span> <span class='ocrx_word' id='word_1_178' title='bbox 461 1556 573 1596; x_wconf 86' lang='lat' dir='ltr'>sumi</span> <span class='ocrx_word' id='word_1_179' title='bbox 585 1573 597 1606; x_wconf 68' lang='grc' dir='ltr'><strong><em>ς</em></strong></span> <span class='ocrx_word' id='word_1_180' title='bbox 630 1557 838 1610; x_wconf 88' lang='lat' dir='ltr'>sanguine</span> <span class='ocrx_word' id='word_1_181' title='bbox 858 1556 1032 1597; x_wconf 86' lang='lat' dir='ltr'>interim</span> <span class='ocrx_word' id='word_1_182' title='bbox 1061 1559 1390 1609; x_wconf 86' lang='lat' dir='ltr'>contemperato,</span> <span class='ocrx_word' id='word_1_183' title='bbox 1414 1556 1590 1609; x_wconf 87' lang='lat' dir='ltr'>ejusque</span> 
     </span>
     <span class='ocr_line' id='line_1_22' title="bbox 131 1622 1591 1679; baseline 0 -17"><span class='ocrx_word' id='word_1_184' title='bbox 131 1622 264 1664; x_wconf 89' lang='lat' dir='ltr'>nimio</span> <span class='ocrx_word' id='word_1_185' title='bbox 303 1623 464 1665; x_wconf 86' lang='lat' dir='ltr'>fervore</span> <span class='ocrx_word' id='word_1_186' title='bbox 503 1639 705 1679; x_wconf 86' lang='lat' dir='ltr'>represso,</span> <span class='ocrx_word' id='word_1_187' title='bbox 746 1629 842 1665; x_wconf 89' lang='lat' dir='ltr'>tum</span> <span class='ocrx_word' id='word_1_188' title='bbox 875 1624 1198 1665; x_wconf 84' lang='lat' dir='ltr'>medicamentis</span> <span class='ocrx_word' id='word_1_189' title='bbox 1238 1622 1591 1676; x_wconf 86' lang='lat' dir='ltr'>refrigerantibus</span> 
     </span>
     <span class='ocr_line' id='line_1_23' title="bbox 132 1691 1435 1745; baseline 0.001 -15"><span class='ocrx_word' id='word_1_190' title='bbox 132 1694 259 1743; x_wconf 84' lang='lat' dir='ltr'>atque</span> <span class='ocrx_word' id='word_1_191' title='bbox 279 1691 625 1743; x_wconf 84' lang='lat' dir='ltr'>incrassantibus,</span> <span class='ocrx_word' id='word_1_192' title='bbox 647 1698 742 1734; x_wconf 91' lang='lat' dir='ltr'>tum</span> <span class='ocrx_word' id='word_1_193' title='bbox 764 1693 891 1734; x_wconf 90' lang='lat' dir='ltr'>etiam</span> <span class='ocrx_word' id='word_1_194' title='bbox 914 1693 1193 1734; x_wconf 75' lang='lat' dir='ltr'>conveniente</span> <span class='ocrx_word' id='word_1_195' title='bbox 1214 1691 1435 1745; x_wconf 88' lang='lat' dir='ltr'>regimine.</span> 
     </span>
    </p>

    <p class='ocr_par' dir='ltr' id='par_1_6' title="bbox 132 1759 1591 1885">
     <span class='ocr_line' id='line_1_24' title="bbox 198 1759 1589 1817; baseline -0.001 -15"><span class='ocrx_word' id='word_1_196' title='bbox 198 1761 277 1816; x_wconf 88' lang='lat'><strong>[5.]</strong></span> <span class='ocrx_word' id='word_1_197' title='bbox 314 1763 380 1802; x_wconf 90' lang='lat' dir='ltr'>Ac</span> <span class='ocrx_word' id='word_1_198' title='bbox 418 1762 595 1816; x_wconf 87' lang='lat' dir='ltr'>proinde</span> <span class='ocrx_word' id='word_1_199' title='bbox 630 1767 680 1803; x_wconf 93' lang='lat' dir='ltr'>ut</span> <span class='ocrx_word' id='word_1_200' title='bbox 714 1762 901 1817; x_wconf 90' lang='lat' dir='ltr'>primum</span> <span class='ocrx_word' id='word_1_201' title='bbox 941 1776 1143 1813; x_wconf 88' lang='lat' dir='ltr'>accersor,</span> <span class='ocrx_word' id='word_1_202' title='bbox 1180 1762 1327 1802; x_wconf 87' lang='lat' dir='ltr'>statim</span> <span class='ocrx_word' id='word_1_203' title='bbox 1368 1759 1589 1814; x_wconf 83' lang='lat' dir='ltr'>sanguinis</span> 
     </span>
     <span class='ocr_line' id='line_1_25' title="bbox 132 1829 1591 1885; baseline 0 -16"><span class='ocrx_word' id='word_1_204' title='bbox 132 1830 280 1870; x_wconf 86' lang='lat' dir='ltr'>uncias</span> <span class='ocrx_word' id='word_1_205' title='bbox 316 1830 462 1870; x_wconf 90' lang='lat' dir='ltr'>decem</span> <span class='ocrx_word' id='word_1_206' title='bbox 495 1844 518 1871; x_wconf 93' lang='lat' dir='ltr'>e</span> <span class='ocrx_word' id='word_1_207' title='bbox 547 1831 720 1872; x_wconf 88' lang='lat' dir='ltr'>brachio</span> <span class='ocrx_word' id='word_1_208' title='bbox 747 1832 890 1872; x_wconf 88' lang='lat' dir='ltr'>lateris</span> <span class='ocrx_word' id='word_1_209' title='bbox 927 1831 1066 1872; x_wconf 85' lang='lat' dir='ltr'>affecti</span> <span class='ocrx_word' id='word_1_210' title='bbox 1095 1831 1211 1872; x_wconf 88' lang='lat' dir='ltr'>mitti</span> <span class='ocrx_word' id='word_1_211' title='bbox 1237 1830 1381 1885; x_wconf 86' lang='lat' dir='ltr'>jubeo,</span> <span class='ocrx_word' id='word_1_212' title='bbox 1411 1834 1453 1870; x_wconf 91' lang='lat' dir='ltr'>et</span> <span class='ocrx_word' id='word_1_213' title='bbox 1481 1829 1591 1883; x_wconf 86' lang='lat' dir='ltr'>jula-</span> 
     </span>
    </p>
   </div>
   <div class='ocr_carea' id='block_1_6' title="bbox 134 1897 1592 2004">
    <p class='ocr_par' dir='ltr' id='par_1_7' title="bbox 134 1897 1592 2004">
     <span class='ocr_line' id='line_1_26' title="bbox 134 1897 1592 1953; baseline -0.001 -16"><span class='ocrx_word' id='word_1_214' title='bbox 134 1897 252 1951; x_wconf 92' lang='lat' dir='ltr'>pium</span> <span class='ocrx_word' id='word_1_215' title='bbox 281 1897 535 1951; x_wconf 81' lang='lat' dir='ltr'>refrigerans</span> <span class='ocrx_word' id='word_1_216' title='bbox 564 1899 886 1953; x_wconf 86' lang='lat' dir='ltr'>incrassansque</span> <span class='ocrx_word' id='word_1_217' title='bbox 918 1899 972 1940; x_wconf 88' lang='lat' dir='ltr'>ad</span> <span class='ocrx_word' id='word_1_218' title='bbox 1000 1899 1112 1939; x_wconf 88' lang='lat' dir='ltr'>hanc</span> <span class='ocrx_word' id='word_1_219' title='bbox 1132 1898 1220 1939; x_wconf 87' lang='lat' dir='ltr'>fere</span> <span class='ocrx_word' id='word_1_220' title='bbox 1245 1911 1441 1938; x_wconf 87' lang='lat' dir='ltr'>normam</span> <span class='ocrx_word' id='word_1_221' title='bbox 1473 1910 1592 1950; x_wconf 87' lang='lat' dir='ltr'>prae-</span> 
     </span>
     <span class='ocr_line' id='line_1_27' title="bbox 136 1964 356 2004; baseline 0 0"><span class='ocrx_word' id='word_1_222' title='bbox 136 1964 272 2004; x_wconf 88' lang='lat' dir='ltr'>scribo</span> <span class='ocrx_word' id='word_1_223' title='bbox 288 1981 356 2004; x_wconf 91' lang='grc'>;-</span> 
     </span>
    </p>
   </div>
   <div class='ocr_carea' id='block_1_7' title="bbox 142 2084 1260 2421">
    <p class='ocr_par' dir='ltr' id='par_1_8' title="bbox 142 2084 1260 2421">
     <span class='ocr_line' id='line_1_28' title="bbox 142 2084 870 2137; baseline 0.007 -19"><span class='ocrx_word' id='word_1_224' title='bbox 142 2084 274 2130; x_wconf 82' lang='lat' dir='ltr'>[Form.</span> <span class='ocrx_word' id='word_1_225' title='bbox 292 2087 393 2131; x_wconf 79' lang='lat'>40.]¹</span> <span class='ocrx_word' id='word_1_226' title='bbox 423 2086 462 2137; x_wconf 62' lang='lat' dir='ltr'>R</span> <span class='ocrx_word' id='word_1_227' title='bbox 490 2089 612 2133; x_wconf 88' lang='lat' dir='ltr'>Aquae</span> <span class='ocrx_word' id='word_1_228' title='bbox 629 2089 870 2134; x_wconf 79' lang='lat' dir='ltr'>Nymphaeae‚</span> 
     </span>
     <span class='ocr_line' id='line_1_29' title="bbox 490 2145 887 2190; baseline 0.008 -13"><span class='ocrx_word' id='word_1_229' title='bbox 490 2145 648 2190; x_wconf 80' lang='lat' dir='ltr'>[Aquae]</span> <span class='ocrx_word' id='word_1_230' title='bbox 672 2146 887 2187; x_wconf 80' lang='lat' dir='ltr'>Portu1acac,</span> 
     </span>
     <span class='ocr_line' id='line_1_30' title="bbox 491 2202 1260 2247; baseline 0.001 -12"><span class='ocrx_word' id='word_1_231' title='bbox 491 2202 650 2247; x_wconf 77' lang='lat' dir='ltr'>[Aquae]</span> <span class='ocrx_word' id='word_1_232' title='bbox 672 2203 858 2243; x_wconf 83' lang='lat' dir='ltr'>Lactucae,</span> <span class='ocrx_word' id='word_1_233' title='bbox 876 2214 946 2237; x_wconf 86' lang='lat' dir='ltr'>aua</span> <span class='ocrx_word' id='word_1_234' title='bbox 963 2204 1084 2237; x_wconf 79' lang='lat' dir='ltr'>uncias</span> <span class='ocrx_word' id='word_1_235' title='bbox 1101 2208 1260 2247; x_wconf 77' lang='lat' dir='ltr'>quatuor,</span> 
     </span>
     <span class='ocr_line' id='line_1_31' title="bbox 487 2261 1204 2306; baseline -0.001 -11"><span class='ocrx_word' id='word_1_236' title='bbox 487 2261 611 2306; x_wconf 71' lang='lat' dir='ltr'>Syrupi</span> <span class='ocrx_word' id='word_1_237' title='bbox 631 2261 673 2295; x_wconf 88' lang='lat' dir='ltr'>de</span> <span class='ocrx_word' id='word_1_238' title='bbox 692 2262 919 2295; x_wconf 63' lang='lat' dir='ltr'>Limonibusy</span> <span class='ocrx_word' id='word_1_239' title='bbox 937 2262 1204 2306; x_wconf 83' lang='lat' dir='ltr'>sesquiunciam,</span> 
     </span>
     <span class='ocr_line' id='line_1_32' title="bbox 487 2318 1124 2363; baseline -0.002 -11"><span class='ocrx_word' id='word_1_240' title='bbox 487 2318 613 2363; x_wconf 77' lang='lat' dir='ltr'>Syrupi</span> <span class='ocrx_word' id='word_1_241' title='bbox 631 2318 814 2352; x_wconf 77' lang='lat' dir='ltr'>Violarum</span> <span class='ocrx_word' id='word_1_242' title='bbox 833 2319 973 2352; x_wconf 87' lang='lat' dir='ltr'>unciam</span> <span class='ocrx_word' id='word_1_243' title='bbox 993 2329 1099 2352; x_wconf 85' lang='lat' dir='ltr'>unam</span> <span class='ocrx_word' id='word_1_244' title='bbox 1117 2331 1124 2357; x_wconf 81' lang='lat'><em>3</em></span> 
     </span>
     <span class='ocr_line' id='line_1_33' title="bbox 324 2374 1243 2421; baseline -0.002 -12"><span class='ocrx_word' id='word_1_245' title='bbox 324 2375 436 2410; x_wconf 86' lang='lat' dir='ltr'>Misce</span> <span class='ocrx_word' id='word_1_246' title='bbox 453 2389 460 2416; x_wconf 82' lang='lat'>3</span> <span class='ocrx_word' id='word_1_247' title='bbox 485 2376 546 2410; x_wconf 80' lang='lat' dir='ltr'>fiat</span> <span class='ocrx_word' id='word_1_248' title='bbox 556 2376 744 2421; x_wconf 87' lang='lat' dir='ltr'>julapium,</span> <span class='ocrx_word' id='word_1_249' title='bbox 762 2375 804 2409; x_wconf 84' lang='lat' dir='ltr'>de</span> <span class='ocrx_word' id='word_1_250' title='bbox 822 2386 891 2419; x_wconf 89' lang='lat' dir='ltr'>quo</span> <span class='ocrx_word' id='word_1_251' title='bbox 908 2376 1006 2409; x_wconf 83' lang='lat' dir='ltr'>bibat</span> <span class='ocrx_word' id='word_1_252' title='bbox 1023 2375 1067 2409; x_wconf 86' lang='lat' dir='ltr'>ad</span> <span class='ocrx_word' id='word_1_253' title='bbox 1083 2374 1243 2408; x_wconf 84' lang='lat' dir='ltr'>libitum:</span> 
     </span>
    </p>
   </div>
   <div class='ocr_carea' id='block_1_8' title="bbox 139 2491 1596 2821">
    <p class='ocr_par' dir='ltr' id='par_1_9' title="bbox 139 2491 1596 2821">
     <span class='ocr_line' id='line_1_34' title="bbox 139 2491 1593 2547; baseline 0 -14"><span class='ocrx_word' id='word_1_254' title='bbox 139 2491 206 2533; x_wconf 87' lang='lat' dir='ltr'>vel</span> <span class='ocrx_word' id='word_1_255' title='bbox 225 2491 354 2534; x_wconf 86' lang='lat' dir='ltr'>etiam</span> <span class='ocrx_word' id='word_1_256' title='bbox 374 2493 653 2535; x_wconf 88' lang='lat' dir='ltr'>emulsionem</span> <span class='ocrx_word' id='word_1_257' title='bbox 673 2494 719 2534; x_wconf 88' lang='lat' dir='ltr'>in</span> <span class='ocrx_word' id='word_1_258' title='bbox 747 2493 965 2535; x_wconf 86' lang='lat' dir='ltr'>curatione</span> <span class='ocrx_word' id='word_1_259' title='bbox 986 2494 1124 2535; x_wconf 89' lang='lat' dir='ltr'>morbi</span> <span class='ocrx_word' id='word_1_260' title='bbox 1145 2493 1330 2534; x_wconf 87' lang='lat' dir='ltr'>lateralis</span> <span class='ocrx_word' id='word_1_261' title='bbox 1356 2493 1447 2547; x_wconf 85' lang='lat' dir='ltr'>jam</span> <span class='ocrx_word' id='word_1_262' title='bbox 1477 2493 1529 2547; x_wconf 91' lang='lat' dir='ltr'>[c.</span> <span class='ocrx_word' id='word_1_263' title='bbox 1553 2495 1593 2534; x_wconf 91' lang='lat'>3.</span> 
     </span>
     <span class='ocr_line' id='line_1_35' title="bbox 142 2559 1596 2615; baseline 0 -15"><span class='ocrx_word' id='word_1_264' title='bbox 142 2561 164 2615; x_wconf 58' lang='grc' dir='ltr'>ᾧ</span> <span class='ocrx_word' id='word_1_265' title='bbox 187 2560 247 2614; x_wconf 89' lang='grc'>6.]</span> <span class='ocrx_word' id='word_1_266' title='bbox 276 2561 541 2615; x_wconf 86' lang='lat' dir='ltr'>descriptam.</span> <span class='ocrx_word' id='word_1_267' title='bbox 593 2562 664 2603; x_wconf 82' lang='lat' dir='ltr'>Ad</span> <span class='ocrx_word' id='word_1_268' title='bbox 685 2562 872 2603; x_wconf 88' lang='lat' dir='ltr'>dolorem</span> <span class='ocrx_word' id='word_1_269' title='bbox 893 2561 1142 2611; x_wconf 81' lang='lat' dir='ltr'>sedandum,</span> <span class='ocrx_word' id='word_1_270' title='bbox 1165 2560 1422 2614; x_wconf 84' lang='lat' dir='ltr'>cataplasma</span> <span class='ocrx_word' id='word_1_271' title='bbox 1442 2573 1465 2600; x_wconf 89' lang='lat' dir='ltr'>e</span> <span class='ocrx_word' id='word_1_272' title='bbox 1485 2559 1596 2600; x_wconf 87' lang='lat' dir='ltr'>mica</span> 
     </span>
     <span class='ocr_line' id='line_1_36' title="bbox 139 2627 1595 2682; baseline -0.001 -13"><span class='ocrx_word' id='word_1_273' title='bbox 139 2628 260 2682; x_wconf 78' lang='lat' dir='ltr'>panis</span> <span class='ocrx_word' id='word_1_274' title='bbox 277 2629 457 2682; x_wconf 82' lang='lat' dir='ltr'>siliginei</span> <span class='ocrx_word' id='word_1_275' title='bbox 474 2634 517 2671; x_wconf 94' lang='lat' dir='ltr'>et</span> <span class='ocrx_word' id='word_1_276' title='bbox 531 2630 639 2672; x_wconf 89' lang='lat' dir='ltr'>lacte</span> <span class='ocrx_word' id='word_1_277' title='bbox 656 2644 777 2672; x_wconf 91' lang='lat' dir='ltr'>croco</span> <span class='ocrx_word' id='word_1_278' title='bbox 798 2630 947 2681; x_wconf 90' lang='lat' dir='ltr'>tincto,</span> <span class='ocrx_word' id='word_1_279' title='bbox 963 2630 1030 2670; x_wconf 81' lang='lat' dir='ltr'>vel</span> <span class='ocrx_word' id='word_1_280' title='bbox 1042 2635 1054 2651; x_wconf 75' lang='lat'><strong>²</strong></span> <span class='ocrx_word' id='word_1_281' title='bbox 1071 2629 1221 2670; x_wconf 89' lang='lat' dir='ltr'>folium</span> <span class='ocrx_word' id='word_1_282' title='bbox 1241 2628 1462 2677; x_wconf 82' lang='lat' dir='ltr'>brassicae,</span> <span class='ocrx_word' id='word_1_283' title='bbox 1485 2627 1595 2680; x_wconf 87' lang='lat' dir='ltr'>parti</span> 
     </span>
     <span class='ocr_line' id='line_1_37' title="bbox 140 2695 1595 2752; baseline -0.003 -13"><span class='ocrx_word' id='word_1_284' title='bbox 140 2698 314 2740; x_wconf 81' lang='lat' dir='ltr'>affectae</span> <span class='ocrx_word' id='word_1_285' title='bbox 336 2698 648 2752; x_wconf 87' lang='lat' dir='ltr'>applicandum,</span> <span class='ocrx_word' id='word_1_286' title='bbox 671 2703 714 2739; x_wconf 90' lang='lat' dir='ltr'>et</span> <span class='ocrx_word' id='word_1_287' title='bbox 742 2712 864 2752; x_wconf 87' lang='lat' dir='ltr'>saepe</span> <span class='ocrx_word' id='word_1_288' title='bbox 891 2697 1197 2746; x_wconf 87' lang='lat' dir='ltr'>renovandum,</span> <span class='ocrx_word' id='word_1_289' title='bbox 1219 2709 1334 2737; x_wconf 90' lang='lat' dir='ltr'>curo.</span> <span class='ocrx_word' id='word_1_290' title='bbox 1397 2695 1595 2735; x_wconf 85' lang='lat' dir='ltr'>Diaetam</span> 
     </span>
     <span class='ocr_line' id='line_1_38' title="bbox 140 2763 1594 2821; baseline -0.003 -14"><span class='ocrx_word' id='word_1_291' title='bbox 140 2765 253 2821; x_wconf 88' lang='lat' dir='ltr'>quod</span> <span class='ocrx_word' id='word_1_292' title='bbox 281 2771 455 2821; x_wconf 88' lang='lat' dir='ltr'>spectat,</span> <span class='ocrx_word' id='word_1_293' title='bbox 477 2766 678 2808; x_wconf 89' lang='lat' dir='ltr'>carnibus</span> <span class='ocrx_word' id='word_1_294' title='bbox 698 2780 870 2821; x_wconf 84' lang='lat' dir='ltr'>prorsus</span> <span class='ocrx_word' id='word_1_295' title='bbox 900 2765 1122 2816; x_wconf 90' lang='lat' dir='ltr'>interdico,</span> <span class='ocrx_word' id='word_1_296' title='bbox 1146 2764 1246 2818; x_wconf 90' lang='lat' dir='ltr'>quin</span> <span class='ocrx_word' id='word_1_297' title='bbox 1271 2769 1313 2804; x_wconf 89' lang='lat' dir='ltr'>et</span> <span class='ocrx_word' id='word_1_298' title='bbox 1335 2777 1481 2805; x_wconf 90' lang='lat' dir='ltr'>eorum</span> <span class='ocrx_word' id='word_1_299' title='bbox 1504 2763 1594 2817; x_wconf 82' lang='lat' dir='ltr'>jus-</span> 
     </span>
    </p>
   </div>
   <div class='ocr_carea' id='block_1_9' title="bbox 184 2887 1400 2971">
    <p class='ocr_par' dir='ltr' id='par_1_10' title="bbox 184 2887 1400 2971">
     <span class='ocr_line' id='line_1_39' title="bbox 184 2887 1400 2928; baseline -0.002 -10"><span class='ocrx_word' id='word_1_300' title='bbox 184 2892 199 2907; x_wconf 65' lang='lat'>*</span> <span class='ocrx_word' id='word_1_301' title='bbox 223 2888 272 2918; x_wconf 88' lang='lat' dir='ltr'>Cf.</span> <span class='ocrx_word' id='word_1_302' title='bbox 288 2889 413 2920; x_wconf 82' lang='lat' dir='ltr'>formm.</span> <span class='ocrx_word' id='word_1_303' title='bbox 434 2891 504 2925; x_wconf 85' lang='lat'>102,</span> <span class='ocrx_word' id='word_1_304' title='bbox 525 2890 592 2920; x_wconf 83' lang='lat'>169.</span> <span class='ocrx_word' id='word_1_305' title='bbox 941 2894 950 2907; x_wconf 79' lang='lat'>¹</span> <span class='ocrx_word' id='word_1_306' title='bbox 975 2887 1177 2928; x_wconf 35' lang='lat' dir='ltr'>rel-*brassff</span> <span class='ocrx_word' id='word_1_307' title='bbox 1195 2898 1256 2918; x_wconf 84' lang='lat' dir='ltr'>om.</span> <span class='ocrx_word' id='word_1_308' title='bbox 1274 2888 1321 2917; x_wconf 86' lang='lat' dir='ltr'>ed.</span> <span class='ocrx_word' id='word_1_309' title='bbox 1339 2887 1400 2919; x_wconf 81' lang='lat'><strong>’76.</strong></span> 
     </span>
     <span class='ocr_line' id='line_1_40' title="bbox 184 2933 664 2971; baseline 0.004 -9"><span class='ocrx_word' id='word_1_310' title='bbox 184 2935 198 2955; x_wconf 77' lang='grc' dir='ltr'><strong><em>Υ</em></strong></span> <span class='ocrx_word' id='word_1_311' title='bbox 221 2933 288 2971; x_wconf 75' lang='lat' dir='ltr'>Syr.</span> <span class='ocrx_word' id='word_1_312' title='bbox 305 2945 319 2963; x_wconf 87' lang='lat' dir='ltr'>e</span> <span class='ocrx_word' id='word_1_313' title='bbox 336 2933 428 2963; x_wconf 78' lang='lat' dir='ltr'>Succo</span> <span class='ocrx_word' id='word_1_314' title='bbox 445 2934 519 2962; x_wconf 84' lang='lat' dir='ltr'>Citr.</span> <span class='ocrx_word' id='word_1_315' title='bbox 537 2934 585 2963; x_wconf 88' lang='lat' dir='ltr'>ed.</span> <span class='ocrx_word' id='word_1_316' title='bbox 604 2933 664 2965; x_wconf 71' lang='lat'>⁸76.</span> 
     </span>
    </p>
   </div>
   <div class='ocr_carea' id='block_1_10' title="bbox 841 2985 902 3026">
    <p class='ocr_par' dir='ltr' id='par_1_11' title="bbox 841 2985 902 3026">
     <span class='ocr_line' id='line_1_41' title="bbox 841 2985 902 3026; baseline -0.016 0"><span class='ocrx_word' id='word_1_317' title='bbox 841 2985 902 3026; x_wconf 84' lang='lat' dir='ltr'>Ll</span> 
     </span>
    </p>
   </div>
  </div>
 </body>
</html>
