1985 3308
382 142 776 184 DISSERTATIO
806 142 1212 184 EPISTOLARIS.
1443 146 1524 185 365

69 262 146 290 ovo
163 248 351 299 similius,
375 262 500 302 quam
527 252 627 289 sunt
653 248 880 302 utrobique
906 248 1213 302 phaenomena,
1237 248 1523 303 deprehende-
1567 259 1621 290 Di:
1638 260 1705 290 Ap-

69 330 175 356 mus.
218 317 369 370 Neque
390 322 535 357 tamen
559 316 824 357 reticendum
846 320 923 366 cst,
946 316 1153 357 foeminas
1178 317 1314 357 multo
1335 317 1525 358 crebrius
1546 304 1728 377 Ρζτεῑῗωῗζ·

68 383 149 424 1100
179 384 316 424 morbi
348 398 501 437 genere
532 384 684 438 corripi
716 398 840 438 quam
869 384 1005 424 solent
1036 398 1185 434 mares,
1217 399 1305 425 non
1339 385 1451 438 quod
1481 400 1525 426 se

16 499 17 502 Ἴ
69 455 214 492 uterus
246 452 380 504 magis
402 453 511 493 male
536 452 690 493 habeat
719 466 845 505 quam
870 452 953 492 alia
983 452 1152 505 quaevis
1184 453 1368 506 corporis
1396 453 1525 507 regio,

16 551 18 555 ,
70 518 143 560 sed
163 519 217 559 ob
238 533 382 560 causas
403 521 513 561 infra
541 521 583 574 [ξ
608 523 661 562 ’78
684 519 765 576 sq]
789 520 1068 574 explicandas.
1355 510 1358 513 ¹

134 586 242 640 [60.]
283 587 366 627 Sed
407 602 484 628 nec
525 588 790 641 spectabilior
830 593 894 628 est
928 588 1056 642 hujus
1096 588 1233 629 morbi
1273 589 1523 642 frequentia,
1545 597 1731 648 0111119sfe-

70 668 197 708 quam
238 655 416 695 varietas
456 656 528 696 illa
567 656 839 697 multiformis
881 670 964 709 qua
1000 669 1043 696 se
1079 656 1266 697 ostendit
1307 662 1350 697 et
1384 657 1524 698 nullos
1541 641 1730 715 ἑὲιξζῖῗὲξὲἰ

14 715 17 766 ἶ
67 722 155 763 fere
176 736 264 763 non
285 724 524 764 aemulatur
545 738 595 764 ex
615 724 664 764 iis
690 724 911 765 affectibus
939 724 1090 777 quibus
1112 728 1358 765 atteruntur
1383 725 1527 766 miseri

69 791 281 832 mortales.
359 792 669 845 Quamcunque
715 792 830 833 enim
876 792 1059 845 eorporis
1104 797 1269 846 partem
1312 792 1526 844 insederit,

70 863 368 912 symptomata,
393 860 534 912 qualia
560 860 598 900 ei
629 865 878 913 competunt
909 861 1033 914 parti,
1057 861 1200 901 statim
1227 861 1448 914 producit3
1485 867 1528 902 et

68 926 152 966 nisi
180 926 376 967 Medicus
400 932 490 967 tam
517 928 656 981 sagaci
689 928 871 981 quadam
903 928 1073 968 solertia
1099 933 1141 969 et
1170 926 1371 979 δεινότητι
1402 944 1529 982 quam

13 1047 15 1053 Ι
68 994 114 1034 in
143 995 250 1036 Arte
280 995 432 1048 peritia
452 995 600 1046 valeat,
623 996 738 1036 fraus
760 997 798 1037 ei
826 998 912 1047 fiet,
936 1002 1062 1050 atquc
1091 998 1172 1038 ista
1193 1002 1479 1051 symptomata
1505 1012 1530 1038 a

14 1070 15 1086 ³
68 1063 219 1104 morbo
250 1063 389 1117 aliquo
420 1064 634 1104 essentiali
663 1065 791 1118 hujus
819 1065 884 1105 vel
914 1065 1026 1105 illius
1056 1065 1200 1119 partis,
1230 1080 1317 1106 non
1347 1079 1444 1106 vero
1475 1065 1528 1106 ab

69 1131 308 1172 Affectione
332 1132 570 1185 Hysterica,
593 1133 778 1186 pendere
801 1132 1089 1175 arbitrabitur.

135 1199 242 1253 [GL]
282 1199 550 1253 Quandoque
585 1200 715 1253 (verbi
746 1201 911 1253 gratia)
947 1201 1095 1255 capitis
1133 1216 1272 1242 arcem
1303 1216 1526 1255 occupanS,
1546 1208 1722 1249 Apoplexi-

13 1278 16 1299 ε·
69 1267 332 1321 apoplexiam
371 1268 485 1318 facit,
528 1283 634 1322 quae
676 1269 868 1309 similiter
907 1269 1164 1322 hemiplegia
1205 1270 1391 1320 solvitur,
1433 1284 1526 1310 eam
1546 1262 1597 1281 am
1615 1253 1719 1289 refert,

1545 1299 1576 1324 et
1591 1295 1692 1325 hemi-

12 1342 15 1385 }
69 1336 244 1377 omnino
265 1336 450 1377 referens
472 1336 746 1390 apoplexiam,
763 1351 845 1390 qua
866 1342 960 1377 tum
982 1342 1119 1377 aetate
1139 1342 1234 1378 tum
1250 1338 1361 1379 mole
1382 1352 1525 1391 corpo·
1543 1337 1648 1377 plcgia
1667 1338 1731 1368 sol-

12 1454 13 1457 *
67 1403 125 1444 ris
146 1403 391 1457 grandiores
414 1404 666 1454 sidcrantm,
682 1408 724 1444 et
746 1418 853 1458 quae
870 1418 920 1445 ex
936 1418 985 1445 eo
1006 1405 1207 1455 nascitur,
1225 1405 1350 1459 quod,
1366 1406 1528 1446 cerebri
1544 1386 1640 1411 vaur.

12 1465 13 1470 ¹
68 1471 222 1512 cortice
256 1471 436 1525 pituitae
467 1473 587 1526 copia
615 1472 771 1512 referto
803 1486 850 1513 ac
882 1477 1085 1522 scatente,
1109 1473 1336 1527 spirituum
1367 1473 1527 1514 anima-

12 1548 13 1557 *
67 1542 172 1584 lium
198 1548 364 1584 meatus
387 1557 434 1584 ac
456 1543 629 1584 semitae
650 1543 1014 1584 intercludantur:
1048 1557 1072 1583 a
1093 1556 1176 1595 qua
1197 1542 1367 1595 quidem
1389 1556 1526 1593 causa,

11 1625 13 1635 ⁴
68 1624 174 1664 quae
209 1610 404 1652 foeminis
437 1611 674 1665 Hystericis
706 1611 856 1652 accidit
892 1609 1116 1665 apoplexis,
1144 1609 1243 1650 oriri
1281 1610 1528 1650 nullatenus

12 1731 13 1734 Ἴ
67 1678 245 1729 videtur,
268 1692 367 1719 cum
397 1679 565 1720 easdem
594 1679 709 1720 haud
738 1679 981 1733 infrequens
1014 1677 1229 1719 adoriatur
1259 1678 1482 1719 confestim
1504 1693 1528 1719 a
1547 1690 1732 1733 Quasprae-

11 1738 13 1777 ἶ
66 1750 204 1800 partu,
225 1760 383 1800 magna
406 1747 625 1800 sanguinis
646 1747 685 1786 vi
711 1747 836 1787 simul
861 1747 1007 1800 ejecta,
1031 1750 1072 1787 et
1097 1746 1163 1786 vel
1186 1746 1327 1799 partui
1347 1746 1525 1787 laborio-
1543 1737 1728 1809 fftffief‘ggf‘

11 1817 13 1845 ἲ
67 1813 177 1864 siori,
199 1814 264 1854 vel
284 1814 589 1856 vehementiori
610 1815 732 1855 alicui
753 1815 884 1855 animi
905 1813 1191 1865 commotioni,
1214 1814 1431 1855 debeatur.
1542 1820 1731 1852 minashaec

1542 1864 1673 1902 species.

133 1881 240 1934 [62]
285 1882 552 1935 Quandoque
599 1897 785 1936 spasmos
831 1883 1064 1923 horrendos
1110 1882 1260 1935 gignit,
1303 1882 1524 1936 epilepsiae
1544 1906 1695 1945 Spasmos

7 1949 13 1979 ’ἓ
67 1948 311 2002 persimiles,
343 1955 490 1990 ventre
526 1954 567 1990 et
598 1950 851 2004 praecordiis
887 1955 1037 2003 guttur
1067 1963 1207 1990 versus
1241 1950 1524 1990 intumescen-
1543 1949 1729 1987 gignithor-

9 2042 12 2051 .
67 2016 196 2066 tibuS,
219 2022 260 2056 ct
287 2016 410 2057 nixus
439 2017 499 2057 ita
525 2017 655 2058 fortes
682 2018 834 2059 edente
871 2032 1008 2071 aegra,
1030 2022 1092 2067 ut,
1114 2017 1211 2058 licet
1239 2017 1339 2057 alias
1365 2018 1523 2059 medio·
1542 1991 1728 2072 Ῐὲἒέῑζῗμ·

67 2083 202 2123 crium
232 2088 402 2124 tantum
433 2084 559 2125 fuerit
590 2085 755 2135 virium,
787 2086 877 2139 jam
908 2085 1025 2125 omni
1056 2085 1317 2125 adstantium
1349 2098 1428 2138 ope
1456 2085 1525 2126 vix
1542 2076 1730 2114 persimiles.

1545 2118 1636 2147 Stran
1687 2139 1700 2143 -

4 2149 5 2155 ’
66 2150 239 2191 retineri
261 2156 411 2204 queat3
443 2152 662 2193 incondita
682 2153 852 2193 interim
878 2159 1004 2206 atquc
1025 2152 1296 2193 inarticulata
1317 2152 1524 2206 quaedam
1542 2159 1626 2208 latus
1640 2129 1731 2192 {fieri

66 2218 310 2269 vociferans,
334 2224 376 2260 et
399 2225 544 2273 pectus
571 2221 738 2261 feriens.
800 2222 1039 2271 Foeminae,
1063 2221 1216 2274 quibus
1243 2220 1345 2260 hacc
1367 2221 1524 2274 species
1543 2204 1700 2286 ἓζὲξίζζᾶ,

71 2287 193 2339 (quae
230 2287 344 2327 Uterz'
373 2288 663 2340 Stranfflclatus
693 2289 819 2342 vulgo
854 2288 1001 2340 audit,)
1033 2287 1278 2328 familiarior
1313 2291 1390 2336 est,
1417 2292 1521 2327 tem·
1541 2289 1658 2361 Πῑξῗῇῐῐξ
1668 2289 1718 2349 fa-

67 2359 314 2406 peramento
341 2360 442 2395 sunt
470 2360 517 2395 ut
548 2356 779 2409 plurimum
800 2357 895 2410 plus
926 2370 1054 2409 quam
1076 2355 1181 2396 solet
1210 2354 1456 2408 sanguineo,
1480 2361 1522 2395 et
1540 2341 1691 2420 ἓξὲξ-

67 2420 217 2462 habitu
238 2423 419 2476 corporis
441 2423 494 2464 ad
514 2423 722 2478 viragines
744 2425 983 2466 accedente.
1539 2441 1604 2480 {0¹¹¹
1623 2434 1710 2473 capi-

133 2491 240 2544 [63.]
279 2492 603 2546 Nonnunquam
643 2494 892 2535 exteriorem
939 2491 1086 2546 eapitis
1126 2495 1290 2544 partem
1331 2496 1520 2544 occupat,
1539 2479 1716 2556 ξζῇξέζῖξζ]

67 2557 349 2612 pericranium
377 2559 489 2600 inter
510 2561 799 2615 craniumque,
822 2561 1008 2602 dolorem
1030 2559 1097 2600 vix
1124 2558 1386 2599 tolerabilem
1409 2558 1521 2599 adfe—
1539 2561 1727 2633 ξῐᾙὲρῗὲῑίζ

66 2641 177 2677 rens,
214 2627 258 2667 in
294 2628 475 2681 quadam
510 2634 681 2669 tantum
716 2630 924 2683 particula
959 2642 1066 2682 quae
1100 2633 1339 2668 transverso
1373 2626 1521 2679 pollice
1540 2644 1595 2681 mi,
1611 2645 1686 2675 Cla-

68 2695 237 2749 contegi
264 2696 408 2750 possit,
433 2697 592 2750 jugiter
617 2698 825 2739 defixum:
869 2697 1055 2737 dolorem
1083 2696 1199 2736 hunc
1232 2694 1360 2735 etiam
1393 2695 1520 2735 comi·
1538 2688 1724 2760 ssgfflullssys·

5 2777 10 2796 ²
67 2767 216 2803 tantur
235 2764 484 2804 vomitiones
506 2779 711 2805 enormes.
776 2766 895 2805 Haec
931 2764 1088 2818 specics
1114 2765 1260 2803 Clavus
1280 2763 1522 2815 Hystericus
1540 2773 1722 2811 parit,ch10-

1540 2815 1600 2844 rosi
1617 2815 1703 2845 labo-

6 2850 11 2859 ·
69 2833 172 2873 mihi
194 2839 269 2883 est,
292 2833 392 2874 istas
415 2848 512 2887 prae
534 2835 706 2875 cacteris
729 2835 910 2887 fatigans
933 2849 1039 2888 quae
1061 2834 1239 2875 chlorosi
1262 2833 1467 2874 laborant.
1540 2858 1682 2888 rantibus

133 2901 240 2955 [64]
279 2902 603 2955 Nonnunquam
640 2903 682 2942 in
721 2908 858 2956 partes
891 2902 1078 2942 incidens
1116 2902 1272 2951 vitales,
1309 2901 1367 2941 ita
1400 2902 1520 2943 vehe-
1538 2898 1677 2972 {affilia-
