1985 3308
319 157 842 199 OBSERVATIONUM
874 157 1251 201 MEDICARUM
1283 165 1346 198 VI.
1373 168 1405 198 3.
1511 164 1595 202 249

325 266 596 301 Contundantur
612 267 713 300 simul
733 268 767 300 in
786 268 949 300 moi-tario
964 278 1169 309 marmoreo,
1187 270 1312 304 sensim
1331 269 1544 304 affundendo

487 324 610 367 Aquae
627 322 762 356 Hordei
781 324 1034 366 sesquilibram,

487 381 610 425 Aquae
628 380 799 414 Rosarum
819 380 1002 414 drachmas
1019 381 1118 422 duas,

489 436 653 471 Sacchari
671 436 785 471 Caudi
804 438 1021 471 semunciam
1036 451 1043 478 ;

326 495 436 529 Misce
452 510 459 536 ;
485 496 546 530 fiat
562 495 707 530 emulsio
722 509 729 535 ;
753 496 870 540 capiat
886 497 1008 530 uncias
1025 502 1174 541 quatuor
1191 504 1316 543 quarta
1334 510 1473 543 quaque
1490 499 1584 532 hora.

137 590 371 631 Pectorah'a
422 592 549 632 etiam
599 592 760 645 impero
810 591 1056 646 frequenter
1105 595 1364 648 usurpanda,
1416 595 1598 648 exempli

136 657 274 710 gratia
291 674 360 698 :—

137 745 270 790 [Form.
288 745 361 789 35.]
373 746 386 765 ὓ
412 746 452 797 R
494 748 639 782 Decocti
658 748 847 782 Pectoralis
864 748 969 782 libras
986 748 1084 791 duas,

491 804 617 849 Syrupi
634 804 826 846 violarum,

487 861 651 907 [Syrupi]
670 862 886 907 Capillorum
904 863 1061 904 Veneris,
1080 875 1147 898 aua
1174 866 1432 910 sesquiunciam
1449 879 1456 906 ;

323 918 434 952 Misce
450 933 457 960 3
483 920 544 952 fiat
559 930 728 963 apozema
745 933 752 960 ;
777 921 893 964 capiat
908 920 1033 954 libram
1051 920 1235 955 dimidiam
1254 928 1306 956 ter
1322 923 1358 956 in
1377 922 1442 956 die.

138 1013 270 1057 [Form.
289 1015 362 1058 36]
374 1018 385 1032 ⁶
412 1013 452 1063 R
487 1015 564 1049 Olei
582 1015 859 1060 Amygdalarum
880 1016 1048 1050 Dulcium
1066 1018 1188 1050 uncias
1205 1017 1304 1059 duas,

486 1072 612 1117 Syrupi
627 1072 822 1114 Violarum,

485 1128 652 1174 [Syrupi]
672 1129 887 1173 Capillorum
906 1130 1062 1171 Veneris,
1080 1142 1149 1164 ana
1166 1131 1308 1164 unciam
1328 1142 1448 1172 unam,

487 1186 650 1220 Sacchari
669 1186 785 1220 Caudi
802 1187 1095 1221 semidrachmam
1112 1202 1119 1228 ;

321 1241 450 1282 Misce;
469 1242 531 1276 fiat
543 1242 735 1276 secundum
749 1248 858 1277 artem
873 1244 1040 1289 eclegma,
1052 1244 1094 1277 de
1105 1255 1174 1289 quo
1188 1245 1320 1279 lambat
1331 1245 1468 1290 saepius
1481 1245 1517 1279 in
1532 1245 1598 1279 die.

134 1337 288 1378 Oleum
315 1337 444 1377 etiam
472 1337 794 1391 amygdalarum
822 1337 1011 1378 dulcium
1039 1352 1114 1392 per
1135 1353 1192 1390 se,
1214 1340 1281 1380 vel
1305 1340 1447 1380 oleum
1475 1341 1597 1381 semi-

132 1419 238 1444 num
267 1404 344 1445 lini
378 1410 571 1446 recenter
601 1409 851 1455 extractum,
883 1419 1042 1459 magno
1074 1420 1197 1460 saepe
1229 1420 1327 1447 cum
1359 1408 1502 1448 fructu
1534 1423 1597 1448 as-

132 1477 375 1513 sumuntur.

197 1539 276 1593 [7.]
313 1539 511 1581 Diaetam
552 1539 665 1594 quod
706 1544 881 1594 spectat,
919 1540 1117 1581 carnibus
1159 1540 1333 1582 omnino
1373 1541 1597 1592 interdico,

132 1612 260 1661 atque
298 1608 473 1661 insuper
517 1607 750 1648 earundem
791 1608 965 1650 decocto
1006 1609 1243 1663 quamlibet
1288 1609 1595 1663 limpidissimo.

131 1675 318 1716 Consulo
343 1680 393 1716 ut
418 1676 596 1730 jusculis
626 1680 820 1716 vescatur
849 1676 1108 1727 hordeaceis,
1136 1677 1368 1728 avenaceis,
1395 1683 1437 1718 et
1464 1691 1596 1731 pana-

130 1740 244 1794 tella,
262 1747 305 1783 et
325 1757 401 1797 pro
421 1748 527 1797 potu
547 1748 696 1784 utatur
715 1744 885 1797 ptisana
905 1758 956 1785 ex
973 1744 1148 1785 decocto
1168 1744 1316 1785 hordei
1337 1758 1435 1786 cum
1455 1744 1596 1785 radice

132 1815 336 1862 acetosae,
367 1811 609 1867 liquiritiae,
633 1816 728 1862 ete„
752 1826 800 1853 ac
830 1826 1147 1868 nonnunquam
1178 1813 1378 1854 cerevisia
1403 1813 1597 1867 lupulata

132 1879 265 1919 tenui.

191 1946 322 1987 Porro
344 1960 523 2000 sequens
543 1952 816 2001 unguentum
837 1948 1078 2002 praescribo
1097 1965 1166 1989 :—

135 2029 265 2073 [Form.
284 2028 381 2072 37.]‹³
410 2028 452 2079 R
483 2029 560 2064 olei
578 2030 854 2074 Amygdalarum
875 2030 1064 2064 Dulciume
1081 2032 1204 2065 uncias
1223 2030 1321 2071 duaS‚

484 2086 668 2131 Unguenti
686 2086 837 2127 Pomafi,

484 2143 706 2188 [Unguenti]
729 2143 948 2184 Dialthaeae,
966 2155 1035 2178 ana
1052 2145 1193 2178 unciam
1212 2155 1318 2183 unam
1333 2158 1340 2184 3

317 2200 451 2241 Misce;
474 2200 535 2234 fiat
554 2200 790 2240 linimentum,
807 2210 878 2244 quo
901 2200 1094 2244 inungatur
1117 2200 1210 2234 latus
1236 2199 1400 2233 affectum
1429 2210 1534 2233 mane
1562 2207 1597 2233 et

316 2269 402 2299 sero,
419 2257 732 2302 superimponendo
751 2256 874 2290 solium
892 2257 1075 2290 brassicae.

133 2337 270 2379 Jubeo
301 2337 406 2378 item
437 2342 486 2377 ut
521 2337 568 2377 in
603 2336 812 2377 dictorum
847 2335 1133 2377 remediorum
1172 2349 1256 2376 usu
1292 2335 1489 2389 persistat
1521 2349 1596 2389 per

132 2419 302 2446 omnem
321 2405 459 2447 morbi
479 2405 720 2447 decursum.

196 2474 276 2527 [8.]
313 2473 477 2514 Eodem
496 2473 588 2527 ipso
614 2473 681 2514 die
702 2487 787 2528 quo
815 2462 1001 2527 primum
1023 2471 1242 2523 accersorf‚
1269 2472 1304 2512 si
1329 2472 1447 2513 dolor
1470 2472 1594 2513 vehe-

131 2545 297 2582 menter
317 2545 480 2595 urgeat,
503 2540 723 2594 sanguinis
749 2540 929 2581 eandem
951 2540 1239 2595 quantitatem
1262 2554 1408 2580 rursus
1430 2539 1596 2580 detrahi

130 2609 352 2663 praecipio,
377 2609 443 2649 vel
469 2609 747 2650 nihilominus
778 2608 845 2649 die
873 2608 1082 2663 sequenti,
1110 2613 1159 2648 ut
1188 2607 1317 2648 etiam
1346 2608 1474 2648 tertio
1502 2607 1568 2648 die
1582 2625 1593 2657 3

131 2682 259 2732 atquc
285 2677 365 2718 hoc
390 2677 517 2718 modo
542 2677 596 2717 ad
621 2682 819 2732 quartam
843 2691 981 2731 usque
1001 2676 1150 2726 vicem,
1172 2675 1385 2716 continuis
1411 2680 1595 2730 quatuor

132 2742 293 2795 diebus,
314 2743 413 2797 (nisi
431 2744 549 2799 prius
571 2758 696 2797 aeger
711 2743 1001 2796 convaluerit,)
1020 2742 1406 2784 venae-sectionem
1431 2747 1591 2796 repeto,

175 2836 189 2857 b
213 2833 745 2870 Cfifbnnni27,165,177,249.
936 2838 947 2853 θ
974 2835 1021 2863 OL
1050 2835 1293 2874 HHon‚amygd
1322 2833 1580 2873 dust.an.3jed

176 2882 187 2894 ⁰
212 2877 261 2907 Cf.
278 2876 404 2907 formm.
423 2878 474 2913 28,
493 2877 564 2912 166,
584 2877 653 2909 178.
892 2877 954 2908 ’76-

176 2921 191 2942 ‘¹
215 2919 264 2949 Cf.
281 2919 372 2950 form.
392 2920 462 2949 250.
937 2919 945 2937 s
966 2918 1222 2959 quo—accersor]
1242 2928 1302 2949 om.
1321 2919 1368 2948 ed.
1387 2919 1448 2950 ‘76.

826 2973 904 3012 Kk

1650 273 1762 303 ΡιΕυ-

1656 325 1757 346 Ruris.
