1985 3308
250 264 379 293 Frzmus

247 307 395 335 Coxrlx.

225 349 409 378 Asxonuu

249 391 353 420 ’61-’6
361 393 386 420 4.

226 441 356 477 ducunt,

227 494 345 514 noxam

227 536 320 566 saepe
336 527 384 556 in-

227 568 343 598 serunt.

229 621 404 651 Methodus

229 674 292 703 qua
312 664 398 693 llcus

228 707 388 736 curandus

228 753 283 777 est.

228 1751 400 1781 Ventricu-

229 1794 280 1823 lus
298 1794 384 1832 prius

229 1843 277 1865 est
294 1836 383 1865 robo-

231 1878 359 1912 raudus,

231 1930 327 1959 quain
345 1921 392 1949 in-

227 1967 356 2002 geratur

232 2005 384 2034 catharti-

230 2057 303 2076 cum
316 2060 321 2079 ;
337 2047 414 2076 alias

229 2090 399 2118 emeticum

228 2132 349 2161 evadet.

231 2355 345 2385 Diaeta
361 2361 391 2385 et

231 2399 369 2436 regimen

230 2440 288 2469 hoc
306 2441 413 2470 inorbo

229 2481 401 2513 laborantis
412 2497 417 2519 ;

231 2626 260 2650 et
276 2622 314 2651 ab
330 2633 365 2652 eo

226 2664 294 2702 jam
311 2675 385 2694 con-

229 2706 390 2736 valescen—

230 2747 279 2778 tis.

430 147 487 186 64
831 145 1086 186 'I'HOMAE
1120 145 1463 186 SYDENHAM

428 268 579 307 parum
595 253 852 303 conducunt,
871 267 1025 293 noxam
1041 266 1162 306 saepe
1180 252 1294 292 haud
1310 251 1667 292 contemnendam
1681 250 1885 292 inferunt.

427 321 521 374 Ego
541 335 639 361 cum
654 321 765 361 felici
786 334 980 361 successu
999 320 1078 360 hac
1099 319 1299 360 methodo
1320 324 1429 359 utor.

495 387 602 441 [56.]
642 386 825 429 Quando
852 387 984 439 liquet
1007 401 1057 426 ex
1087 386 1338 439 clysteribus
1359 399 1434 438 per
1455 398 1500 425 os
1531 385 1700 438 rejectis
1721 390 1764 425 et
1795 385 1887 425 aliis

429 455 561 508 signis
583 469 728 495 verum
750 468 839 494 esse
865 454 1017 504 Ileum,
1040 459 1145 494 tunc
1166 454 1211 493 in
1232 453 1335 493 haec
1356 453 1439 492 tria
1459 452 1622 492 enitor:
1657 454 1694 492 1.
1717 457 1767 493 ut
1788 466 1886 493 con-
1934 460 1936 468 ¹

429 523 584 563 trarius
604 522 684 562 iste
705 521 929 562 ventriculi
950 526 1104 571 motus,
1128 521 1199 573 qui
1222 520 1403 560 similem
1418 524 1585 560 motum
1606 519 1652 559 in
1672 519 1888 560 intestinis

430 591 569 640 efficit,
606 589 863 643 impediatur
875 606 887 638 3
929 591 968 630 2.
1001 594 1049 629 ut
1087 587 1294 628 intestina
1329 587 1415 627 acri
1449 587 1630 627 humore
1666 587 1890 628 debilitata

431 657 780 706 corroborentur;
813 658 852 696 3.
876 661 925 696 ut
939 655 1200 696 ventriculus
1222 669 1270 694 30
1290 654 1497 694 intestina
1518 654 1570 695 ab
1587 654 1680 695 istis
1699 655 1888 696 humori-

430 725 510 766 bus
531 725 778 765 liberentur.
841 723 1008 764 Quibus
1029 722 1361 763 indicationibus
1377 727 1426 762 ut
1448 722 1717 772 satisfaciam,
1732 722 1887 763 curati-

431 807 557 834 onem
589 792 669 832 hoc
699 791 786 831 ritu
812 791 1005 831 instituo.
1075 790 1182 843 [57]
1221 789 1379 840 Primo,
1413 790 1510 830 salis
1539 789 1744 830 absinthii
1774 804 1887 832 scru-

428 861 578 914 pulum
605 873 739 899 unum
771 872 822 898 ex
852 857 1060 898 cochleari
1083 871 1171 897 uno
1199 858 1312 897 succi
1337 858 1547 897 limonum
1574 871 1700 899 mane
1727 862 1770 898 et
1791 872 1884 899 sero

429 926 686 967 sumendum
719 925 983 979 praescribo;
1025 924 1290 965 intermediis
1322 939 1420 965 vero
1451 925 1714 978 temporibus
1750 939 1884 979 aquae

428 993 630 1034 menthae
652 993 885 1033 stillatitiae
913 992 1004 1032 sine
1033 992 1230 1032 saccharo
1259 992 1392 1033 aliove
1419 993 1564 1046 qumis
1594 988 1888 1034 additamento

429 1061 663 1101 cochlearia
693 1060 852 1113 aliquot
877 1059 942 1100 bis
964 1073 1129 1113 quaque
1156 1059 1261 1100 hora
1285 1060 1463 1114 propino
1477 1077 1488 1110 ς
1521 1061 1642 1114 cujus
1663 1061 1729 1101 vel
1756 1060 1886 1101 solius

428 1129 608 1182 repetito
638 1143 719 1168 usu
753 1133 795 1169 et
815 1128 998 1168 vomitus
1027 1133 1069 1168 et
1098 1128 1216 1168 dolor
1244 1142 1292 1168 ex
1325 1142 1374 1168 eo
1405 1134 1532 1168 natus
1562 1128 1704 1169 subito
1737 1142 1887 1169 evane-

430 1203 561 1237 scent.
622 1196 740 1236 Dum
774 1195 878 1236 haec
909 1196 1033 1245 fiunt,
1057 1196 1247 1235 catulum
1275 1195 1487 1236 m'ventem
1518 1196 1635 1236 nudo
1656 1196 1795 1237 ventri
1824 1197 1890 1236 in-

432 1263 675 1303 desinenter
715 1263 964 1304 accumbere
1000 1262 1147 1316 jubeo.
1220 1263 1455 1315 Postquam
1497 1277 1593 1304 vero
1634 1263 1753 1304 dolor
1793 1277 1891 1304 cum

431 1331 593 1371 vomitu
622 1345 696 1384 per
727 1331 912 1384 spatium
943 1330 1063 1371 bidui
1092 1330 1298 1370 triduive³
1326 1331 1501 1371 omnino
1532 1332 1767 1382 cessaverit,
1795 1337 1892 1372 tum

431 1399 659 1452 pilularum
700 1399 942 1439 cochiarum
981 1399 1191 1451 majorum
1233 1398 1478 1438 drachmam
1524 1413 1655 1439 unam
1694 1400 1741 1439 in
1781 1414 1892 1453 aqua

433 1467 635 1507 menthae
667 1466 915 1507 dissolutam
947 1466 1142 1515 exhibeo,
1176 1480 1303 1519 quam
1324 1466 1453 1506 etiam
1485 1480 1639 1519 aquam
1674 1467 1772 1520 (quo
1803 1481 1891 1508 cer-

431 1535 518 1575 tius
544 1535 726 1575 vomitus
751 1548 970 1575 recursum
998 1535 1290 1587 praevertam)
1316 1539 1408 1574 toto
1437 1534 1676 1574 catharseos
1701 1540 1892 1588 tempore

432 1604 598 1657 saepius
639 1603 889 1643 sumendam
939 1603 1132 1656 injungo.
1203 1602 1357 1655 Neque
1398 1602 1564 1642 catulus
1608 1603 1891 1644 removendus

433 1676 662 1723 antequam
682 1685 808 1710 usum
828 1670 1056 1723 pilularum
1078 1684 1203 1723 aeger
1224 1670 1512 1723 aggrediatur.

498 1738 606 1791 [58]
645 1737 873 1778 Observavi
912 1737 1070 1778 frustra
1108 1737 1260 1790 pilulas
1295 1738 1410 1788 istas,
1445 1737 1510 1777 vel
1551 1737 1726 1791 quodvis
1767 1737 1885 1779 aliud

433 1805 725 1854 catharticum,
747 1809 965 1857 utcunque
985 1805 1106 1854 forte,
1129 1805 1356 1858 propinari,
1380 1804 1514 1845 donec
1534 1805 1773 1846 ventriculo
1801 1819 1890 1846 cor-

431 1872 640 1922 roborato,
664 1878 791 1927 atque
815 1872 918 1912 adeo
945 1872 998 1912 ad
1019 1877 1185 1913 motum
1206 1872 1448 1912 naturalem
1474 1872 1664 1923 reducto,
1686 1873 1892 1914 intestina

432 1940 560 1980 etiam
583 1940 635 1980 ad
655 1940 872 1993 proprium
893 1945 1058 1980 motum
1086 1954 1217 1993 aeque
1238 1941 1414 1981 reducta
1435 1940 1596 1981 fuerint
1608 1957 1620 1990 ς
1653 1940 1755 1981 31133
1777 1940 1891 1981 0111111

431 2008 663 2048 cathartica
693 2007 835 2048 omnia
869 2008 986 2048 intus
1018 2014 1235 2061 assumpta
1271 2008 1450 2048 emetica
1485 2008 1680 2058 evadent,
1718 2013 1761 2049 et
1794 2008 1890 2062 plus

432 2075 577 2115 damni
613 2089 740 2128 quam
782 2075 994 2115 commodi
1033 2075 1231 2116 inferent.
1293 2076 1403 2116 Inde
1435 2081 1498 2116 est
1540 2076 1654 2129 quod
1693 2075 1892 2117 remediis

430 2143 711 2196 purgantibus
743 2143 853 2183 viam
884 2143 1021 2184 facere
1052 2158 1140 2184 non
1171 2144 1408 2197 aggredior,
1432 2143 1566 2184 donec
1595 2157 1671 2197 per
1702 2143 1891 2197 spatium

431 2210 643 2263 quoddam
669 2211 992 2252 medicamentis
1013 2211 1105 2251 istis
1126 2211 1412 2252 ventriculum
1442 2212 1768 2265 respicientibus
1789 2226 1892 2252 usus

433 2278 598 2318 fuerim.

495 2345 603 2399 [59]
641 2345 819 2386 Victum
839 2346 959 2386 valde
990 2351 1165 2387 tenuem
1187 2360 1314 2399 aegro
1341 2346 1595 2400 praescribo,
1618 2346 1680 2387 ita
1706 2351 1755 2387 ut
1783 2360 1890 2387 non-

432 2413 512 2452 nisi
535 2414 768 2454 cochlearia
796 2414 956 2467 aliquot
981 2414 1138 2468 jusculi
1160 2428 1210 2454 ex
1234 2414 1350 2467 pullo
1380 2414 1613 2467 gallinaceo
1633 2414 1771 2467 parati
1802 2428 1889 2455 sor-

432 2480 572 2520 benda
601 2481 665 2521 bis
697 2482 762 2522 vel
792 2486 858 2522 ter
897 2482 943 2521 in
974 2481 1041 2521 die
1073 2481 1332 2535 permittam.
1395 2482 1578 2522 Interim
1608 2495 1706 2522 vero
1736 2486 1786 2522 ut
1816 2495 1891 2535 per

431 2554 566 2588 totam
583 2549 918 2602 aegrotationem
933 2549 979 2589 in
995 2549 1104 2590 lecto
1121 2549 1348 2590 decumbat
1366 2549 1510 2603 jubeo,
1529 2549 1663 2590 donec
1678 2549 1890 2603 perfectae

431 2617 661 2656 sanationis
692 2617 814 2670 signa
844 2623 1100 2671 appareant3
1142 2631 1189 2657 ac
1221 2617 1350 2658 etiam
1383 2623 1478 2671 post
1514 2617 1782 2658 sanationem
1814 2629 1890 2670 per

430 2682 605 2736 longum
633 2689 802 2737 tempus
822 2685 869 2725 in
896 2685 1136 2740 praedictae
1159 2699 1291 2738 aquae
1312 2699 1394 2725 usu
1420 2685 1659 2739 persistere,
1682 2688 1725 2724 et
1752 2683 1889 2724 laneis

432 2750 654 2803 duplicatis
670 2759 861 2793 ventrem
879 2768 902 2793 a
915 2754 1070 2807 frigore
1090 2753 1200 2794 bene
1215 2753 1440 2794 defendere
1456 2754 1631 2807 impero,
1647 2766 1730 2806 quo
1745 2752 1888 2792 minus

431 2818 610 2859 recidiva
631 2821 716 2870 fiat,
732 2822 799 2861 cui
819 2822 888 2862 hic
910 2822 1086 2862 affectus
1106 2836 1206 2875 prae
1227 2821 1426 2862 omnibus
1447 2821 1539 2862 aliis
1561 2826 1624 2862 est
1645 2819 1868 2861 obnoxius.

697 2914 710 2928 Α
735 2908 793 2936 hid.
812 2906 901 2946 υἱώ]
919 2909 979 2937 diei
996 2910 1082 2937 unius
1100 2909 1144 2938 rel
1159 2910 1286 2937 allerias
1302 2907 1370 2937 edd.
1388 2907 1454 2943 '66,
1473 2907 1535 2944 '68‚
1554 2907 1615 2938 ¹76.
