1985 3308
388 148 679 191 EPISTOLA
711 149 748 189 I.
784 146 1215 189 RESPONSORIA.
1443 149 1527 190 287

73 261 177 301 adeo
208 273 295 300 non
328 259 469 307 officit,
501 262 550 298 ut
584 258 650 298 vel
686 256 1010 297 delicatulorum
1044 255 1186 309 palato
1223 253 1430 304 arrideat,
1483 267 1529 294 ae
1548 264 1601 316 Dp
1614 264 1732 295 Μυκη.

73 328 210 368 dietae
236 327 461 368 infusionis
489 325 640 366 unciae
665 330 863 377 quatuor,
887 323 942 364 ad
969 323 1057 364 dies
1085 322 1248 376 aliquot
1279 322 1427 372 factae,
1450 321 1529 361 vir-
1565 307 1717 380 ξ’ῖᾜῦἓὲ·

71 399 211 435 tutem
240 394 465 435 drachmae
493 393 621 435 unius
650 391 828 433 Corticis
855 391 901 431 in
929 391 1099 444 pulvere
1128 389 1306 430 exhibiti
1332 389 1532 429 videntur

72 463 304 503 continere.
367 462 487 504 Quae
515 475 612 501 eum
637 474 716 501 nec
743 460 911 513 ingrata
938 459 1005 510 sit,
1028 472 1106 499 nec
1133 458 1416 499 ventriculum
1439 471 1532 510 pre-

71 535 174 580 mat,
198 530 326 583 duplo
352 529 617 584 frequentius
643 527 838 581 usurpari
864 527 1021 580 poterit
1048 540 1178 581 quam
1205 525 1394 580 reliquae
1422 525 1532 578 ejus-

72 597 169 638 dem
208 597 384 638 remedii
420 597 639 647 formulae,
672 609 824 649 nempe
860 595 994 636 donec
1028 593 1270 648 paroxysmi
1305 597 1427 646 terga
1462 591 1532 632 de-

75 665 230 706 derint.

137 732 270 786 [28]f
299 733 566 786 Quandoque
598 732 750 773 accidit
778 735 828 772 ut
857 731 903 772 in
929 731 1009 772 hoc
1029 730 1179 772 morbo
1204 730 1314 771 male
1339 729 1533 779 formato,
1555 739 1588 770 Si
1604 741 1705 789 quff-

73 800 257 842 necdum
278 801 323 841 in
345 805 496 854 typum
518 801 756 854 regularem
777 803 934 850 evecto,
952 813 1077 852 aeger
1097 798 1150 839 ob
1171 797 1535 839 vomituritionem
1553 787 1662 812 mmm
1678 793 1727 812 ¹¹¹*

1553 826 1693 861 cesserit,

72 869 159 909 fere
181 869 430 909 continuam
453 868 664 908 Corticem
688 867 960 920 deglutitum,
984 880 1236 920 quacunque
1259 866 1432 906 demum
1453 865 1535 905 for·
1554 868 1742 898 laudatahie

73 950 144 976 ma
171 936 433 986 exhibeatur,
456 936 641 976 retinere
663 940 860 989 nequeat.
906 936 960 975 In
988 936 1068 976 hoc
1097 949 1197 975 casu
1224 934 1399 975 vomitio
1420 934 1535 987 prius
1554 911 1705 983 ἓξῖῖὲᾨξξο

74 1009 137 1044 est
159 1003 463 1057 compescenda
492 1018 619 1057 quam
645 1003 800 1044 Cortex
831 1002 1101 1056 propinetur:
1135 1003 1189 1043 ad
1210 1016 1335 1056 quem
1364 1016 1536 1055 scopum
1554 996 1745 1068 Effigffigss'r-

74 1071 293 1112 collimans
314 1071 445 1125 jubeo
471 1076 519 1112 ut
552 1071 685 1112 sexies
706 1072 771 1112 vel
799 1071 929 1112 octies
966 1071 1101 1124 spatio
1127 1071 1308 1111 duarum
1335 1070 1537 1110 horarum
1555 1085 1607 1111 tex
1626 1081 1714 1120 iuge-

75 1139 189 1179 sueci
220 1139 430 1179 limonum
466 1153 613 1180 recens
654 1138 839 1192 expressi
875 1139 1093 1179 cochleare
1133 1153 1270 1178 unum
1311 1152 1408 1179 eum
1440 1137 1538 1177 salis
1555 1124 1682 1154 rendus.

75 1206 280 1246 absinthii
306 1207 504 1260 scrupulo
531 1221 618 1246 uno
648 1210 848 1257 assumat,
884 1206 1038 1247 deinde
1065 1206 1240 1246 laudani
1270 1205 1421 1258 liquidi
1443 1209 1539 1258 gut-

74 1278 140 1314 tas
171 1274 353 1314 sedecim
385 1288 483 1314 eum
514 1288 647 1327 aquae
670 1273 929 1314 cinnamomi
960 1273 1080 1314 fortis
1112 1273 1320 1314 cochleari
1349 1286 1460 1322 uno;
1493 1286 1541 1312 ac

73 1341 190 1381 brevi
228 1346 336 1394 post,
369 1342 405 1382 si
439 1341 623 1382 vomitus
659 1341 897 1392 cessaverit,
930 1355 1057 1381 usum
1088 1341 1278 1382 Pulveris
1315 1340 1541 1380 Peruviani

75 1408 362 1461 aggrediatur.

140 1476 247 1530 [29]
285 1476 368 1517 Pro
383 1476 634 1527 infantibus,
654 1490 833 1530 quorum
851 1480 966 1517 aetas
984 1476 1141 1517 tenella
1157 1476 1249 1516 vng
1264 1475 1371 1515 feret
1391 1479 1441 1515 ut
1457 1475 1539 1515 alia
1558 1483 1698 1532 [fener-ae

75 1544 209 1585 forma
239 1545 319 1585 hoc
352 1545 589 1585 remedium
624 1549 878 1595 assumatur,
906 1544 1073 1598 (saltem
1104 1557 1153 1584 ea
1184 1542 1424 1596 quantitate
1456 1555 1539 1595 qua
1556 1527 1731 1609 ζὲξῖἲξέῗῗ

74 1611 322 1653 devincatur
341 1613 544 1666 morbus,)
571 1627 751 1666 sequens
768 1612 981 1668 julapium
1001 1611 1288 1667 praescribere
1310 1611 1423 1652 soleo
1441 1623 1510 1647 :—
1555 1611 1742 1685 Ιοῖξῐίὶιῐιὶιῖῑέίῗὲ-

1556 1702 1618 1728 tur.

80 1732 213 1777 [Form.
232 1733 329 1779 52.]h
361 1732 401 1784 Β(
430 1735 550 1778 Aquae
568 1734 775 1768 Cerasorum
793 1734 996 1779 Nigrorum,

428 1791 511 1824 Vini
529 1791 704 1830 Rhenani‚
721 1803 789 1825 ana
806 1792 927 1825 uncias
945 1791 1042 1832 duas,

429 1847 576 1881 Corticis
595 1848 779 1881 Pemviani
798 1849 1022 1882 subtilissime
1039 1849 1208 1893 pulverati
1227 1847 1410 1882 drachmas
1425 1853 1504 1888 tres,

431 1904 556 1949 Syrupi
574 1905 885 1950 Caryophyllorum
902 1906 1044 1939 unciam
1061 1917 1168 1939 unam
1182 1919 1190 1945 ;

268 1963 401 2003 Misce;
426 1963 487 1997 fiat
506 1964 701 2008 julapium3
726 1964 843 2008 capiat
868 1963 1044 1997 cochleare
1064 1975 1174 1998 unum
1192 1964 1394 2005 alterumve,
1412 1976 1472 2008 pro
1490 1975 1542 1997 ra-

265 2021 360 2053 tione
378 2020 513 2060 aetatis,
530 2025 653 2064 quarta
678 2031 814 2064 quaque
839 2020 933 2060 hora,
953 2020 1063 2054 donec
1087 2021 1286 2065 paroxysmi
1307 2032 1375 2054 non
1395 2021 1544 2065 amplius

267 2076 495 2115 discrucient3
527 2076 728 2109 instillando
762 2077 904 2110 alternis
936 2076 1089 2117 (losibus‚
1115 2077 1144 2110 si
1171 2077 1350 2111 diarrhoea
1383 2077 1543 2117 adfuerit,

268 2133 430 2167 Laudani
449 2132 593 2177 Liquidi
611 2138 748 2177 guttam
766 2144 873 2166 unani
893 2133 945 2166 vel
963 2132 1059 2166 duas.

145 2229 252 2283 [30.]
292 2229 615 2270 Observandum
637 2234 700 2270 est
721 2229 906 2283 insuper,
923 2229 1047 2283 quod,
1071 2243 1168 2270 cum
1184 2229 1376 2271 breviora
1395 2244 1542 2284 parox-
1563 2239 1721 2290 Quqretin

78 2311 297 2351 ysmorum
330 2296 561 2336 interstitia
591 2296 638 2336 in
668 2297 863 2337 tertianis
897 2301 940 2337 et
968 2297 1226 2350 quotidianis
1253 2297 1541 2338 intermitten-
1561 2288 1704 2366 Ξξγρὲζζῃὲξ

79 2363 195 2404 tibus
223 2378 312 2405 non
337 2363 438 2404 satis
466 2364 668 2417 temporis
700 2365 936 2405 concedant
965 2365 1018 2405 ad
1047 2366 1303 2418 sanguinem
1333 2365 1544 2419 febrifuga
1562 2369 1758 2408 quotidianis

82 2431 260 2472 Corticis
281 2431 439 2472 virtute
459 2432 583 2485 plene
612 2432 937 2483 exaturandum,
960 2433 1051 2473 fieri
1079 2447 1166 2473 non
1188 2437 1327 2486 potest
1348 2438 1397 2473 ut
1419 2447 1544 2487 aeger
1560 2412 1707 2484 fflfflffiss,

80 2500 320 2554 proximum
343 2514 367 2540 a
387 2500 525 2554 prima
546 2501 828 2541 medicatione
849 2514 1149 2554 paroxysmum
1174 2499 1252 2552 (uti
1273 2500 1319 2540 in
1337 2505 1545 2553 quartana
1562 2498 1706 2569 Πὲξῑῐῗῗὸῑ

81 2568 188 2609 solet
210 2568 407 2620 evenire,)
440 2573 555 2609 certo
583 2569 770 2622 effugere
799 2569 934 2609 valcat
947 2585 958 2618 3
993 2567 1067 2608 sed
1093 2568 1139 2607 in
1166 2567 1233 2607 his
1260 2566 1543 2607 medicamen-
1561 2549 1736 2612 {iuiunlcu-

1562 2625 1718 2656 rationem

1562 2668 1706 2699 absolvit.

125 2713 136 2734 f
159 2711 257 2742 Deest
273 2713 287 2750 ᾗ
306 2713 346 2742 28
363 2711 396 2741 in
413 2712 460 2741 ed.
479 2713 540 2741 ’80.
844 2715 923 2751 cipio
938 2715 980 2742 ad
994 2723 1094 2742 casum
1117 2714 1226 2741 tertiae
1245 2713 1355 2750 partis,
1372 2722 1408 2741 ac
1429 2713 1543 2741 colatu—

125 2758 139 2779 Β
162 2757 347 2784 vix—nuum
363 2756 409 2784 vel
425 2754 519 2793 duas]
539 2757 584 2784 vel
603 2767 621 2785 (ι
640 2757 785 2794 pulveris,
846 2767 898 2785 rae
919 2758 1070 2785 cochleare
1095 2765 1183 2783 mmm
1211 2756 1373 2784 alterumve
1399 2756 1443 2784 bis
1468 2759 1546 2784 serve

81 2798 128 2826 vel
142 2795 235 2835 infusi
260 2799 291 2826 in
307 2796 430 2836 frigido
447 2795 540 2835 fite-ti,
559 2808 593 2826 (ἀ
615 2800 787 2836 quantitate
845 2800 882 2827 dc
905 2799 953 2827 die
977 2809 1033 2836 pro
1064 2799 1180 2826 ratione
1210 2799 1321 2826 aetatis
1351 2798 1547 2826 exhibendum

82 2849 142 2878 qua
158 2841 329 2869 dlvincatur
346 2842 472 2874 morbus,
486 2841 661 2878 periclitari
680 2843 786 2878 possit,
848 2851 928 2875 curo,
952 2842 1042 2870 donec
1063 2841 1238 2878 parosysmi
1263 2850 1317 2869 non
1341 2841 1469 2878 amplius
1490 2841 1548 2869 dis-

83 2882 242 2911 draclmme
266 2883 343 2911 duae
368 2884 414 2911 rel
436 2886 496 2911 tres
525 2884 653 2912 corticis
678 2884 707 2911 in
728 2885 790 2912 viui
849 2885 982 2912 crucient
999 2882 1044 2912 ed.
1064 2884 1125 2912 ¹80.

88 2924 201 2954 Gallici
213 2926 300 2954 rubri
312 2925 392 2954 libra
406 2935 464 2953 una
478 2926 684 2963 decoquendus
696 2936 788 2963 prae-
894 2923 906 2942 ¹¹
933 2925 980 2954 Cf.
999 2925 1089 2954 form.
1110 2925 1180 2953 155.
