1985 3308
390 144 475 184 482
807 141 1064 182 THOMAE
1098 137 1439 181 SYDENHAM

222 258 337 289 Emsw.
378 249 591 303 familiari
621 248 691 288 illa
725 254 765 290 et
797 250 916 303 quasi
945 248 1179 303 quotidiana
1211 246 1490 286 consuetudine
1522 258 1643 298 quam
1661 245 1755 298 jam
1781 258 1857 299 per

192 302 363 330 Dssmcm.
391 319 533 358 multos
553 331 679 357 annos
704 317 866 355 invicem
898 316 1120 363 habuimus,
1153 315 1246 354 Tibi
1268 314 1478 366 imprinzi3‚
1493 312 1590 365 plus
1621 325 1742 367 quam
1774 313 1858 351 cui-

391 400 512 440 quam
534 384 774 433 mortalium,
798 390 932 423 notum
954 397 1032 422 esse
1053 388 1241 436 oporteat,
1265 387 1414 435 quanto
1434 395 1522 420 cum
1544 380 1676 419 labore
1697 381 1858 419 notitias

391 453 483 493 illas
510 452 880 507 quantulascunque
907 456 987 489 tam
1021 450 1208 489 historiae
1229 463 1350 503 quam
1379 450 1596 488 curationis
1621 448 1857 496 morborum,

391 523 438 562 de
469 523 612 576 quibus
638 521 781 574 palam
817 520 996 566 disserui,
1034 518 1216 571 indeptus
1232 518 1403 570 fuerim.
1477 517 1592 566 Quae
1618 518 1751 556 omnia
1782 530 1859 556 non

392 590 513 630 simul
542 595 580 628 et
604 588 722 628 semel
750 587 944 640 evulgyavi,
977 585 1046 624 sed
1070 585 1301 639 interposito
1331 599 1530 626 annorum
1561 585 1715 639 aliquot
1737 587 1860 624 inter-

393 658 509 705 vallo,
525 661 651 710 prout
671 657 713 694 in
734 653 951 708 aliqualem
972 652 1181 692 eorundem
1203 654 1459 708 coquitionem
1473 654 1681 707 pervenire
1701 652 1858 692 tandem

386 728 596 781 potuerim.
660 724 768 763 Istas
796 736 886 761 vero
916 721 1202 762 observationes
1231 737 1338 762 meas
1365 724 1425 762 ila
1458 736 1622 762 mancas
1654 727 1692 760 et
1715 722 1860 775 imper-

381 796 519 849 fectas
549 807 628 832 esse
646 791 801 845 judico,
831 795 876 829 ut
902 804 960 828 me
991 791 1118 844 maqis
1148 804 1286 829 earum
1311 791 1478 844 pudeat,
1507 804 1628 844 quam
1661 795 1706 829 ut
1735 789 1858 829 ullam

393 862 529 902 exinde
550 859 706 899 laudem
728 858 826 897 milii
854 872 1058 912 quaeram.
1131 858 1233 898 Utut
1259 873 1297 898 se
1325 873 1386 898 res
1417 858 1572 906 haheat,
1595 858 1697 897 illud
1721 857 1859 896 saltem

395 933 435 970 in
458 931 532 969 mei
551 928 839 968 excusationem
865 932 996 980 potest
1022 927 1190 980 adferri,
1214 928 1330 982 quod,
1355 928 1442 967 licet
1462 929 1627 982 triqinta
1649 940 1859 975 annorum,

395 1005 432 1038 et
461 997 567 1052 quod
597 996 785 1043 emcurrit,
814 996 1002 1048 spatium,
1035 995 1176 1049 quibus
1203 1010 1270 1050 eqo
1299 1010 1375 1035 non
1409 995 1661 1049 indiliqenter
1684 997 1726 1035 in
1755 1009 1861 1034 mor-

395 1068 532 1106 borum
568 1064 832 1104 observatione
863 1063 1065 1112 versabar,
1101 1064 1279 1118 sufficere
1310 1078 1428 1116 posse
1467 1064 1649 1104 videatur
1681 1064 1737 1103 ad
1775 1077 1862 1103 ma-

381 1137 526 1188 jorem,
549 1147 669 1187 quam
691 1133 731 1170 in
752 1145 885 1170 eorum
907 1132 1124 1185 coynitione
1154 1146 1222 1186 eqo
1239 1133 1340 1186 feci,
1359 1133 1584 1186 profectum
1592 1131 1833 1185 faciendum
1845 1146 1861 1178 ,-

397 1208 571 1242 attamen
600 1199 713 1239 haud
737 1205 879 1239 temere
907 1199 1075 1253 affirmo,
1105 1201 1220 1254 quod,
1248 1201 1338 1240 licet
1365 1201 1437 1240 hoc
1468 1201 1652 1254 temporis
1687 1200 1862 1252 spatium

391 1270 486 1323 plus
523 1282 643 1322 quam
681 1267 856 1321 sufficiat
884 1267 940 1306 acl
966 1268 1165 1308 cerebrum
1196 1269 1445 1308 theorematis
1472 1275 1510 1308 et
1538 1268 1762 1308 commentis
1776 1266 1864 1318 fic-

396 1340 493 1378 titiis
513 1352 558 1376 er
579 1336 792 1376 authorum
815 1336 924 1375 libris
945 1336 1113 1377 collectis
1133 1336 1255 1392 (quae
1275 1339 1407 1378 omnia
1429 1352 1504 1378 non
1534 1339 1664 1392 maqis
1684 1337 1741 1377 ad
1758 1349 1864 1375 mor-

396 1409 534 1448 borum
563 1407 806 1445 curationem
829 1406 1011 1459 faciunt,
1041 1420 1163 1460 quam
1184 1407 1379 1461 pinqendi
1405 1422 1474 1447 ars
1507 1407 1563 1446 ad
1591 1413 1720 1447 artem
1751 1406 1865 1444 navi—

392 1476 549 1531 ssandi)
580 1475 704 1529 plane
744 1475 997 1522 obruendum,
1030 1482 1205 1516 attamen
1248 1491 1294 1516 ne
1334 1475 1668 1531 quadruplicatus
1707 1473 1862 1528 quidem

397 1547 538 1585 borum
573 1555 771 1583 annorum
804 1555 1002 1590 numerus,
1037 1545 1156 1583 etiam
1191 1545 1232 1584 in
1258 1545 1411 1584 homine
1437 1543 1758 1597 occupationibus
1785 1554 1864 1580 me·-

396 1616 495 1655 slieis
521 1613 835 1659 distractissinw,
858 1613 956 1651 satis
987 1614 1062 1651 erit
1081 1613 1137 1652 ad
1155 1614 1317 1653 eundem
1339 1615 1380 1653 in
1402 1614 1509 1652 omni
1528 1611 1714 1651 ssledicae
1733 1611 1862 1658 Artis,

397 1696 560 1736 quaqua
585 1686 711 1734 patet,
735 1681 905 1719 circuitu
933 1681 1007 1719 rite
1027 1681 1328 1733 perficiendum.
1392 1681 1486 1735 qu
1512 1680 1652 1720 saltem
1676 1692 1754 1732 pro
1782 1692 1865 1717 meo

396 1751 552 1791 modulo
573 1763 723 1789 omnem
747 1763 868 1803 quam
892 1750 1008 1802 potui
1031 1764 1191 1803 operam
1220 1751 1321 1789 istuc
1349 1749 1498 1789 contuli
1518 1754 1564 1788 ut
1581 1748 1865 1787 observationes

396 1834 517 1873 quam
538 1818 864 1857 accuratissimus
885 1817 1115 1871 colliqerem,
1138 1832 1239 1871 quas
1266 1819 1348 1857 sine
1376 1831 1488 1857 mora
1503 1817 1647 1870 praelo
1668 1815 1866 1855 mandan-

396 1889 470 1926 das
498 1887 649 1933 curavi,
673 1891 729 1933 ut,
752 1886 786 1923 si
813 1885 912 1938 quid
938 1885 1032 1924 utile
1061 1885 1260 1933 haberent,
1283 1885 1327 1924 id
1352 1885 1485 1924 statim
1509 1883 1670 1938 publico
1691 1883 1864 1922 cederet.-

397 1972 477 2011 qua
499 1958 539 1996 in
561 1971 603 1995 re
624 1968 713 1994 eum
734 1967 816 1993 meo
845 1969 1004 1994 munere
1029 1968 1104 2007 pro
1125 1954 1233 1993 virili
1253 1955 1465 2007 defunctus
1479 1955 1573 2007 jam
1598 1953 1697 1992 milii
1716 1952 1864 1999 videar,

398 2025 612 2078 acquiescit
631 2024 790 2062 animus
812 2036 930 2070 meus,
954 2022 1057 2061 m'lzz'l
1067 2036 1193 2075 porro
1213 2022 1404 2062 sollicitus
1424 2035 1500 2075 quo
1530 2022 1572 2060 in
1603 2020 1684 2059 loco
1704 2020 1754 2059 ab
1775 2019 1867 2059 aliis

399 2093 622 2132 habeantur
653 2106 738 2130 mea
764 2092 927 2144 scripta.
990 2091 1084 2130 Hoc
1114 2097 1270 2131 tantum
1292 2091 1409 2139 addo,
1432 2091 1549 2145 quod,
1572 2091 1701 2138 sicuti,
1723 2091 1760 2129 si
1778 2090 1867 2144 quis

399 2177 445 2200 ua
467 2160 688 2214 neqleoeerit,
711 2160 811 2199 milii
830 2174 876 2199 ne
896 2160 1022 2200 hilum
1051 2163 1238 2209 nocuerit,
1262 2162 1320 2200 ita
1351 2163 1421 2215 qui
1450 2161 1568 2200 semel
1593 2167 1749 2201 tantum
1769 2177 1866 2216 per-

401 2230 546 2283 leyerit,
562 2228 675 2268 haud
689 2228 862 2268 multum
876 2229 1013 2268 erinde
1031 2229 1244 2282 proficietc.
1291 2229 1372 2268 Sed
1386 2235 1431 2268 ut
1445 2229 1542 2268 baec
1558 2231 1679 2269 missa
1687 2230 1862 2282 faciam,

400 2298 554 2336 obsecro
579 2297 649 2344 Te,
674 2295 978 2336 Humanis-sime
1004 2296 1089 2345 Vir,
1113 2304 1157 2337 ut
1187 2297 1471 2337 Tractatulum
1496 2299 1601 2338 liunc
1622 2301 1740 2354 aequi
1758 2300 1867 2339 boni-

401 2380 476 2419 que
507 2365 704 2413 consulas,
730 2379 806 2419 quo
837 2371 1021 2405 testatum
1049 2381 1129 2406 esse
1160 2367 1266 2406 volui
1296 2373 1445 2421 quanto
1476 2368 1534 2407 Te
1563 2369 1708 2408 honore
1728 2384 1868 2423 prose-

401 2447 530 2487 quor3
562 2433 669 2487 quod
690 2435 850 2486 pariter
867 2434 1040 2486 faciunt
1064 2436 1181 2474 etiam
1214 2436 1244 2474 ii
1267 2449 1397 2475 omnes
1427 2436 1568 2490 quibus
1599 2437 1710 2490 lonqe
1736 2438 1867 2478 minus

401 2515 521 2555 quam
554 2501 653 2540 milii
669 2508 880 2555 perspecta
910 2508 968 2542 est
993 2504 1120 2542 virtus
1159 2503 1281 2545 Tua:
1314 2519 1435 2559 neque
1451 2507 1550 2559 jure
1578 2508 1714 2546 merito
1735 2508 1867 2547 emisti-

402 2584 512 2608 mare
532 2571 621 2623 quis
637 2575 777 2623 potest,
796 2585 856 2610 me
875 2569 966 2625 (qui
990 2572 1065 2611 Tui
1084 2573 1310 2613 nullatenus
1331 2574 1519 2628 indz'yeo,)
1545 2575 1638 2615 Tibi
1656 2579 1864 2626 assentari,

404 2651 492 2676 cum
506 2637 650 2691 palam
668 2639 876 2692 profitear,
896 2640 1013 2694 quod,
1031 2642 1150 2680 sicuti
1170 2642 1210 2681 in
1231 2656 1277 2681 ea
1298 2655 1420 2696 quam
1440 2657 1590 2682 eccerces
1606 2643 1707 2683 Arte
1723 2646 1870 2685 nemini

403 2706 596 2745 secundus
617 2708 682 2755 sis,
711 2707 771 2759 (ut
789 2709 956 2749 modeste
976 2709 1152 2764 loquar,)
1175 2712 1230 2751 ita
1259 2725 1411 2751 morum
1443 2714 1667 2767 inteqritate
1687 2714 1868 2755 honesta-

405 2780 514 2828 teque
536 2776 707 2830 undique
728 2777 1019 2818 absolutissima
1048 2781 1287 2833 omnesfire
1307 2795 1474 2834 quorum
1501 2796 1569 2836 eqo
1593 2783 1868 2823 consuetudine

409 2857 579 2896 unquam
615 2858 706 2883 usus
725 2846 884 2898 fuerim
916 2862 1084 2900 superes.
1149 2848 1238 2887 Diu
1268 2849 1378 2888 vii-as
1400 2856 1492 2903 post
1522 2865 1606 2889 mea
1626 2851 1741 2903 fata,
1764 2857 1801 2890 ct
1827 2853 1866 2891 in

945 2938 958 2954 ⁰
985 2934 1032 2963 (Τ.
1057 2935 1156 2964 Tract.
1177 2935 1217 2963 ΙΙ.
1238 2937 1252 2973 §
1271 2936 1321 2966 43.
