1985 3308
361 143 447 183 314
786 139 1042 181 THOMAE
1077 137 1416 179 SYDENHAM

182 261 236 291 Da
255 260 330 290 Luc
363 249 462 290 licet
494 248 788 302 quadantenus
819 246 1056 296 subactum,
1090 259 1139 285 ex
1170 244 1380 285 levissima
1411 254 1578 296 quaque
1609 238 1828 280 occasione

160 305 344 334 Veserim.
369 318 409 370 (a
428 321 533 371 potu
554 316 711 356 scilicet
732 315 878 365 nimio,
894 320 967 354 aut
989 313 1188 353 exercitio
1211 311 1398 365 quolibet
1419 307 1738 357 vehementiori,
1754 310 1828 346 aut

346 385 494 425 'simili
522 384 632 436 alia,)
657 397 784 424 novas
810 383 965 423 excitat
986 380 1237 433 tragoedias,
1262 377 1539 419 Gonorrhoea
1567 374 1829 429 postliminio

366 453 704 502 recrudescente,
727 451 762 491 si
791 464 944 503 nempe
967 463 1092 502 aeger
1118 448 1359 488 catharseos
1389 444 1629 486 molestiam
1660 443 1830 495 defuge-

367 521 438 571 rit,
460 520 654 561 nondum
676 519 885 571 extirpato
906 516 1110 557 radicitus
1132 514 1294 554 morbo.

166 590 255 622 Quid
271 590 325 638 d?-
435 587 543 642 [15.]
576 587 621 626 Si
641 591 736 640 post
757 584 1004 638 hujusmodi
1024 582 1323 636 purgationem
1341 579 1619 621 Gonorrhoea
1638 577 1834 619 nondum

165 633 328 705 fflgssffii
371 655 506 705 cedat,
530 669 581 695 ex
600 668 681 693 usu
701 653 781 693 crit
802 653 894 692 loco
920 651 1150 704 pilularum
1176 649 1373 701 (maxime
1389 649 1435 688 in
1455 648 1507 688 iis
1529 647 1601 700 qui
1623 645 1835 686 difficilius

165 717 348 758 purgationi
372 722 641 777 purgantur)
666 719 882 773 potentius
912 718 1083 771 aliquod
1103 717 1464 757 medicamentum
1495 714 1674 755 subinde
1701 713 1833 753 inter-

167 770 354 832 irliinGccfiigi:
374 790 523 839 calare,
567 787 804 841 cujusmodi
851 791 913 826 est
958 785 1076 838 potio
1117 798 1310 837 sequens,
1349 796 1454 836 quae
1495 781 1625 822 semel
1663 784 1837 820 tantum

168 845 280 875 rhoea:
373 857 528 897 hausta
566 854 701 907 magis
743 852 970 906 aliquando
1010 852 1110 893 feeit
1152 851 1206 892 ad
1246 850 1478 891 sistendam
1515 848 1837 890 Gonorrhoeam

376 938 504 978 quam
523 922 688 963 leniora
708 920 942 962 cathartica
963 932 1268 973 saepenumero
1288 919 1457 971 ingesta
1471 933 1540 957 :—

378 1026 511 1070 [ΓΜ-ιη.
531 1024 630 1070 59.]¹¹
663 1023 704 1074 H
731 1024 1024 1058 Tamarindorum
1042 1024 1282 1064 semiunciam,

727 1081 906 1116 Foliorum
925 1081 1061 1115 Sennae
1080 1081 1262 1115 drachmas
1280 1080 1378 1121 duos,

729 1139 819 1172 Rhei
837 1139 1155 1184 sesquidrachmam
1172 1152 1179 1178 ;

563 1196 684 1241 Coque
696 1195 890 1229 sufficiente
901 1196 1096 1240 quantitate
1109 1205 1238 1239 aquae;
1263 1194 1437 1227 celaturae
1452 1192 1564 1226 unciis
1575 1192 1684 1225 tribus
1695 1189 1841 1224 dissolve

730 1253 899 1293 Manliae,

730 1310 856 1355 Syrupi
874 1310 1046 1344 Rosarum
1066 1309 1225 1346 Solutivi,
1242 1320 1310 1342 ana
1327 1309 1468 1342 unciam
1487 1318 1609 1347 unam,

731 1366 857 1411 Syrupi
876 1365 918 1399 de
938 1366 1048 1410 Spina
1065 1366 1228 1406 Cervina,

732 1423 922 1457 Electum-ii
940 1435 958 1457 e
977 1424 1089 1457 Succo
1107 1422 1289 1463 Rosarum,
1308 1433 1375 1455 aua
1393 1421 1577 1455 drachmas
1596 1420 1703 1459 ‹luas;

568 1482 702 1517 Misce:
728 1481 789 1514 fiat
805 1481 912 1526 potio.

382 1596 477 1647 Vel,
510 1593 745 1636 curationei
780 1593 944 1634 tardius
979 1593 1247 1647 procedente,
1285 1593 1410 1634 detm·
1440 1592 1608 1633 turbith
1641 1590 1845 1631 minerale

384 1663 438 1704 ad
469 1676 602 1716 grana
626 1666 721 1702 octo
750 1666 923 1701 tantum
952 1660 1018 1701 bis
1049 1662 1114 1701 vel
1141 1667 1220 1711 ter,
1247 1661 1389 1714 (idque
1420 1660 1671 1714 interposito
1703 1658 1847 1699 debito

383 1729 586 1782 temporis
608 1728 756 1782 spatio,
779 1742 833 1768 ne
854 1728 963 1768 forte
992 1728 1208 1768 oboriatm·
1229 1729 1510 1782 ptyalismus)
1538 1728 1650 1781 quod
1675 1726 1848 1781 quidem

383 1796 621 1837 remedium
652 1796 698 1835 in
731 1795 983 1836 eradicanda
1013 1797 1289 1838 Gonorrhoea
1315 1798 1585 1851 perxicaciori
1614 1797 1736 1838 facile
1762 1796 1847 1850 pri-

384 1878 475 1904 mas
505 1863 601 1904 fert.
662 1862 771 1902 Velk
797 1862 861 1903 bis
886 1863 932 1902 in
960 1864 1198 1917 septimana
1221 1865 1378 1918 pilulae
1406 1870 1632 1919 sequentes
1660 1863 1850 1905 exhiberi

385 1935 590 1985 poterunt
607 1946 675 1971 :—

389 2019 520 2060 [Form.
539 2018 631 2064 60.]¹
667 2017 708 2061 R
737 2018 931 2053 Pilularum
950 2031 993 2054 ex
1011 2021 1160 2055 Duobus
1175 2022 1477 2063 semidrachmam‚

740 2075 908 2110 Mercurii
927 2077 1052 2112 Dulcis
1069 2080 1270 2124 scrupulum
1289 2092 1413 2121 unum,

739 2144 819 2167 cum
837 2134 1029 2169 sufficiente
1047 2138 1244 2180 quantitate
1263 2136 1489 2181 Opobalsami
1504 2150 1511 2177 ;

577 2189 683 2223 Fiant
699 2190 828 2234 pilulae
846 2196 1004 2235 quatuor,
1022 2193 1212 2227 sumendae
1228 2205 1362 2228 summo
1379 2205 1493 2227 mane.

188 2311 265 2359 qaid
282 2310 315 2340 in
454 2293 562 2348 [16.]
601 2293 679 2334 Est
711 2298 855 2334 autem
874 2293 950 2334 ubi
971 2309 1096 2349 aeger
1117 2309 1141 2336 a
1168 2296 1353 2336 catharsi
1381 2296 1494 2336 dicto
1515 2295 1641 2337 modo
1670 2295 1853 2349 repetita

187 2354 328 2425 ὀἳᾚῇὸῐῖ-
390 2374 527 2413 usque
553 2359 657 2400 adeo
683 2359 895 2411 abhorret,
917 2366 966 2401 ut
996 2375 1052 2402 ne
1083 2368 1357 2416 conspectum
1379 2364 1563 2417 quidem,
1585 2364 1648 2404 vel
1680 2363 1852 2404 odorem

393 2428 543 2477 solum,
576 2427 863 2467 remediorum
897 2428 1007 2468 ferre
1039 2434 1179 2482 queat.
1240 2431 1318 2470 Est
1352 2431 1481 2471 etiam
1512 2430 1588 2471 ubi
1620 2445 1772 2484 corpus
1803 2443 1854 2471 ex

395 2493 716 2550 ἰδιοσυγκρασίᾳ
733 2495 915 2548 quadam
930 2496 991 2536 ita
1011 2497 1285 2550 pertinaciter
1300 2497 1584 2551 purgantibus
1600 2497 1853 2551 refragatur,

393 2568 443 2603 ut
466 2562 609 2603 debita
635 2563 850 2616 peccantis
879 2563 1070 2604 humoris
1093 2565 1309 2617 quantitas
1337 2570 1521 2618 nequeat
1548 2565 1670 2606 educi
1683 2582 1694 2615 ς
1727 2569 1855 2618 atque

394 2630 468 2680 ita,
492 2629 594 2669 dum
621 2630 854 2682 impensius
882 2630 928 2670 in
959 2631 1039 2671 hoc
1065 2631 1283 2673 laboratur
1303 2633 1422 2673 nullo
1444 2647 1542 2673 cum
1562 2632 1719 2683 fructu,
1741 2632 1856 2672 Lues

394 2696 572 2737 tandem
593 2695 771 2750 obrepit,
796 2711 902 2750 quae
924 2712 994 2738 eos
1020 2699 1261 2752 saepissime
1290 2714 1436 2753 aegros
1459 2700 1650 2740 adoritur
1675 2711 1857 2754 quorum

397 2777 573 2818 corpora
594 2764 837 2805 catharticis
858 2764 1010 2805 fortius
1031 2765 1259 2807 obsistunt.
1322 2766 1432 2806 Cum
1452 2766 1514 2806 ita
1535 2780 1578 2806 se
1599 2780 1666 2807 res
1686 2765 1855 2817 habeat,

440 2862 452 2881 ¹¹
479 2863 527 2893 Cf.
538 2863 703 2899 formai-S,
716 2865 766 2899 24,
779 2865 831 2901 97,
846 2865 915 2900 101,
930 2865 1082 2901 103,118,
1093 2866 1163 2896 212.
1225 2867 1239 2888 ¹¹
1269 2865 1467 2905 Vel—mane]
1485 2875 1547 2895 om.
1564 2865 1611 2895 ed.
1629 2866 1692 2895 ’80.

442 2905 448 2923 ¹
473 2906 753 2945 curan—procerit]
771 2917 832 2936 om.
850 2907 896 2936 ed.
914 2908 976 2937 ’80.
1226 2907 1231 2926 ¹
1258 2907 1308 2938 Cf.
1325 2908 1415 2938 form.
1434 2909 1507 2938 222.
