1985 3308
521 160 860 203 PROCESSUS
895 158 1165 200 INTEGRI.
1488 159 1568 199 571

113 266 244 307 [For-m.
268 270 371 310 11·3»7.]1
420 265 460 316 R
488 267 683 301 Conservae
702 266 842 300 Florum
862 265 1011 305 Salviae,
1601 267 1653 296 Dr:
1671 267 1764 296 Apo-

487 324 720 367 [Conservae]
740 322 980 362 Roriffinarini,
997 331 1066 355 ana
1082 320 1223 354 unciam
1243 329 1361 359 unam,
1590 357 1605 359 a
1617 318 1763 359 Plffiffl‘ll

485 382 681 415 Conservae
701 379 899 413 Flavedinis
916 377 1167 412 Aurantiorum
1185 375 1368 410 drachmas
1384 386 1456 415 sex,

485 439 518 472 N
523 440 596 473 ucis
613 438 819 472 Moschatae
837 436 1009 476 conditae,

487 496 688 529 Zinzibcris
703 494 846 535 conditi,
864 505 933 527 ana
948 491 1190 531 semiunciam,

487 554 516 587 T
519 554 677 588 heriacae
694 552 929 586 Andromachi
947 551 1070 584 veteris
1087 548 1271 583 drachmas
1288 547 1385 588 duas,

489 611 645 644 Pulveris
662 610 852 644 Electriarii
871 609 1073 649 Diambrae,

491 667 684 709 [Pulveris]
705 666 921 701 Diamoschu
941 665 1076 705 Dulcis,
1093 674 1161 698 ana
1178 662 1379 697 drachmam
1398 673 1518 702 uuam,

487 737 566 758 cum
578 724 763 758 sufficienti
776 725 974 768 quantitate
986 722 1113 768 Syrupi
1126 731 1145 754 e
1158 719 1354 754 Conditura
1367 720 1554 753 Citriorum
1569 733 1576 758 ;

304 782 383 817 Fiat
399 784 534 827 opiata:
568 784 683 828 capiat
708 782 752 816 ad
777 781 1060 826 magnitudinem
1090 784 1271 813 castaneae
1300 790 1403 812 mane
1428 784 1463 812 et
1490 789 1575 818 sero,

300 840 555 886 superbibendo
573 841 694 885 Aquae
713 840 931 885 Epilepticae
951 839 1078 883 Langii
1097 837 1291 871 cochlearia
1309 835 1387 870 duo.

117 919 249 964 [Form.
272 923 366 964 158]
424 919 463 970 R
491 921 641 954 Ambrae
659 920 804 954 Griseae
821 918 1121 958 semidrachmam,

490 978 567 1011 Olei
586 977 753 1011 destillati
771 976 951 1010 Seminum
970 975 1082 1014 Anisi,

490 1033 604 1079 [Olei]
625 1034 863 1074 Cinnamomi,

490 1093 604 1133 [Olei]
624 1092 736 1125 Nucis
754 1090 972 1131 Moschatae‚
990 1101 1057 1124 ana
1074 1095 1192 1134 guttas
1209 1088 1307 1129 duas,

490 1149 569 1184 Olei
587 1149 896 1195 Caryophyllorum
916 1154 1055 1192 guttam
1074 1158 1193 1187 unam,

495 1206 659 1239 Sacchari
683 1207 719 1239 in
752 1207 854 1250 Aqua
883 1204 1025 1238 Florum
1051 1204 1298 1238 Aurantiorum
1332 1203 1435 1237 soluti
1462 1203 1582 1236 uncias

537 1275 687 1313 quatuor
701 1282 708 1308 ;

305 1326 409 1361 Fiant
426 1325 617 1360 secundum
635 1331 744 1359 artem
762 1325 922 1366 tabellae,
940 1335 1088 1369 quarum
1107 1325 1223 1369 capiat
1246 1335 1351 1357 unam
1369 1323 1414 1357 ad
1430 1324 1580 1358 libitum.

182 1407 261 1462 [7.]
290 1407 358 1448 Ab
375 1421 456 1447 usu
476 1411 602 1460 potus
626 1405 906 1458 generosioris
928 1404 1112 1458 cujusvis
1135 1403 1213 1444 sibi
1234 1406 1444 1456 temperet
1457 1419 1469 1452 3
1491 1416 1580 1443 ves·
1600 1412 1716 1460 Diaeta

118 1481 240 1517 catur
256 1476 432 1531 jusculis
454 1474 685 1524 avenaceis,
703 1473 959 1523 hordeaceis,
981 1477 1031 1513 ut
1053 1477 1095 1513 et
1118 1486 1169 1513 ex
1188 1471 1314 1525 pullis
1337 1470 1580 1524 gallinaceis
1599 1454 1703 1494 quahs
1717 1464 1786 1484 eon-

1599 1498 1715 1527 veniat.

117 1545 333 1594 confectis,
357 1549 399 1584 et
426 1543 681 1597 quandoque
713 1542 842 1582 etiam
868 1541 1106 1594 (praecipue
1134 1540 1247 1580 inter
1273 1539 1575 1593 purgandum,)

119 1626 246 1654 carne
267 1612 495 1667 pullorum,
519 1624 740 1665 agnorum,
764 1624 812 1650 ao
832 1609 875 1650 id
898 1623 1032 1663 genus
1055 1608 1247 1649 ciborum
1268 1610 1502 1660 eupeptwn.

678 1796 806 1836 CAP.
841 1794 1013 1835 XVIII.

664 1904 728 1943 De
754 1903 1028 1954 Ophtlzalmz'a.

178 1996 245 2036 Ex
264 1995 482 2036 oculorum
505 1992 843 2033 inflammatione
864 1995 995 2045 patet.

178 2064 384 2104 Mittatur
406 2062 578 2115 sanguis
596 2075 618 2101 e
634 2059 807 2101 brachio
829 2059 882 2099 ad
902 2058 1049 2098 uncias
1071 2057 1230 2097 decem.
1286 2055 1491 2109 Sequenti
1515 2055 1581 2096 die
1600 2068 1771 2098 euxuro.

123 2138 263 2173 sumat
281 2131 506 2171 Potionem
525 2129 802 2182 Purgativam
820 2127 1118 2176 Communem,
1137 2139 1244 2179 quae
1265 2123 1497 2177 repetenda
1517 2128 1580 2164 est

122 2215 196 2254 per
217 2200 320 2239 duas
339 2199 440 2239 alias
460 2199 585 2247 vices,
601 2196 767 2237 duobus
790 2195 938 2236 diebus
959 2193 1220 2247 interpositis
1234 2209 1244 2242 3
1275 2191 1427 2232 iisdem
1447 2191 1580 2231 nocti-

122 2268 203 2308 bus
245 2272 386 2307 sumat
435 2266 638 2306 haustum
678 2263 971 2319 paregoricum
1012 2276 1064 2302 ex
1104 2261 1249 2316 syrupi
1289 2259 1341 2300 de
1390 2258 1582 2299 meconio

122 2335 247 2376 uncia
268 2349 366 2374 una.

180 2403 342 2445 Diebus
375 2416 397 2442 a
428 2401 682 2455 purgatione
716 2400 857 2441 vacuis
892 2403 1032 2439 sumat
1059 2402 1125 2438 ter
1157 2401 1231 2437 aut
1263 2399 1412 2449 quater
1440 2393 1487 2434 in
1514 2393 1582 2435 die

123 2471 270 2512 uncias
303 2476 485 2524 quatuor
513 2469 760 2511 emulsionis
783 2483 831 2509 ex
859 2467 1071 2508 seminum
1091 2464 1343 2518 frigidorum
1371 2462 1581 2516 majorum

122 2546 164 2581 et
185 2539 401 2594 papaveris
423 2538 520 2579 albi.

121 2630 256 2670 [lv'nrm.
278 2632 372 2673 189]
431 2626 470 2677 R
499 2629 622 2673 Aquae
641 2627 871 2672 plantaginis,

503 2683 660 2730 [Aquae]
681 2685 851 2718 Rosarum
871 2683 1080 2722 Rubrarum,

499 2745 656 2788 [Aquae]
678 2743 870 2788 spermatis
887 2742 1066 2776 Ranarum
1096 2751 1163 2774 ana
1181 2739 1320 2773 unciam
1338 2748 1457 2777 unam,

498 2801 653 2834 Pulveris
671 2800 797 2834 'l'utiae
815 2800 1011 2845 praeparati
1030 2798 1231 2832 drachmam
1250 2807 1377 2834 unam;

312 2860 390 2893 Fiat
408 2859 600 2902 collyrium,
615 2858 714 2902 cujus
733 2864 854 2902 guttae
872 2857 1009 2901 aliquot
1026 2854 1240 2889 instillentur
1254 2853 1363 2886 oculis
1380 2852 1432 2885 bis
1449 2851 1483 2884 in
1504 2849 1559 2883 dic
1574 2863 1580 2883 2

307 2926 343 2952 at
360 2929 428 2951 nou
448 2917 686 2962 incipiendum
705 2917 772 2950 nisi
791 2923 866 2961 post
886 2916 1032 2960 primam
1051 2913 1307 2958 purgationem.
