1985 3308
528 147 866 189 PROCESSUS
899 147 1167 188 INTEGRI.
1491 151 1575 193 609

117 253 277 304 morbo,
300 254 368 295 cui
394 267 638 308 praegressa
662 253 810 308 hyems
831 253 941 293 viam
967 257 1184 304 straverat,
1207 254 1432 296 extinctus.
1495 259 1575 298 At·
1594 270 1701 301 Tuus
1715 271 1783 302 Dn-

119 334 202 375 que
221 321 325 362 haec
346 325 409 362 cst
430 321 654 375 praecipua
673 321 799 362 Tabis
820 321 991 375 species.
1604 323 1774 386 ἓζῐζὲῑῗξ

182 388 262 442 [2.]
299 389 432 429 Porro
455 402 552 429 cum
573 388 745 442 sanguis
771 388 851 429 hac
875 393 1127 442 tempestate
1150 389 1367 442 particulis
1388 389 1574 432 humidis

118 456 348 498 admodum
369 462 540 507 scateat,
555 457 888 511 perspiratioque
904 471 929 498 a
944 457 1085 498 subita
1103 472 1304 512 pororum
1321 462 1574 502 contractio-

118 537 173 565 ne
188 524 283 578 plus
305 525 406 565 satis
426 525 684 575 inhibeatur,
702 525 932 579 particulae
952 525 1032 566 hae
1053 525 1099 566 in
1119 527 1342 580 pulmones
1365 528 1575 582 depluunt

117 605 192 645 per
211 592 488 646 interspersos
509 607 640 634 venae
664 593 911 634 arteriosaet
930 607 1069 634 ramos
1083 611 1094 645 ς
1125 595 1190 635 vel
1210 609 1285 648 pcr
1305 595 1458 637 ductus
1480 598 1575 638 sali-

116 659 229 700 vales
268 661 314 700 in
355 660 567 714 glandulis
601 660 742 701 fauces
778 661 1083 714 occupantibus
1124 668 1415 716 reponuntur,
1461 665 1576 705 unde

111 727 202 781 jam
223 728 377 769 humor
403 742 478 782 per
499 741 689 781 asperam
710 729 935 769 arteriamu
959 729 1153 782 delapsus
1174 730 1221 770 in
1248 731 1485 784 pulmones,
1508 747 1575 773 ca-

116 795 251 835 tarrhi
270 795 370 846 ritu,
392 809 462 836 eos
482 795 544 835 ita
569 795 730 849 jugiter
756 795 905 846 irritat,
927 801 977 837 ut
999 796 1144 838 creber
1171 802 1214 838 et
1234 798 1461 840 vehemens
1485 805 1575 840 tus-

116 863 253 904 siendi
273 869 449 905 conatus
476 868 571 904 tum
597 864 714 904 illam
743 863 1018 915 debilitatem,
1040 869 1134 905 tum
1155 865 1237 906 alia
1264 880 1370 920 quac
1393 866 1575 907 diximus

117 936 413 984 symptomata,
434 931 552 972 brevi
572 936 769 972 accersat.
818 931 1011 986 Cumque
1032 946 1119 974 non
1136 933 1227 986 jam
1249 934 1429 987 amplius
1449 939 1575 974 natu-

114 998 248 1039 ralem
283 999 364 1040 sibi
393 999 614 1053 pulmones
651 1000 939 1041 oeconomiam
976 1006 1218 1054 statumque
1251 1002 1363 1043 tucri
1393 1003 1574 1053 valeant,

116 1066 342 1120 glandulae
371 1072 412 1108 et
433 1067 656 1108 tubercula
676 1067 848 1108 adnasci
869 1068 1030 1118 solent,
1064 1083 1170 1122 quae
1194 1069 1240 1109 in
1268 1070 1403 1123 aegris
1425 1084 1476 1110 ex
1495 1071 1576 1111 hoc

115 1135 264 1176 morbo
285 1135 601 1186 decedentibus,
620 1136 655 1176 si
675 1136 933 1189 aspiciantur
954 1136 1189 1190 pulmones,
1211 1138 1439 1191 purulenta
1461 1138 1576 1179 sanic

114 1208 164 1243 ut
183 1204 416 1257 plurimum
438 1204 624 1244 distenta
643 1205 926 1258 reperiuntur.

180 1271 258 1326 [3.]
297 1271 387 1313 Ubi
417 1272 547 1312 semel
580 1272 806 1313 invaluerit
836 1272 905 1313 hic
940 1273 1126 1324 morbus,
1157 1278 1199 1315 et
1230 1274 1391 1316 radices
1428 1275 1574 1328 egerit,
1596 1279 1770 1309 cimmo.

113 1339 301 1380 remedia
339 1339 589 1393 plerumque
636 1344 899 1393 aspernatur.
961 1340 1133 1382 Tentari
1177 1347 1396 1396 utcunque
1436 1348 1576 1396 potest

113 1407 352 1458 medicatio,
369 1407 603 1448 minuendo
625 1421 796 1448 causam
818 1407 1066 1449 defluxionis
1082 1409 1129 1449 in
1149 1410 1385 1463 pulmones,
1403 1416 1578 1464 pertusa

113 1475 159 1515 in
199 1475 345 1516 cubito
379 1489 499 1526 vena,
536 1475 777 1516 catharticis
807 1475 1046 1516 mitioribus
1059 1494 1072 1527 ,-
1117 1482 1212 1517 tum
1252 1479 1575 1520 medicamentis

104 1543 383 1595 pectoralibus
423 1542 559 1593 dictis,
602 1542 655 1583 ad
695 1543 830 1583 varios
870 1542 1008 1583 morbi
1056 1548 1192 1584 status
1234 1545 1574 1595 accommodatis,

112 1610 444 1653 incrassantibus
481 1610 639 1651 scilicet
679 1610 756 1650 ubi
789 1610 944 1651 humor
980 1610 1175 1651 subtilior
1212 1616 1253 1652 et
1287 1613 1457 1653 tenuior
1491 1613 1575 1653 vim

113 1679 356 1733 expultricis
406 1678 621 1719 facultatis
668 1678 835 1719 videtur
875 1678 1059 1728 eludere,
1105 1680 1431 1721 attenuantibus
1478 1694 1577 1721 vero

112 1746 188 1787 ubi
217 1747 374 1800 pituita
404 1746 580 1787 crassior
610 1760 735 1800 aegre
766 1750 808 1786 et
839 1760 938 1787 cum
968 1746 1164 1788 molestia
1192 1761 1268 1801 per
1295 1762 1340 1789 os
1371 1748 1574 1802 rejicitur.

114 1815 227 1855 Dein
248 1818 290 1856 et
311 1814 476 1855 hectica
502 1813 630 1854 febris
651 1813 848 1854 remediis
876 1814 1227 1867 refrigerantibus
1253 1820 1574 1869 contemperan-

112 1882 312 1935 tibusque
352 1882 595 1922 coercenda.
657 1881 775 1921 Talia
816 1886 915 1921 sunt
950 1881 1015 1921 lac
1052 1881 1278 1931 asininum,
1311 1896 1421 1935 aqua
1453 1882 1575 1923 lactis

113 1950 335 2000 stillatitia,
358 1950 612 1991 emulsiones
634 1963 685 1989 ex
707 1948 941 2002 amygdalis
963 1947 1170 1998 dulcibus,
1193 1949 1424 1989 seminibus
1444 1950 1573 1991 melo-

112 2032 232 2068 num,
263 2032 490 2072 peponum,
517 2016 733 2071 papaveris
765 2015 861 2066 albi,
892 2029 1002 2068 aqua
1030 2016 1182 2056 florum
1212 2017 1463 2070 paralyseos,
1493 2023 1572 2058 etc.

113 2087 310 2141 Denique
338 2092 380 2128 et
402 2087 588 2127 curando
609 2085 742 2126 ulceri
769 2098 896 2138 opera
923 2085 1063 2125 danda
1090 2089 1152 2125 est
1165 2101 1177 2135 3
1209 2085 1279 2125 cui
1306 2085 1367 2126 rei
1387 2085 1574 2126 terebin-

112 2156 236 2197 thina
255 2156 328 2196 illa
354 2155 527 2209 liquida,
551 2155 846 2207 opobalsamum
869 2154 995 2207 vulgo
1021 2154 1146 2204 dicta,
1170 2153 1358 2208 apprime
1383 2155 1573 2196 conferre

113 2230 323 2266 censetur.

179 2293 258 2347 [4.]
299 2293 491 2347 Hujusce
531 2292 668 2334 morbi
708 2291 870 2333 curatio
914 2292 996 2344 (me
1035 2291 1207 2346 judice)
1251 2291 1330 2332 hac
1370 2291 1573 2333 methodo

113 2361 273 2415 optime
294 2374 341 2401 ac
361 2360 599 2401 felicissime
619 2359 882 2401 instituetur.
920 2359 1113 2400 Primum
1130 2360 1336 2400 educatur
1357 2373 1379 2400 e
1399 2359 1572 2401 brachio

114 2428 297 2481 sanguis,
331 2427 430 2468 dein
462 2427 723 2468 subducatur
759 2427 874 2467 alvus
906 2427 959 2468 ad
988 2433 1075 2469 tres
1111 2428 1198 2468 dies
1234 2429 1474 2479 continuos,
1506 2429 1571 2470 vel

114 2496 256 2550 pilulis
287 2495 441 2537 cochiis
467 2495 709 2549 majoribus,
731 2496 796 2536 vel
827 2495 999 2536 decocto
1025 2496 1212 2536 leniente
1244 2510 1268 2536 a
1299 2495 1422 2536 nobis
1452 2511 1570 2550 prae-

115 2564 295 2618 scripto:
336 2563 463 2604 tertia
489 2568 615 2604 nocte
643 2563 893 2604 exhibeatur
914 2564 1059 2618 syrupi
1088 2563 1139 2604 de
1167 2564 1359 2604 meconio
1385 2564 1571 2604 semiun-

115 2633 191 2674 cia.
253 2631 503 2672 Intcrmisso
528 2631 658 2672 biduo
685 2631 891 2682 triduove,
916 2645 991 2685 pro
1022 2645 1067 2672 re
1094 2636 1197 2672 nata
1226 2636 1444 2685 repetatur
1471 2647 1570 2686 pur-

115 2700 243 2754 gatio,
265 2699 392 2753 idque
416 2699 542 2740 toties
569 2699 643 2739 fiat
672 2699 835 2752 quoties
864 2713 968 2753 opus
993 2699 1197 2750 videatur,
1224 2699 1357 2740 donec
1385 2705 1571 2753 sympto-

114 2773 232 2808 mata
265 2767 331 2808 vel
369 2781 540 2821 prorsus
580 2766 842 2817 evanuerint,
874 2767 940 2807 vel
980 2767 1129 2807 saltem
1168 2767 1408 2808 mitescant.
1469 2768 1572 2808 Post

115 2835 304 2889 singulas
325 2834 537 2875 catharses
553 2834 644 2888 jam
664 2833 805 2874 finitas
827 2833 964 2887 capiat
981 2833 1238 2887 opobalsami
1260 2838 1405 2887 guttas
1420 2833 1579 2887 viginti,

204 2922 212 2942 ί
238 2932 298 2950 sen.
317 2919 426 2960 arten]
446 2930 488 2949 sc.
506 2921 608 2950 Arter.
626 2919 762 2949 Palma».
996 2924 1013 2940 ¹¹
1037 2930 1099 2959 asp.
1118 2918 1230 2959 arten]
1248 2929 1291 2949 sc.
1314 2920 1486 2951 Traclzeam.

809 2975 877 3012 41
