1985 3308
401 151 500 193 DIS
507 150 796 192 SERTATIO
828 150 1235 192 EPISTOLARIS.
1472 153 1555 193 341

98 271 225 310 quam
257 256 311 298 ob
347 270 516 298 causam
547 256 656 298 febri
688 256 947 298 coercendae
982 257 1044 298 ita
1077 257 1315 310 impensam
1355 271 1559 298 navemus
1580 267 1633 297 Du
1650 267 1762 297 Vnu-

97 338 280 378 operam,
304 339 436 378 quum
457 325 511 366 sit
531 325 604 365 illa
624 323 809 366 solennis
830 324 1025 365 Naturae
1046 324 1256 373 machina,
1281 337 1376 376 qua,
1398 327 1493 363 tum
1514 324 1559 363 in
1578 310 1764 382 ‘'ssssgf'ff‘

96 393 400 446 praeparanda,
431 398 525 434 tum
555 393 601 433 in
626 392 899 442 eliminanda,
930 392 1109 432 materia
1136 391 1281 444 quavis
1311 391 1486 431 inimica
1515 391 1561 430 in
1580 398 1766 440 §Ksebris

98 461 306 514 sanguine
329 462 494 511 latenti,
528 461 752 515 praecipue
782 460 933 500 utitur.
995 460 1102 501 Quis
1136 463 1281 500 autem
1315 473 1404 499 non
1433 458 1560 506 videt,
1580 453 1763 489 ⁰05‘0ffl1da2

97 527 224 580 quod,
254 527 357 567 dum
390 528 451 568 ita
482 528 628 569 sedulo
660 527 856 568 sudorem
888 540 1162 581 provocemus
1194 526 1249 566 ad
1279 525 1562 578 mitigandam

96 595 271 646 febrem,
313 596 462 637 eadem
509 610 647 650 opera,
690 610 768 637 ceu
806 595 996 637 fructum
1036 608 1294 649 praecocem,
1336 594 1563 634 humorem

97 661 278 703 crudum
313 667 356 703 et
388 663 686 705 inconcoctum
722 663 985 705 extrudimus
998 663 1032 714 k,
1064 668 1191 717 atque
1222 663 1273 703 iis
1306 663 1406 716 ipsis
1438 662 1563 703 sudo·

96 731 215 772 ribus
234 731 477 772 immaniori
507 734 779 787 postmodum
806 733 915 774 febri
945 747 1093 774 ansam
1122 732 1430 787 praebeamus?
1463 745 1563 773 cum

97 798 177 839 hoc
198 798 324 839 modo
346 813 487 840 serum
509 801 728 853 sanguinis
754 802 853 854 (quo
873 805 968 841 tum
994 800 1083 854 ipse
1105 800 1292 853 sanguis,
1314 804 1410 840 tum
1432 799 1562 840 etiam

97 879 244 907 reeens
273 871 400 907 natae
432 867 616 908 fervidae
647 868 752 907 istae
781 872 823 908 et
851 867 1097 908 Variolosae
1127 866 1359 920 particulae
1391 865 1561 934 (111111111-

96 933 198 986 tur,)
237 932 348 974 foras
384 934 658 987 propellitur,
690 934 756 974 his
791 935 965 975 interim
999 933 1219 988 particulis
1250 933 1359 973 vires
1391 946 1561 973 sumen-

97 1000 212 1042 tibus
234 1005 277 1042 et
297 1001 510 1052 ferociam,
533 1016 582 1043 eo
604 1002 717 1055 quod
743 1003 834 1056 jam
863 1002 1020 1043 liberae
1051 1002 1137 1042 sint
1159 1016 1184 1042 a
1203 1001 1380 1042 colluvie
1408 1014 1560 1052 serosa,

98 1083 227 1123 quam
248 1068 420 1110 sudores
442 1069 740 1111 exhauserant.
800 1070 945 1111 Verbo
967 1069 1117 1120 dicam,
1139 1069 1269 1110 febris
1295 1068 1561 1122 aliorumque
1579 1086 1636 1107 nec
1653 1078 1749 1108 sudor

99 1141 434 1191 symptomatum
450 1137 659 1178 alleviatio
675 1152 700 1178 a
714 1143 941 1191 provocato
958 1138 1124 1188 sudore,
1141 1142 1184 1178 et
1204 1137 1386 1191 pustulis
1408 1137 1560 1178 exinde
1577 1129 1754 1192 Elrgvocan-

97 1209 366 1258 praemature
394 1205 563 1255 exactis,
594 1219 720 1258 quam
749 1206 941 1259 plurimis
971 1205 1082 1246 male
1112 1205 1250 1255 cessit,
1273 1205 1345 1259 qui
1381 1219 1474 1246 eam
1505 1205 1558 1246 ob

99 1286 270 1313 causam
291 1272 422 1312 vitam
444 1286 541 1313 cum
562 1277 699 1314 morte
720 1273 946 1314 undecimo
968 1273 1035 1314 die
1056 1277 1388 1315 commutarunt.

175 1341 284 1395 [22.]
328 1341 653 1382 Observandum
688 1345 751 1382 est
788 1347 945 1391 autem,
982 1355 1050 1381 me
1086 1354 1213 1394 aegro
1244 1341 1391 1394 primis
1423 1339 1562 1382 morbi
1578 1344 1685 1385 Aeger
1699 1345 1764 1376 lec-

99 1408 248 1450 diebus
282 1409 393 1450 lecto
428 1408 694 1459 interdicere,
731 1422 783 1449 ex
821 1408 1048 1462 hypothesi
1082 1412 1256 1449 tantum
1290 1408 1561 1448 Variolarum
1578 1392 1736 1467 ἓουζῖῗῖ

99 1490 123 1517 0
150 1475 469 1517 Confluentium
503 1489 659 1529 genere
691 1476 1015 1517 subsecutarum
1030 1492 1042 1526 3
1078 1489 1264 1529 namque
1295 1474 1560 1516 Distinctum
1578 1472 1659 1544 fprlte
1674 1473 1741 1544 {²²-

100 1557 234 1598 genus
265 1543 378 1597 quod
411 1543 579 1593 attinet,
612 1543 738 1584 modo
775 1547 890 1584 certo
922 1543 1157 1597 praevideri
1186 1542 1331 1596 possit,
1362 1547 1412 1584 ut
1442 1543 1563 1583 nulla
1578 1524 1761 1587 iffifficgn-

99 1625 226 1665 aegro
259 1611 440 1665 imperat
475 1611 703 1652 necessitas
740 1626 783 1652 se
818 1611 866 1652 in
896 1611 1007 1652 lecto
1037 1610 1200 1665 jugiter
1235 1610 1466 1661 continere,
1499 1610 1562 1652 ita
1578 1599 1750 1681 ssgffirtffm

98 1678 220 1719 illum
251 1678 304 1719 ab
335 1679 483 1720 eodem
510 1679 655 1719 nullus
686 1678 824 1732 abigo,
857 1693 955 1719 cum
983 1678 1334 1719 exanthematum
1368 1678 1560 1731 paucitas

100 1745 186 1787 sive
206 1746 317 1787 hanc
338 1746 422 1786 sive
442 1746 559 1786 illam
579 1746 690 1786 viam
710 1746 983 1787 incedentem
1002 1746 1049 1786 111
1069 1750 1165 1786 tuto
1186 1745 1374 1786 collocet.

166 1813 273 1867 [23]
311 1813 604 1854 Nihilominus
634 1828 723 1855 non
752 1827 887 1867 usque
919 1813 1023 1854 adeo
1053 1813 1160 1853 mihi
1191 1816 1395 1863 assentor,
1428 1817 1478 1853 ut
1511 1827 1560 1854 ea
1579 1818 1746 1868 Nihilsuq

101 1894 209 1934 quae
225 1881 315 1934 jam
335 1881 504 1931 tradidi,
527 1895 577 1921 ex
598 1880 857 1921 authoritate
882 1880 1034 1934 judicii
1062 1881 1148 1921 mei
1172 1880 1300 1934 (quod
1325 1880 1409 1920 scio
1432 1894 1559 1933 quam
1570 1862 1772 1934 ffi‘ilss‘ffittlffsssr

103 1947 157 1987 sit
190 1947 420 2000 exiguum,)
452 1947 663 1988 credenda
693 1953 926 1988 autumem.
987 1948 1045 1988 Et
1076 1947 1280 2000 profecto,
1313 1947 1374 1988 ita
1407 1961 1559 2000 parum
1576 1947 1637 1976 nisi
1654 1952 1764 1987 quate-

102 2015 245 2054 firmas
285 2019 327 2054 et
369 2014 528 2054 nullius
568 2014 655 2054 fere
695 2014 892 2067 ponderis
938 2015 1162 2054 hominum
1210 2027 1560 2067 quorumcunque
1576 1999 1751 2061 1333?-

102 2081 322 2134 opiniones
359 2094 524 2134 semper
559 2081 673 2131 duxi,
705 2086 754 2121 ut
789 2081 978 2134 proprias
1014 2081 1143 2121 etiam
1174 2080 1334 2133 ubique
1364 2094 1440 2133 pro
1471 2095 1560 2121 sus·
1577 2074 1741 2104 conformi.

101 2148 233 2202 pectis
265 2147 501 2198 habuerim,
539 2148 703 2201 quotics
736 2162 835 2189 cum
872 2148 1051 2189 aliorum
1083 2147 1306 2188 sententiis
1337 2153 1533 2201 pugnant
1549 2165 1561 2199 ;

103 2215 216 2270 quod
238 2221 280 2256 et
300 2215 369 2256 hic
391 2215 519 2256 etiam
540 2215 645 2255 mihi
663 2230 746 2256 usu
760 2215 936 2265 veniret,
959 2215 1041 2255 nisi
1062 2215 1358 2268 phaenomena
1376 2216 1564 2268 practica

103 2283 223 2336 quasi
242 2297 330 2323 uno
355 2296 426 2323 ore
447 2283 624 2323 rationis
650 2283 811 2336 judicio
833 2283 1182 2336 suffragarentur.
1243 2282 1424 2323 Seclusis
1447 2283 1561 2323 enim

101 2351 297 2404 practicis
330 2350 705 2401 observationibus,
727 2350 772 2391 id
804 2350 917 2404 quod
942 2350 1008 2390 vel
1038 2350 1155 2400 mihi,
1180 2350 1250 2390 vel
1276 2350 1347 2390 alii
1373 2350 1560 2401 cuilibet,

102 2432 179 2471 pro
210 2418 374 2459 ratione
406 2417 602 2469 habetur,
630 2418 739 2458 nihil
766 2418 943 2459 fortasse
975 2417 1054 2458 erit
1085 2416 1202 2457 aliud
1231 2431 1359 2470 quam
1386 2418 1561 2458 rationis

102 2485 256 2527 umbra
287 2491 360 2527 aut
395 2486 660 2539 phantasma,
693 2486 774 2526 hoc
810 2491 886 2535 est,
923 2499 1041 2526 mera
1081 2485 1237 2538 opinio.
1298 2486 1356 2526 Et
1397 2485 1561 2539 quoties

102 2553 216 2594 inter
246 2554 440 2595 homines
472 2554 638 2604 fuerim,
672 2554 826 2595 certior
852 2553 952 2594 inde
982 2553 1121 2603 redeo,
1155 2567 1282 2606 quam
1314 2553 1367 2592 sit
1397 2553 1560 2606 pericu-

101 2621 253 2672 losum,
274 2622 340 2663 vel
361 2622 605 2663 acutissimo
630 2622 805 2676 ingenio
826 2621 1040 2675 praeditis,
1064 2620 1285 2661 cerebrum
1306 2620 1351 2660 in
1373 2620 1561 2673 qualibet

103 2688 188 2730 sive
221 2694 311 2730 arte
342 2690 427 2730 sive
461 2689 638 2730 scientia
669 2689 912 2743 indaganda
945 2688 1097 2741 agitari
1128 2687 1338 2741 perpetim
1369 2692 1411 2728 et
1443 2688 1562 2741 quasi

103 2757 377 2808 concaleficri,
421 2757 504 2797 nisi
544 2758 705 2798 factum
746 2757 885 2811 ipsum
926 2756 1013 2796 veri
1060 2769 1107 2796 ac
1148 2755 1241 2795 falsi
1284 2754 1473 2809 judicem
1514 2770 1562 2796 ac

104 2830 368 2879 sequestrum
418 2826 681 2866 constituant
698 2843 709 2876 3
767 2824 963 2878 quodque
1004 2823 1243 2864 istiusmodi
1290 2823 1436 2876 magni
1477 2824 1561 2875 opi-

382 2908 396 2928 Κ
421 2909 557 2949 extrudi]
585 2910 636 2939 Sic
653 2910 699 2940 cd.
720 2910 780 2939 '82
800 2919 838 2939 ex
856 2913 995 2941 correct„
1016 2907 1104 2947 p1ius
1124 2910 1278 2938 —denees.
