1985 3308
193 273 248 303 Dr:
266 271 356 302 Pon-

223 324 327 345 ΔΕΚΑ.

183 403 284 434 Dolor
291 414 370 434 sem·

182 457 240 487 per
259 452 355 476 noctu

180 490 346 519 recrudes-

182 532 234 568 cit,
254 542 347 562 mane

181 584 256 604 vero
271 584 320 604 re-

181 617 330 647 mittitur.

182 666 235 697 Ex
252 667 331 696 serie

180 719 333 749 paroxys-

180 751 343 781 mulorum

179 800 303 824 constat

182 846 335 875 paroxys-

182 888 263 909 mus.

182 1142 222 1172 111
233 1143 366 1173 diversis

179 1185 303 1216 diverso

181 1233 244 1257 tem
251 1239 323 1268 pore

181 1270 322 1302 solvitur.

182 1480 352 1511 Quomodo

181 1533 215 1552 se
231 1523 326 1553 habet

182 1575 275 1604 aeger
289 1575 368 1605 quo-

181 1607 221 1638 ad
231 1607 365 1644 urinam,

182 1754 301 1790 alvum,
323 1758 353 1783 et

182 1797 368 1838 appetitum.

182 1948 327 1979 Pruritus
335 1950 368 1979 in

182 1991 336 2028 discessu,

183 2039 213 2063 et
229 2034 347 2073 pedum

183 2076 317 2115 desqua-

182 2119 289 2149 matio.

185 2216 247 2247 Pro
264 2219 365 2258 majo-

183 2259 210 2289 ri
226 2261 277 2290 vel
292 2261 354 2290 mi-

184 2303 252 2331 nori
271 2304 367 2333 unius

180 2347 364 2385 paroxysmi

185 2388 324 2424 saevitia,

184 2428 234 2458 vel
246 2431 347 2460 serius

182 2471 233 2500 vel
249 2473 343 2503 citius

182 2515 311 2544 revertit

182 2557 358 2594 proximuS.

184 2606 224 2637 In
243 2607 344 2638 Poda-

183 2659 240 2689 gra
255 2649 344 2680 inve-

184 2696 293 2726 terata,
305 2692 355 2722 vel

183 2733 323 2763 indebita

182 2775 347 2805 medicati-

184 2827 242 2847 one
259 2818 367 2847 turba-

185 2859 370 2898 ta,phaeno-

183 2910 277 2930 mena
295 2907 370 2932 sunt

185 2943 319 2974 diversa.

384 158 469 198 412
801 152 1058 196 THOMAE
1092 151 1433 194 SYDENHAM

384 272 458 312 pes
481 271 593 298 unus
623 257 758 310 impar
779 256 846 308 sit,
868 260 1069 310 utrosque
1100 256 1225 296 simul
1254 255 1346 308 pari
1365 252 1631 294 vehementia
1660 251 1812 306 fatigat
1825 268 1837 302 ;

385 326 459 367 sed
483 330 532 366 ut
561 325 792 378 plurimum
815 324 942 377 pedes
971 324 1199 364 successive
1231 322 1310 374 (uti
1340 321 1550 378 diximus)
1579 320 1837 373 aggreditur.

385 393 618 446 Postquam
646 398 873 444 utrumque
900 391 1051 444 pedem
1073 389 1317 439 exercuerit,
1342 389 1413 442 qui
1435 393 1671 441 sequuntur
1690 401 1838 441 parox-

385 460 495 514 ysmi
535 459 758 500 abnormes
799 463 911 507 suut,
943 463 1037 497 tum
1078 456 1216 509 quoad
1255 461 1423 508 tempus
1462 454 1704 504 invasionis,
1745 458 1840 494 tum

385 528 514 568 etiam
545 526 683 580 quoad
715 525 981 565 durationem
997 541 1007 573 3
1038 524 1119 564 1100
1149 528 1294 563 tamen
1325 523 1483 576 ubique
1514 526 1696 572 servant,
1728 521 1841 575 quod

386 594 503 635 dolor
537 599 670 634 noctu
701 592 979 640 recrudescat,
1012 604 1137 630 mane
1169 604 1266 630 vero
1297 590 1554 630 remittatur.
1614 591 1757 642 Atque
1789 603 1841 630 ex

386 662 490 702 serie
511 662 662 702 horum
675 660 1062 712 paroxysmulormn
1087 658 1157 710 (sit
1177 657 1304 698 verbo
1324 658 1476 710 venia,)
1497 661 1663 698 constat
1683 657 1841 698 Parox-

384 744 528 783 ysmus
557 729 628 781 qui
661 727 816 767 dicitur
848 725 1079 778 Podagrac,
1108 725 1349 765 diuturnior
1379 725 1593 765 breviorve
1619 738 1697 778 pro
1726 724 1842 777 aegri

385 801 547 837 aetate:
599 808 737 847 neque
768 793 883 834 enim
913 793 1174 833 censendum
1205 797 1281 842 est,
1316 792 1479 846 quoties
1513 792 1605 845 quis
1635 806 1732 832 cum
1761 791 1842 832 hoc

383 863 531 904 morbo
567 862 620 902 ad
659 875 827 902 menses
863 861 968 902 duos
1003 861 1068 901 vel
1102 866 1189 901 tres
1226 861 1355 901 fuerit
1391 861 1670 910 conflictatus,
1705 874 1842 900 unum

382 931 504 970 illum
519 943 818 983 paroxysmum
838 928 980 978 fuisse,
999 927 1073 967 sed
1094 927 1243 968 seriem
1259 926 1398 980 potius
1421 932 1462 967 et
1484 931 1678 966 catenam
1693 939 1840 979 parox-

382 998 658 1052 ysmulorum,
686 1010 866 1049 quorum
898 995 1105 1048 posterior
1133 995 1310 1048 quilibet
1338 995 1475 1048 priore
1510 998 1552 1034 et
1583 993 1728 1034 mitior
1758 993 1842 1034 fuit

383 1070 425 1105 et
456 1064 723 1113 contractior,
751 1063 885 1103 donec
915 1063 1103 1112 tandem,
1130 1062 1307 1102 materia
1337 1066 1538 1115 peccante
1567 1076 1737 1115 prorsus
1769 1060 1841 1102 ab·

385 1138 566 1186 sumpta,
588 1145 712 1185 aeger
731 1131 956 1185 pristinam
977 1130 1210 1171 obtinuerit
1237 1130 1463 1170 sanitatem
1477 1147 1488 1179 ;
1521 1129 1634 1183 quod
1654 1129 1701 1169 in
1720 1142 1842 1182 vege-

383 1200 576 1249 tioribus,
600 1205 641 1239 et
667 1199 718 1239 iis
741 1212 844 1252 quos
876 1197 1069 1251 Podagra
1089 1197 1225 1237 rarius
1246 1197 1402 1247 invisit,
1426 1196 1574 1237 diebus
1596 1210 1718 1250 saepe
1741 1209 1842 1249 qua-

382 1267 620 1308 tuordecim
650 1267 697 1306 fit
711 1283 722 1316 3
754 1266 801 1305 in
832 1265 1081 1315 senioribus,
1109 1270 1236 1318 atque
1266 1265 1317 1305 iis
1350 1279 1453 1318 quos
1485 1264 1650 1318 saepius
1681 1264 1841 1314 afflixit,

382 1335 548 1376 duobus
588 1333 829 1384 mensibus3
875 1334 926 1373 iis
952 1347 1061 1373 >vero
1103 1332 1175 1386 qui
1209 1333 1274 1373 vel
1314 1333 1436 1373 annis
1472 1333 1537 1372 vel
1577 1332 1843 1372 diuturniore

383 1402 520 1443 morbi
551 1416 670 1443 mora
698 1401 916 1441 fractiores
947 1402 1038 1455 jam
1069 1405 1184 1450 sunt,
1218 1415 1307 1441 non
1336 1401 1452 1454 prius
1484 1400 1678 1440 valedicit
1715 1413 1842 1453 quam

385 1475 521 1511 aestas
541 1471 632 1523 jam
653 1469 836 1510 adultior
857 1482 951 1508 eam
971 1468 1193 1521 fugaverit.
1255 1468 1324 1508 Ad
1347 1467 1665 1521 quatuordecim
1685 1467 1842 1520 primos

384 1537 474 1578 dies
495 1537 619 1577 urina
639 1536 861 1576 coloratior
882 1540 958 1585 est,
982 1549 1087 1588 quae
1108 1540 1202 1588 post
1228 1536 1536 1588 separationem
1557 1535 1843 1575 sedimentum

384 1606 563 1646 rubrum
598 1610 639 1645 et
673 1604 791 1657 quasi
827 1603 1010 1644 arenulis
1045 1603 1249 1643 refertum
1282 1603 1454 1656 deponit
1471 1620 1483 1653 3
1526 1616 1604 1643 nec
1637 1616 1762 1656 aeger
1793 1606 1842 1643 ut

384 1673 617 1727 plurimum
647 1672 729 1712 nisi
759 1672 930 1712 tertiam
960 1671 1279 1724 potulentorum
1302 1685 1407 1724 quae
1430 1671 1657 1724 assumpsit
1677 1675 1844 1724 partem

384 1754 459 1793 per
488 1739 667 1780 vesicam
696 1737 859 1787 reddit,
905 1739 1020 1778 alms
1052 1738 1156 1778 item
1192 1738 1245 1778 ad
1278 1738 1411 1779 dictos
1443 1739 1599 1792 primos
1634 1739 1720 1779 fere
1754 1738 1842 1779 dies

385 1807 623 1860 constipata
662 1810 738 1846 est.
799 1805 1028 1859 Appetitus
1068 1806 1307 1858 prostratio,
1343 1806 1457 1859 rigor
1491 1806 1623 1847 totius
1659 1806 1842 1859 corporis

387 1876 465 1916 sub
487 1888 714 1928 vesperam,
736 1873 923 1926 partium
945 1873 1074 1913 etiam
1094 1887 1183 1912 11011
1211 1874 1457 1913 affec-tarum
1488 1874 1669 1927 gravitas
1690 1879 1732 1914 et
1752 1887 1841 1914 mo-

387 1944 494 1984 lesta
518 1942 713 1991 sensatio‚
735 1941 953 1994 integrum
974 1955 1272 1994 paroxysmum
1293 1942 1564 1982 comitantur.
1627 1941 1842 1982 Receden-

386 2016 475 2052 tem
499 2023 799 2064 paroxysmum
827 2008 979 2061 excipit
1007 2009 1124 2061 pedis
1156 2009 1295 2049 affecti
1325 2009 1512 2062 pruritus
1533 2009 1600 2049 vix
1630 2009 1842 2059 ferendus,

386 2079 568 2120 maxime
598 2078 711 2117 inter
742 2076 909 2129 digitos,
938 2076 1052 2116 unde
1084 2076 1286 2117 decidunt
1316 2077 1512 2128 furfures,
1535 2082 1577 2117 et
1607 2077 1733 2131 pedes
1762 2077 1843 2131 ipsi

386 2146 505 2200 quasi
533 2145 584 2186 ab
611 2150 734 2198 epoto
754 2158 917 2184 veneno
943 2143 1286 2196 desquamantur.
1349 2144 1504 2185 Morbo
1529 2145 1619 2199 jam
1641 2145 1841 2196 discusso,

386 2214 500 2267 aegri
520 2218 615 2254 tum
636 2210 783 2264 εὐεξία,
805 2217 900 2252 tum
921 2211 1147 2265 appetitus,
1169 2212 1349 2253 redeunt
1374 2227 1450 2266 pro
1470 2218 1563 2253 rata
1584 2213 1737 2254 doloris
1759 2227 1842 2266 quo

386 2281 595 2322 saeviebat
616 2294 890 2334 paroxysmus
912 2293 1048 2332 nuper
1069 2279 1247 2332 elapsus,
1271 2286 1312 2320 et
1339 2280 1384 2320 in
1406 2280 1551 2321 eadem
1571 2281 1842 2335 proportione

388 2354 551 2390 servata
589 2348 655 2388 vel
698 2347 956 2388 acceleratur
994 2347 1059 2387 vel
1093 2346 1287 2387 differtur
1320 2362 1499 2400 sequens
1539 2363 1841 2403 paroxysmus:

387 2432 487 2458 nam
528 2417 563 2457 si
601 2415 671 2456 hic
710 2415 887 2456 ultimus
928 2428 1103 2467 aegrum
1142 2415 1321 2468 pessime
1366 2416 1621 2467 multaverit,
1664 2430 1842 2471 sequens

385 2499 659 2539 paroxysmns
699 2498 787 2525 non
831 2483 914 2524 nisi
954 2498 1066 2524 anno
1111 2483 1165 2524 ad
1204 2483 1317 2524 idem
1356 2490 1565 2538 punctum
1604 2491 1842 2528 revertente

387 2553 527 2593 denuo
549 2553 730 2593 accedet.

452 2620 530 2673 [6.]
568 2621 712 2673 Atque
742 2620 821 2660 hoc
855 2633 898 2660 se
929 2619 1060 2660 habet
1093 2619 1218 2661 modo
1249 2620 1444 2674 Podagra
1476 2621 1682 2675 regularis
1713 2621 1841 2675 phae-

387 2687 580 2728 nomenis
614 2687 810 2740 genuinis
839 2687 1103 2740 propriisque
1137 2702 1179 2728 se
1210 2689 1452 2729 ostendens.
1513 2689 1623 2730 Cum
1652 2703 1749 2729 vero
1775 2689 1842 2730 vel

389 2753 440 2794 ab
462 2754 653 2794 indebita
676 2754 957 2795 medicatione
979 2754 1190 2804 turbatur,
1212 2756 1277 2796 vel
1298 2756 1352 2797 ob
1375 2756 1684 2796 diuturniorem
1704 2755 1843 2797 morbi

387 2823 661 2874 pertinaciam
683 2822 865 2876 corporis
894 2823 1133 2863 substantia
1154 2824 1273 2876 quasi
1297 2824 1342 2864 in
1369 2824 1507 2865 morbi
1535 2824 1728 2865 fomitem
1748 2838 1841 2878 per-

386 2889 575 2939 vertit1u⁴,
593 2904 729 2942 neque
750 2904 826 2943 par
841 2895 904 2931 est
920 2891 1090 2932 Natura
1110 2890 1246 2931 eidem
1263 2891 1463 2932 methodo
1484 2896 1687 2932 consueta
1707 2892 1840 2932 elimi-
