1985 3308
291 173 813 217 OBSERVATIONUM
846 172 1223 214 MEDICARUM
1255 178 1297 211 V.
1324 182 1355 212 5.
1472 174 1552 212 231

97 295 252 335 paucos
281 281 368 322 dies
395 281 618 322 restitutus
646 284 722 330 est,
745 284 787 320 et
812 279 1022 320 celebrata
1046 279 1229 320 catharsi
1255 278 1429 319 omnino
1457 293 1555 319 con-

97 348 241 389 valuit.

163 415 296 469 [IL]c
326 414 580 456 Notandum
616 419 759 455 autem
792 419 868 464 est,
901 414 1026 467 quod,
1063 414 1234 454 tametsi
1273 417 1558 468 symptomata

96 483 213 534 haec,
236 497 342 536 quae
372 483 495 523 'russi
526 483 794 537 supervenire
825 482 1021 532 solerent,
1044 495 1093 522 ea
1121 495 1251 535 prope
1279 486 1419 521 essent
1451 494 1557 534 quae

96 551 207 592 hane
226 551 424 605 hyemem
448 551 735 601 funestabant,
757 555 948 591 attamen
969 549 1112 589 Tussis
1132 550 1224 602 ipsa
1244 549 1335 589 sine
1360 549 1442 588 illis
1470 548 1558 588 sola

94 618 312 668 invadens,
339 632 387 657 ea
416 623 670 671 tempestate
696 618 832 671 magis
863 617 1174 658 dominabatur.
1239 615 1382 670 Hujus
1413 620 1557 656 autem

95 689 262 730 medela
300 702 437 742 neque
472 689 856 730 venae-sectionem
889 702 1028 742 neque
1065 688 1263 742 clysteres
1299 685 1379 726 sibi
1412 683 1556 724 vendi-

96 756 232 807 cabat,
258 756 385 797 modo
411 756 539 797 febris
565 772 590 797 a
615 757 822 810 regimine
849 757 915 797 vel
939 755 1260 796 medicamentis
1289 751 1556 795 calidioribus

95 839 182 866 non
203 825 460 866 excitaretiff
473 843 483 875 3
517 840 615 866 cum
637 826 736 866 satis
759 830 848 866 erat
871 825 923 866 ad
945 839 1038 865 eam
1060 821 1408 877 compescendam
1430 834 1556 873 aegro

94 893 301 934 liberioris
332 894 439 934 aeris
469 894 579 935 foras
609 909 735 934 usum
766 893 1006 943 concedere,
1039 897 1081 932 et
1117 891 1253 932 carnis
1279 904 1410 939 esum,
1433 894 1482 929 ut
1513 894 1556 929 et

93 961 242 1001 vinum
263 974 310 1001 ac
330 960 372 1001 id
395 976 529 1014 genus
552 962 735 1015 liquores
762 961 1008 1015 spirituosos
1036 960 1109 1013 qui
1135 959 1244 1000 febri
1270 971 1417 998 ansam
1436 970 1555 1010 prae-

94 1028 237 1078 beant,
266 1028 440 1069 omnino
470 1030 735 1070 interdicere.
798 1030 929 1070 Porro
958 1028 1134 1069 tabellas
1167 1031 1391 1080 sequentes
1423 1024 1555 1078 saepi-

93 1096 240 1137 uscule
262 1096 521 1137 devorandas
542 1097 744 1151 imperavi
758 1115 768 1147 ;
801 1110 908 1150 quae
926 1096 1097 1150 quidem
1114 1095 1167 1135 ad
1183 1095 1335 1134 Tusses
1358 1107 1382 1133 a
1400 1093 1556 1145 frigore

95 1169 309 1218 susceptas
340 1165 590 1205 coercendas
621 1165 818 1205 omnibus
849 1164 952 1214 aliis,
986 1177 1092 1217 quae
1124 1162 1230 1202 mihi
1265 1161 1403 1202 adhuc
1433 1160 1554 1200 inno-

94 1235 277 1283 tescimt,
299 1233 426 1286 longe
448 1233 710 1286 praecellunt
727 1249 795 1273 :·—-
1046 1228 1049 1230 ’

95 1358 226 1404 [Form.
245 1359 335 1400 32.]‹¹
362 1357 401 1400 R
431 1358 594 1392 Saccliari
613 1358 728 1392 Caudi
745 1359 850 1391 libras
868 1357 954 1391 duas
973 1368 1052 1390 cum
1071 1356 1229 1394 semisse3

281 1406 402 1460 Coque
431 1416 621 1450 sufficiente
651 1416 846 1460 quantitate
875 1426 987 1458 aquae
1021 1413 1217 1446 communis
1244 1422 1355 1455 usquc
1383 1410 1466 1444 (lum
1496 1409 1555 1444 ad-

279 1473 459 1507 haerescat
475 1474 638 1507 extremis
655 1472 845 1517 digitorum
861 1486 868 1512 3
892 1478 966 1505 tum
986 1470 1074 1504 adde

420 1530 578 1564 Pulveris
604 1530 822 1574 Liquirifiae,

426 1586 618 1632 [Pulveris]
640 1586 776 1620 Enulae
794 1586 1009 1630 Campanae,

421 1644 604 1678 Seminum
622 1644 734 1684 Anisi,

421 1701 604 1735 Seminum
622 1702 823 1746 Angebcae,
841 1712 908 1735 ana
925 1700 1153 1741 semunciam,

421 1759 578 1793 Pulveris
596 1759 712 1800 Iridis,

422 1816 565 1849 Florum
585 1816 780 1861 Sulphuris,
798 1828 865 1850 ana
882 1815 1064 1850 drachmas
1081 1814 1179 1855 duas,

421 1873 498 1907 Olei
515 1874 676 1918 Chymici
695 1874 876 1907 Seminum
894 1874 992 1906 Anisi
1010 1873 1189 1917 scrupulos
1205 1872 1312 1912 duos3

283 1929 387 1963 Fiant
415 1930 607 1963 secundum
636 1937 745 1964 artem
774 1931 933 1970 tabellae,
962 1942 1047 1974 (pias
1080 1941 1198 1964 secum
1228 1931 1394 1963 continuo
1428 1934 1551 1973 portet,

280 1998 321 2020 ac
339 1998 461 2020 earum
478 1998 584 2020 unam
604 1987 799 2031 frequenter
815 1993 983 2021 assumat.

159 2102 267 2155 [12]
305 2102 364 2141 At
399 2101 645 2155 priusquam
675 2102 753 2152 his,
783 2116 889 2155 quae
925 2101 978 2142 de
1008 2100 1165 2141 morbis
1196 2100 1436 2153 epidemicis
1467 2100 1549 2140 dis-

42 2179 50 2184 “
94 2170 218 2220 serui,
255 2170 452 2210 ultimam
490 2170 707 2223 imponam
747 2184 935 2219 manum,
967 2169 1207 2222 objectioni,
1241 2183 1368 2221 quam
1403 2173 1551 2208 contra

94 2251 240 2278 eorum
281 2238 489 2278 nonnulla
528 2238 799 2278 adferendam
830 2236 1062 2290 praevideo,
1099 2235 1405 2276 occurrendum
1446 2235 1550 2275 mihi

96 2309 182 2356 ’τῆς
224 2305 338 2359 quod
371 2319 524 2359 nempe
558 2320 646 2346 non
687 2306 787 2346 satis
823 2319 921 2346 cum
951 2305 1206 2357 malignitate
1238 2303 1320 2343 ista
1359 2317 1549 2356 pugnare

129 2373 317 2414 deantur
353 2387 459 2427 quae
490 2373 683 2427 pliuibus
715 2373 867 2414 horum
899 2372 1143 2412 morborum
1174 2371 1386 2411 adhaeret.
1448 2371 1550 2412 Non

159 2454 254 2481 sum
285 2441 357 2494 qui
385 2447 599 2495 receptam
635 2456 659 2481 a
687 2441 786 2481 viris
823 2440 1073 2481 doctissimis
1105 2439 1189 2479 sive
1219 2439 1346 2491 hujus
1382 2439 1549 2487 sacculi,

125 2524 180 2551 ve
210 2509 532 2563 antiquioribus,
562 2509 613 2550 de
644 2509 909 2562 malignitate
940 2507 1182 2560 opinionem
1213 2505 1445 2546 convellere
1476 2511 1549 2545 aut

123 2577 263 2627 ossim‚
286 2583 360 2618 aut
381 2577 510 2618 etiam
529 2577 667 2627 velim,
690 2591 788 2618 cum
809 2577 890 2616 ista
910 2575 1076 2615 indiciis
1097 2574 1191 2627 plus
1213 2573 1313 2613 satis
1336 2586 1379 2612 se
1399 2572 1549 2625 prodat

121 2645 328 2686 ianifestis
349 2646 395 2685 in
416 2645 657 2699 epidemicis
674 2645 895 2698 plerisque.
957 2644 1102 2684 Liceat
1125 2642 1230 2682 mibi
1250 2646 1421 2681 tantum
1443 2655 1549 2694 quae

119 2727 147 2754 e
177 2714 267 2767 ejus
297 2718 452 2754 natura
482 2714 618 2754 sentio
648 2713 693 2753 in
724 2713 911 2753 medium
938 2711 1135 2765 proferre,
1163 2723 1244 2762 quo
1274 2709 1378 2748 haec
1405 2714 1550 2749 nostra

116 2782 232 2822 mariis
264 2782 405 2822 minus
437 2796 461 2822 a
486 2782 651 2822 ratione
679 2781 903 2822 abhorrere
935 2779 1150 2827 videatur3
1183 2777 1271 2830 ipse
1302 2776 1429 2826 enim,
1452 2789 1549 2816 cum

117 2849 377 2891 ruditissimo
400 2850 624 2902 Scaligero,

182 2938 193 2952 ⁶
217 2935 232 2972 ξ
251 2934 287 2964 11
306 2943 367 2964 om.
385 2933 432 2963 ed.
450 2934 513 2966 76.
1177 2932 1191 2952 «ἱ
1217 2929 1265 2960 Cf.
1281 2929 1370 2960 form.
1390 2930 1460 2960 258.

1607 289 1737 319 Tussns

1590 331 1743 361 Ermum.

1575 373 1670 403 ΑκΝι
1698 375 1760 406 ’75.

1577 432 1706 461 Curatio

1575 473 1688 504 Tussis
1704 475 1747 504 si-

1576 526 1615 546 ne
1631 516 1725 547 febre.
