1985 3308
297 120 820 167 OBSERVATIONUM
852 125 1231 167 MEDICARUM
1262 131 1396 168 111.2.
1489 131 1568 171 131

106 231 330 286 praecipue
349 246 447 273 vero
475 231 527 272 ab
555 231 621 271 his
649 245 795 272 cavere
823 235 1002 284 oportet,
1025 232 1060 272 si
1081 246 1207 286 aeger
1226 232 1273 272 in
1294 234 1444 274 aetatis
1465 235 1567 276 flore
1586 251 1770 282 Vmuoma

106 300 364 341 constitutus
399 299 540 349 fuerit,
575 299 641 339 vel
681 299 935 352 sanguinem
974 299 1130 340 habeat
1166 301 1423 353 generosiori
1462 309 1567 355 potu
1587 294 1770 367 ξξξζζζῖῐξῐ

103 367 230 408 nimis
252 368 497 416 exaltatum,
519 367 584 407 vel
604 366 705 407 anni
733 371 962 419 tempestas
985 372 1059 407 aut
1079 381 1210 408 verna
1230 368 1297 417 sit,
1321 373 1395 409 aut
1416 370 1567 410 saltem
1609 360 1748 411 ’67-’69.Δ

103 435 215 476 ultra
245 436 415 477 aestatis
450 435 624 475 initium
657 448 745 475 non
779 435 1041 488 processerit.
1105 435 1223 476 Hinc
1259 436 1373 477 enim
1408 437 1481 478 fiet
1516 444 1566 479 ut
1583 427 1770 478 {huam-

103 504 324 556 separatio,
347 517 454 557 quae
485 503 641 552 sensim
671 502 882 555 lentisque
904 502 1105 556 gradibus
1127 504 1272 557 peragi
1299 504 1493 556 debebat,
1515 511 1565 547 ut
1584 481 1701 511 obrem.

101 570 155 611 ad
174 571 454 611 universalem
476 570 690 624 quandam
711 570 1078 624 despumationem
1099 572 1379 624 opportunius
1400 579 1563 627 pergat,

98 638 316 693 praecipiti
337 653 463 679 cursu
483 639 644 679 feratur
655 655 667 688 3
700 644 827 692 atque
848 638 910 679 ita
936 639 1002 679 vel
1028 653 1116 679 non
1145 640 1246 680 satis
1268 640 1448 681 idoneus
1468 656 1562 695 par-

97 706 209 747 tium
238 721 440 748 numerus
471 712 765 760 congregetur,
787 707 852 747 vel
881 706 1009 760 (quod
1039 706 1148 747 forte
1180 707 1430 762 contingat,)
1455 724 1562 750 non-

98 775 241 817 nullae
270 781 412 829 partes
443 775 496 816 ad
527 775 804 817 secretionem
835 775 1106 826 damnentur,
1129 791 1232 830 quas
1264 777 1365 818 alias
1393 779 1564 820 Natura

97 843 214 884 illam
236 843 376 884 subire
406 843 624 893 noluisset,
646 843 729 883 nisi
750 843 875 897 quod,
897 844 1011 884 ultra
1041 844 1206 885 debitos
1236 845 1393 887 limites
1415 861 1562 888 excur-

98 925 192 952 rere
220 918 375 963 coacta,
397 927 552 953 noxam
582 913 693 953 hanc
724 913 804 953 sibi
834 918 972 954 creet:
1005 914 1175 954 secretis
1207 915 1321 955 enim
1351 915 1432 956 illis
1455 931 1562 970 quae

99 979 153 1020 ad
183 980 492 1033 separationem
522 980 664 1021 minus
693 985 979 1034 opportunaee
1001 987 1114 1032 sunt,
1137 982 1315 1022 aliorum
1335 983 1435 1024 illuc
1464 999 1560 1038 pro-

96 1047 376 1102 pendentium
406 1053 547 1089 motus
579 1062 726 1089 eorum
761 1049 1061 1090 commixtione
1096 1050 1339 1103 impeditur,
1372 1052 1560 1106 adeoque

95 1115 335 1156 redduntur
351 1116 586 1169 expulsioni
607 1116 749 1156 minus
766 1117 1061 1158 accommodae
1070 1116 1091 1157 f.
1129 1117 1235 1171 [34]
1258 1119 1371 1159 Mihi
1388 1120 1558 1172 quidem
1578 1135 1652 1167 Quo
1663 1137 1761 1168 diuti-

94 1183 250 1224 rationi
271 1189 605 1224 consentaneum
635 1184 804 1224 videtur
830 1189 879 1224 ut
908 1199 991 1238 quo
1019 1185 1179 1225 diutius
1201 1186 1372 1226 Natura
1392 1202 1557 1241 separa·
1575 1178 1757 1261 ξέΡῇἶῖὲὲῗ

93 1251 256 1292 tionem
282 1252 456 1292 molitur
486 1266 533 1292 ac
563 1252 739 1305 perficit,
766 1252 1012 1305 (dummodo
1043 1253 1234 1294 ebullitio
1265 1268 1353 1295 non
1383 1256 1557 1298 omnino
1575 1273 1648 1293 nem
1663 1266 1759 1296 moli-

92 1320 287 1373 torpeat,)
313 1334 362 1361 eo
383 1321 538 1361 certius
560 1325 687 1374 atque
714 1321 992 1361 universalius
1021 1321 1169 1362 eadem
1191 1323 1399 1375 separatio
1421 1323 1555 1365 absol·
1576 1312 1681 1343 tur,eo
1692 1319 1759 1339 ⁶⁰¹⁴*

1574 1349 1639 1379 tius
1650 1353 1759 1382 etuni—

91 1392 228 1428 vatur.
303 1388 447 1441 Atque
488 1402 538 1429 ex
578 1388 650 1428 illa
691 1388 749 1429 sic
789 1388 984 1429 absoluta
1023 1389 1253 1430 curationis
1293 1390 1556 1445 insequentis
1575 1393 1730 1425 versalius

92 1469 306 1498 successus
336 1457 605 1511 potissimum
635 1462 684 1497 ut
716 1457 953 1510 dependeat
983 1472 1155 1498 necesse
1187 1464 1263 1509 est,
1289 1460 1355 1500 uti
1386 1475 1437 1501 ex
1467 1436 1720 1511 1116-ΞῖἓὲῗέΞῖ

90 1524 222 1566 thodo
243 1525 455 1566 contraria
481 1526 717 1566 contrarius
744 1525 871 1579 plane
901 1525 962 1566 rei
984 1525 1134 1566 exitus.
1196 1527 1261 1567 Ex
1283 1528 1418 1569 calido
1440 1530 1555 1570 enim
1574 1530 1759 1582 Regimiqis

89 1593 172 1635 isto
205 1593 413 1648 regimine
444 1593 553 1634 nihil
583 1593 686 1634 boni
719 1593 922 1644 nascitur,
955 1594 1064 1634 sicut
1101 1609 1151 1635 ex
1187 1596 1378 1648 praecoci
1412 1597 1556 1639 fructu
1568 1576 1758 1650 ᾗῗζξῗςῗὲζ,

89 1659 198 1701 nihil
216 1661 354 1715 frugi;
386 1676 483 1702 cum
510 1662 756 1715 frequenter
781 1675 864 1702 usu
883 1661 1026 1702 veniat
1046 1667 1095 1702 ut
1116 1662 1182 1703 vel
1202 1663 1247 1702 in
1268 1663 1555 1717 phrenitidem
1572 1671 1619 1691 ἂρ·

90 1741 216 1782 aeger
234 1743 368 1783 prono
388 1730 508 1783 lapsu
528 1734 625 1770 ruat
638 1746 650 1779 3
681 1729 747 1770 vel
771 1729 899 1783 (quod
926 1730 1080 1784 pejoris
1108 1735 1235 1771 notae
1263 1732 1356 1784 est,)
1381 1733 1554 1774 sudores

88 1795 285 1850 ingentes
325 1797 585 1848 oboriantur,
627 1811 678 1837 ex
718 1797 872 1851 quibus
919 1803 1059 1851 partes
1098 1813 1187 1838 non
1228 1800 1391 1840 secerni
1430 1807 1554 1854 aptae

88 1877 227 1918 neque
256 1866 373 1919 puris
404 1871 582 1906 naturae
617 1865 922 1919 respondentes
958 1866 1086 1919 (quod
1120 1867 1261 1920 ipsrun
1296 1872 1443 1909 tamen
1474 1885 1554 1923 pus

90 1933 276 1985 genuina
296 1933 458 1974 soboles
486 1938 549 1974 est
573 1934 750 1988 hujusce
778 1935 1058 1987 excretionis,)
1084 1935 1358 1976 eliminentur
1371 1954 1383 1986 ,-
1414 1938 1480 1979 vel
1501 1954 1552 1980 ex

89 2000 288 2041 cardiacis
310 2001 390 2041 illis
418 2001 724 2041 administratis
752 2002 970 2055 calidaque
999 2003 1191 2043 custodia
1206 2004 1403 2047 Variolae
1424 2007 1552 2048 nimis

87 2074 307 2122 protrusae
328 2069 373 2109 in
394 2083 529 2109 unum
550 2069 780 2119 confluant,
802 2069 925 2110 foedo
953 2076 1067 2111 certe
1089 2072 1341 2124 spectaculo,
1363 2074 1550 2116 tristem-

88 2150 169 2190 que
191 2142 390 2178 eventum
410 2136 721 2177 interminanti.

151 2204 258 2259 [35.]
291 2205 435 2258 Atque
462 2205 566 2246 haec
593 2210 635 2246 et
656 2204 899 2258 hujusmodi
931 2210 1215 2259 symptomata
1235 2221 1286 2247 ex
1306 2207 1372 2248 his
1398 2211 1548 2251 errori-

24 2269 33 2280 ’
84 2272 165 2314 bus
185 2273 381 2327 progigni
403 2274 552 2323 solent,
571 2287 667 2314 cum
689 2287 738 2313 ex
761 2273 894 2314 altera
914 2274 986 2314 illa
1006 2275 1208 2315 methodo
1229 2275 1335 2316 nihil
1356 2291 1546 2331 unquam

84 2341 186 2382 mali
220 2341 539 2383 observaverim.
615 2342 786 2383 Natura
821 2342 936 2382 enim
972 2342 1052 2383 sibi
1087 2344 1290 2396 permissa
1324 2347 1546 2399 negotium

128 2481 141 2496 ²
166 2488 347 2522 opportunae
363 2506 370 2512 .
389 2506 395 2512 .
409 2506 416 2513 .
434 2481 653 2521 accommodae]
668 2482 718 2512 Sic
735 2482 783 2512 ed.
841 2488 949 2522 gerala
971 2485 1022 2512 illo
1043 2485 1246 2522 latissimaque
1270 2483 1317 2522 (al
1341 2487 1542 2526 ‹nris-thuana)

84 2527 147 2561 ⁵85,
160 2531 277 2556 -lana
294 2549 300 2556 .
319 2549 326 2556 .
341 2549 348 2555 .
365 2549 371 2555 .
391 2527 475 2556 moda
488 2525 556 2555 edd.
570 2527 632 2561 '603
646 2527 707 2560 ¹68,
721 2526 782 2556 ''A'’b'.
843 2528 971 2555 remedio
999 2524 1177 2565 (zyllaeogala
1203 2529 1348 2565 intelligo,
1374 2531 1422 2558 cai
1452 2541 1542 2560 cornu

127 2567 137 2587 f
159 2567 314 2608 aecomm]
340 2569 410 2598 add.
437 2569 505 2599 edd.
530 2570 592 2605 ³66,
621 2569 672 2598 ⁷68
703 2578 783 2607 quae
843 2571 922 2598 cervi
951 2579 1015 2597 cam
1047 2570 1220 2598 calendalae
1243 2571 1373 2608 floribus
1396 2573 1541 2603 incoctam

41 2634 43 2638 Α
84 2613 430 2652 sequnntur2—Aasin1
452 2614 551 2641 dicere
569 2622 604 2641 er
620 2613 672 2641 hoc
683 2610 781 2650 fimte,
832 2609 962 2650 fuerin)
980 2622 1034 2640 non
1060 2614 1155 2641 minas
1174 2614 1378 2650 imprudenter
1395 2619 1541 2646 alantur.-

83 2656 227 2685 malorum
263 2656 366 2685 Iliada
396 2656 582 2693 proflua-isse,
616 2665 717 2692 nempe
747 2665 783 2683 εἰ
842 2659 921 2683 certe
958 2656 1034 2683 enim
1066 2656 1165 2683 calido
1195 2654 1365 2694 hujusmodi
1395 2660 1540 2697 regitnine

83 2702 173 2728 aucta
189 2699 276 2727 nimis
287 2699 459 2727 ebullitione
475 2699 504 2726 in
518 2698 669 2735 principio
680 2698 782 2732 morbi,
837 2698 908 2735 plas
925 2698 997 2726 mali
1013 2699 1171 2735 quotannis
1185 2701 1360 2735 acret-silut,
1372 2710 1460 2738 qaam
1478 2703 1540 2732 alla

83 2741 152 2770 dnm
185 2742 377 2771 mulierculae
409 2741 517 2769 oblatis
552 2741 703 2769 cardiacis
734 2738 783 2777 (ut
841 2740 1027 2768 Astclicornm
1049 2742 1150 2777 praa-1⁷,
1176 2746 1433 2781 quantumcunque
1452 2747 1538 2781 peri-

78 2784 202 2822 puloere
230 2784 383 2819 Gasconis,
401 2784 579 2817 diosc-ordio,
596 2787 625 2811 ct
641 2784 674 2811 id
687 2792 784 2820 genas
841 2783 970 2811 culo-sane
998 2783 1071 2811 illae
1099 2784 1295 2819 arbitrentur,
1320 2789 1409 2824 alque
1439 2797 1458 2815 (ι
1488 2798 1539 2816 ra-

83 2825 180 2864 aliis,)
203 2827 279 2856 m‘lzil
307 2837 365 2855 non
396 2830 551 2865 satagant,
582 2829 614 2854 at
645 2824 688 2862 (si
719 2824 783 2853 Dm
843 2827 920 2854 tione
948 2824 1018 2862 (saa
1041 2825 1182 2864 scilieet,)
1208 2827 1421 2859 abhorrentem.
1459 2830 1540 2860 Mihi

78 2867 207 2906 ,ψη-εὴ)
231 2870 419 2907 expellantur
441 2870 543 2898 statim
575 2868 724 2902 Variolae,
747 2878 783 2896 ac·
842 2869 969 2906 quidem,
989 2868 1038 2907 ιζϊ.

83 2920 222 2941 venermm
235 2923 253 2942 a
266 2913 353 2942 corde
365 2916 560 2941 removeatur.
613 2911 675 2940 Imo
682 2908 780 2948 fami-
