1985 3308
390 195 476 235 270
631 193 769 235 ΤΗΟ.
803 194 1142 236 SYDENHAM
1175 193 1422 235 OBSERV.
1454 193 1601 234 MED.

203 308 358 340 Ancum.
391 300 572 342 attulere
593 300 802 355 speciosae
826 301 933 343 istae
952 300 1144 342 methodi
1164 301 1210 341 in
1231 299 1585 354 speculativorum
1604 297 1722 340 libris
1744 299 1848 341 satis

389 368 572 410 fidenter
593 369 854 423 descriptae,)
881 369 1023 410 animo
1043 383 1138 410 meo
1163 368 1268 408 haec
1288 367 1474 421 primum
1502 366 1684 420 agitanti
1704 367 1847 408 minus

389 437 719 488 satisfaciebant,
733 452 831 478 cum
846 451 992 491 reapse
1013 451 1242 486 cernerem,
1255 435 1418 476 ludicra
1432 435 1515 475 ista
1530 434 1847 476 cerebrosorum

389 510 631 546 commenta
650 505 712 546 ita
731 519 882 559 parum
903 505 956 545 ad
975 503 1352 557 redintegrandam
1373 516 1597 556 aegrorum
1618 503 1847 544 sanitatem

389 573 592 624 conferre,
614 579 664 614 ut
689 574 762 627 qui
782 573 836 613 ad
862 573 977 627 asyla
998 572 1101 613 haec
1126 571 1421 625 confugerant,
1447 570 1662 625 (quicquid
1685 571 1847 624 pollici-

389 647 585 683 tarentur
606 642 843 683 Thrasones
858 647 870 664 ²
893 639 1292 695 d0g1natici,);haud
1318 639 1483 680 meliori
1507 640 1553 680 in
1574 640 1665 680 loco
1690 645 1846 690 essent,

389 724 517 763 quam
545 710 630 763 qui,
658 709 853 763 neglecta
873 709 993 759 Arte,
1023 722 1067 748 se
1091 713 1204 749 totos
1229 708 1424 749 Naturae
1443 708 1736 762 permiserant.
1800 707 1847 748 Si

388 778 490 831 quid
520 792 598 831 ego
631 778 699 818 hic
729 791 867 830 egero,
896 791 979 831 quo
1008 776 1074 816 vel
1103 776 1292 830 periculi,
1313 776 1379 817 vel
1409 776 1539 817 etiam
1570 775 1845 826 difficultatis,

386 860 492 899 quae
521 846 568 885 in
598 846 662 885 his
692 845 851 886 morbis
885 844 1161 898 persanandis
1191 844 1440 897 plerumque
1473 849 1717 894 occurrunt,
1748 856 1846 897 pars

387 913 528 966 aliqua
546 913 720 964 levetur,
742 912 883 966 (quod,
901 913 1014 953 salva
1033 912 1298 962 verecundia,
1312 926 1381 953 me
1397 912 1503 952 mihi
1522 911 1710 966 polliceri
1724 925 1846 966 posse

387 982 537 1022 saltem
553 982 702 1034 spero‚)
724 995 897 1035 scopum
914 980 1211 1034 quadantenus
1228 985 1480 1034 assequutus
1502 995 1609 1030 sum,
1627 986 1671 1021 et
1692 979 1846 1021 dulcis·

387 1049 542 1090 simum
562 1049 741 1103 improbi
763 1049 932 1100 laboris,
954 1049 1001 1089 in
1021 1049 1134 1090 bono
1155 1049 1335 1106 proximi
1361 1049 1602 1102 quaerendo
1626 1053 1740 1090 recte
1761 1048 1846 1090 col·

385 1116 525 1168 locati,
559 1117 747 1158 fructum
779 1117 881 1159 fero.
945 1117 1064 1158 Haec
1100 1118 1326 1172 praecipua
1360 1118 1447 1158 fere
1481 1122 1582 1158 sunt
1616 1131 1723 1171 quae
1754 1118 1846 1171 Jam

386 1185 522 1225 habeo
543 1190 757 1239 comperta
777 1186 857 1238 (vel
878 1186 1027 1226 saltem
1050 1185 1103 1226 ad
1123 1186 1375 1227 methodum
1395 1186 1580 1239 aliquam
1602 1186 1700 1226 novi
1720 1185 1845 1226 redu-

387 1255 510 1307 ce1·e‚)
535 1254 645 1294 circa
665 1254 834 1304 Febres,
858 1259 900 1294 et
926 1259 1210 1308 symptomata
1231 1268 1338 1308 quae
1369 1254 1421 1295 ab
1450 1254 1608 1295 eisdem
1641 1253 1843 1308 pendent,

389 1321 441 1362 ad
473 1322 588 1363 hunc
622 1337 754 1376 usque
785 1324 842 1364 30
868 1322 1116 1364 Decembris
1152 1322 1277 1373 diem,
1314 1336 1427 1364 anno
1465 1323 1589 1373 1675,
1625 1335 1708 1376 quo
1740 1322 1848 1364 haec

389 1389 621 1431 conscribo.

637 1497 648 1511 ²
675 1493 801 1530 Thraso,
816 1503 932 1524 nomen
949 1493 1078 1533 gloriosi
1096 1493 1208 1524 militis
1224 1493 1309 1534 apud
1326 1493 1451 1523 Terent.
1470 1493 1501 1523 in
1519 1494 1596 1524 Eun.

1033 1619 1188 1656 FINIS.

780 1720 898 1774 Δόξα
919 1720 977 1776 τῷ
997 1721 1040 1762 ἐν
1061 1720 1261 1776 ὑψίστοις
1285 1720 1443 1761 ΘΕΩι.
