1985 3308
769 138 935 176 INDEX
966 137 1171 176 RERUM.

170 238 204 269 in
235 239 424 281 dysenteria,
459 240 538 276 171;
572 240 748 272 infantibus
777 251 842 282 qua
871 240 938 272 dosi

170 282 361 321 exhibenda,
379 284 460 320 174ς
491 284 546 314 diu
563 284 614 315 hic
635 289 787 324 usurpata
804 294 867 314 non
882 294 939 314 no-

170 330 244 355 cent
267 327 345 356 adeo
368 336 404 357 ac
428 327 584 366 inexperti
607 327 750 363 credunt,
771 327 848 362 173;
873 327 940 357 die-

170 367 230 398 bus
245 379 264 399 a
286 369 475 409 purgatione
498 369 606 400 liberis
629 379 726 410 qnare
749 369 940 406 exhibenda,

173 410 250 445 172:
283 421 380 451 quare
403 417 476 452 post
498 412 674 442 cathartica
698 412 837 451 singula,
858 413 938 448 172;

170 452 204 482 in
230 453 411 493 dysenteria
433 455 667 494 praefractiore,
695 455 831 494 quoties,
858 455 937 490 173;

169 494 204 525 in
233 506 295 526 non
323 497 510 537 epidemica,
542 498 668 527 omissis
697 498 938 534 evacuantibus,

173 537 252 573 178;
278 539 311 569 in
328 540 507 580 dysenteria
522 540 618 570 febris
634 550 733 570 novae
748 540 884 580 epidem.
901 551 940 570 ex

169 581 360 612 torminibus
371 583 490 612 ventris
501 588 577 619 orta,
589 584 666 618 5()0;
683 583 716 612 in
727 583 810 613 febre
821 583 938 613 contin.

169 629 241 663 post
261 625 478 662 vomitorium,
493 627 551 661 453
577 626 609 655 in
631 626 716 655 febre
738 626 860 665 dysent.
881 636 938 655 no-

169 671 252 703 cent,
266 668 321 697 181
334 680 341 703 ;
366 678 402 698 ea
415 674 537 704 curata,
548 678 646 708 quare
659 668 847 705 conducant,
862 669 937 703 1823

169 709 294 748 quoties
323 720 397 741 vero
425 715 456 741 et
481 711 608 750 quando
637 711 826 747 exhibenda,
858 712 938 746 1823

169 750 202 781 in
227 752 313 782 febre
333 753 469 793 epidem.
492 764 564 783 ann.
587 753 738 785 '73—'75
761 763 825 783 non
845 753 938 784 facile

168 793 203 823 in
234 805 329 825 usum
354 800 444 826 erant
469 796 656 832 revocanda,
680 797 760 831 216;
792 796 824 826 in
852 796 938 826 febre

169 836 307 876 epidem.
323 848 416 876 nova,
436 840 509 874 499,
530 841 610 875 50ος
636 839 661 869 si
682 839 852 879 purgantia
874 849 937 869 non

169 885 347 921 assumpta,
361 881 438 911 hora
460 882 563 912 somni
580 891 642 912 non
666 881 781 917 danda,
798 882 856 912 491
873 894 880 915 ς
905 881 938 911 in

168 921 267 961 hujus
302 924 401 959 exitu,
432 924 471 954 ad
505 924 694 965 expellenda
722 929 937 964 symptomata

168 963 297 1001 leviora,
311 966 349 996 ab
362 967 624 998 evacuationibus
637 967 778 1007 repetitis
789 967 937 1004 excitata,

169 1008 250 1043 505;
275 1008 307 1038 in
324 1009 464 1039 febribus
481 1010 645 1040 intermitt.
665 1014 737 1050 post
751 1010 936 1046 cathartica,

169 1050 208 1082 87
224 1063 231 1086 ς
255 1051 287 1081 in
304 1051 390 1082 febre
406 1052 576 1083 scarlatina
597 1052 780 1089 infantium,
797 1054 878 1087 2443
904 1053 937 1082 in

166 1093 308 1123 febribus
329 1099 400 1135 post
415 1096 595 1135 purgantia,
613 1097 692 1131 505;
718 1100 788 1135 post
803 1095 937 1126 emetiea

167 1135 201 1165 in
230 1136 372 1167 febribus
402 1138 596 1174 vernalibus,
630 1138 691 1173 75;
727 1138 759 1168 in
789 1138 935 1168 haemor-

166 1177 279 1218 rhagia
307 1180 446 1217 narium,
476 1182 559 1217 2685
594 1181 628 1211 in
657 1180 842 1220 hydropica,
874 1191 937 1220 qua

166 1221 288 1252 ratione
311 1223 462 1259 exhibita,
480 1225 560 1259 46&
592 1224 625 1254 in
649 1223 808 1264 hysterica
824 1223 937 1261 affect„

168 1265 241 1301 384,
271 1266 355 1300 3853
396 1266 570 1297 curationis
599 1267 698 1306 hujus
727 1266 829 1302 initio,
862 1266 936 1304 378,

168 1306 251 1342 379ς
282 1308 338 1338 ubi
369 1308 458 1339 dolor
486 1309 537 1339 vel
566 1310 715 1346 vomitus,
743 1319 936 1349 paroxysmo

166 1354 310 1389 urgente,
328 1360 468 1390 quanam
485 1362 559 1382 eum
576 1351 860 1391 circumspectione
880 1362 933 1382 ex-

165 1391 314 1430 hibenda,
332 1394 404 1430 392,
419 1395 480 1425 393
495 1407 502 1430 3
527 1394 559 1424 in
578 1395 701 1424 vomitu
717 1394 840 1424 enormi
856 1405 934 1434 quo-

165 1435 261 1465 modo
282 1436 471 1473 exhibenda,
497 1439 568 1473 393,
594 1439 677 1472 39³st
708 1437 742 1467 in
766 1437 838 1472 ileo,
863 1442 936 1467 ante

165 1479 350 1518 purg-antia,
375 1481 454 1515 503;
486 1480 696 1520 purgantium
719 1480 935 1519 operationem

165 1520 314 1551 deorsum
330 1522 472 1562 adjuvat,
490 1524 572 1558 503;
603 1523 636 1552 in
657 1522 834 1552 lochiorum
857 1533 934 1563 sup-

163 1563 327 1603 pressione
343 1574 381 1594 ex
396 1564 556 1604 hysterica
571 1564 686 1602 affect.,
699 1566 779 1600 398;
801 1565 835 1594 in
847 1575 934 1595 men-

164 1606 251 1636 sium
273 1606 365 1638 fluxu
388 1607 570 1644 immodico,
595 1609 678 1643 401;
707 1608 741 1638 in
765 1607 934 1645 morbillis,

167 1649 251 1684 186;
283 1649 316 1680 in
345 1650 524 1691 nephritico
551 1660 753 1691 paroxysmo,
772 1650 869 1691 ,527ς
900 1651 933 1681 in

164 1687 346 1732 nephrftide
360 1703 397 1723 ex
413 1693 573 1733 hysterica
589 1694 704 1730 affech,
723 1694 802 1730 3953
825 1693 860 1723 in
877 1704 932 1724 ne-

163 1734 304 1774 phritide
327 1745 367 1765 ex
387 1736 529 1776 podagra
551 1736 760 1773 diuturniore,
785 1737 866 1771 448;
899 1737 933 1766 in

164 1777 354 1817 phrenitide,
368 1779 510 1814 56—-58;
534 1779 567 1809 in
578 1779 757 1819 phrenitide
767 1789 784 1809 a
794 1779 935 1816 variolis,

166 1820 247 1856 566;
271 1821 304 1850 in
324 1821 465 1861 podagra
484 1821 668 1859 inveterata,
691 1824 773 1858 448;
797 1822 831 1851 in
854 1822 934 1861 pod-

165 1863 280 1903 agricis
295 1863 419 1894 calculo
434 1864 664 1901 laborantibus,
681 1866 744 1894 524
757 1877 764 1900 ;
787 1864 822 1894 in
837 1864 934 1894 rheu-

165 1906 325 1941 matismo,
340 1908 412 1943 258,
425 1907 504 1943 302;
534 1907 568 1937 in
583 1907 644 1937 hoc
660 1907 768 1937 morbo
784 1907 933 1946 frequen—

165 1948 255 1978 tioris
285 1949 551 1980 venae-sectionis
576 1960 673 1980 causa
697 1959 765 1979 esse
790 1954 935 1989 possunt,

166 1993 248 2026 258ς
277 2002 382 2032 neque
408 1992 441 2022 in
467 1992 576 2031 vigore
605 1992 709 2022 morbi
736 1990 937 2031 ἀναλγησίαν

164 2039 337 2074 praestant,
355 2036 435 2070 258:
459 2039 566 2066 tamen
583 2035 732 2065 morbum
744 2045 808 2065 non
819 2035 934 2074 figunt,

165 2077 193 2107 si
209 2077 382 2107 cathartica
397 2078 524 2118 saepius
539 2078 694 2108 iterentur
715 2083 787 2118 post
807 2077 935 2108 tertiam

164 2120 468 2157 venae-sectionem,
486 2122 564 2156 3023
588 2121 622 2150 in
638 2121 719 2151 tussi
735 2120 870 2161 epidem.
881 2120 934 2152 ’75

164 2162 352 2202 periculosa,
370 2164 450 2199 228;
472 2162 506 2193 in
524 2163 663 2199 variolis,
683 2163 753 2199 139,
773 2164 844 2199 142,
863 2164 934 2200 144,

166 2206 244 2241 5653
265 2205 392 2245 quando
402 2206 572 2247 praecipue
583 2207 646 2236 sint
657 2206 847 2243 exhibenda,
858 2207 933 2242 349;

165 2247 343 2278 infantibus
357 2248 411 2278 vix
427 2249 616 2286 exhibenda,
636 2251 708 2286 142,
723 2250 803 2285 223;
828 2249 934 2279 infan-

165 2291 251 2321 tibus
267 2301 330 2321 non
347 2291 392 2321 ita
407 2292 602 2329 conducunt,
616 2293 690 2329 349,
705 2293 782 2327 353;
808 2292 936 2332 quando

165 2343 241 2373 ergo
271 2334 457 2371 exhibenda,
488 2336 568 2370 35:3;
608 2335 641 2365 in
670 2335 800 2365 variolis
829 2344 935 2365 anom.

165 2376 276 2416 nigris,
296 2378 367 2413 191,
386 2378 456 2414 193,
473 2378 549 2413 223;
574 2378 607 2407 in
624 2377 750 2408 variolis
763 2377 854 2408 confi.
872 2377 936 2408 fere

166 2419 325 2460 specifica,
343 2421 404 2450 348
421 2430 487 2460 sq.,
511 2420 642 2460 spiritus
660 2421 852 2461 consopiunt
875 2419 934 2450 ali-

165 2462 304 2502 quand0,
335 2467 368 2493 et
397 2462 456 2493 hoc
487 2473 584 2493 sensu
610 2468 752 2504 prosunt,
783 2464 865 2498 31&
896 2463 936 2492 ad

166 2504 297 2545 spiritus
329 2506 576 2545 compescendos
612 2516 675 2536 non
709 2506 837 2546 juvant,
873 2505 935 2535 nisi

165 2557 260 2587 aeger
275 2558 292 2578 e
308 2547 428 2578 lectulo
441 2549 612 2584 eximatur,
630 2550 689 2579 351
703 2561 709 2583 3
735 2548 936 2589 eruptionem

165 2590 346 2631 perficiunt,
363 2591 440 2626 137:
466 2601 616 2621 somnum
631 2591 831 2622 conciliando
842 2591 937 2631 phre-

165 2633 257 2663 nesin
271 2638 431 2669 avertunt,
447 2635 519 2670 142,
531 2635 608 2669 144;
633 2633 854 2664 salivationem
867 2643 936 2673 pro-

163 2681 304 2712 movent,
322 2678 393 2712 1-1-1,
411 2678 470 2707 142
485 2689 492 2711 ς
517 2682 548 2707 et
571 2677 597 2706 si
613 2677 691 2707 haec
712 2677 752 2707 ad
766 2677 860 2707 horas
876 2676 934 2706 ali-

165 2724 244 2759 quot
256 2719 294 2749 iis
308 2719 397 2758 quasi
415 2720 548 2756 sistitur,
562 2730 638 2750 mox
649 2719 774 2750 felicius
788 2720 936 2758 resurgit,

168 2762 239 2797 142,
257 2763 335 2797 353;
368 2766 441 2802 post
464 2763 756 2793 venae-sectionem
779 2763 812 2792 in
835 2763 936 2792 mictu

165 2803 216 2834 vel
244 2810 339 2845 sputo
363 2805 531 2845 sanguinis
557 2805 590 2835 in
619 2806 680 2836 hoc
707 2806 827 2841 morbo,
854 2807 934 2840 5193

165 2847 264 2877 missa
291 2848 480 2878 necessitate
510 2848 573 2878 alio
609 2852 751 2889 tempore
783 2848 935 2879 exhiben-

165 2889 208 2926 di,
233 2891 284 2920 6²2
311 2895 404 2921 nocte
433 2891 472 2921 ab
499 2891 664 2921 invasione
694 2891 808 2927 danda,
833 2896 864 2921 et
891 2891 936 2922 sic

165 2933 253 2963 omni
270 2944 397 2973 vespera
414 2934 453 2964 ad
473 2934 592 2966 17¹¹¹¹¹m
607 2934 702 2971 diem,
715 2935 790 2972 351,
805 2934 844 2965 cf.
857 2934 934 2968 565:

1691 142 1765 179 641

995 238 1073 269 hora
1087 248 1162 270 vero
1178 238 1228 270 6ῑει
1251 239 1302 269 vel
1318 238 1386 272 7ma
1402 240 1583 278 vespertina
1598 242 1766 279 sumenda,

999 283 1077 317 1·l-2;
1106 283 1182 312 ll'¹¹o
1198 282 1249 312 die
1265 282 1440 321 temporius
1456 284 1665 323 propinanda,
1683 286 1741 315 351
1758 297 1767 320 ς

994 324 1168 364 aliquando
1182 325 1230 354 bis
1249 325 1402 365 quotidie,
1420 325 1592 364 aliquando
1613 331 1660 357 ter
1675 327 1765 358 exhi—

994 367 1109 403 benda,
1119 368 1196 402 352;
1215 367 1246 397 in
1259 367 1387 397 variolis
1398 367 1501 404 discr„
1513 369 1566 398 ubi
1577 369 1767 408 inquietudo

994 414 1026 439 et
1041 410 1171 449 vigiliae
1185 410 1400 451 phrenitidem
1421 410 1583 448 minitant,
1604 413 1675 450 139,
1694 414 1764 450 142,

995 452 1070 482 566.

1039 495 1228 535 Paroxysmi
1244 494 1381 525 febrium
1403 495 1566 526 intermitt.
1585 496 1765 536 descriptio,

995 537 1035 569 70
1050 550 1056 573 ;
1090 539 1159 577 ejus
1188 538 1248 568 tria
1279 538 1404 568 diversa
1433 542 1588 578 tempora,
1619 540 1671 575 68,
1702 540 1761 575 7ος

994 580 1477 621 paroxysmorumreduplicatio
1485 592 1523 611 ex
1531 581 1767 621 duplicicausa,

994 624 1046 659 70,
1059 624 1095 655 71
1110 635 1116 658 ;
1139 634 1237 663 quare
1247 628 1447 654 revertantur
1457 624 1548 654 statis
1558 625 1766 663 temporibus,

994 667 1053 700 69;
1080 667 1206 696 corticis
1223 666 1337 696 PeruV.
1352 676 1411 707 ope
1423 667 1542 696 sensim
1553 667 1764 706 opprimendi,

994 710 1033 737 83
1047 720 1053 743 ;
1080 719 1291 749 paroxysmus
1307 709 1465 749 podagrae
1481 719 1539 739 cur
1555 710 1594 739 ab
1606 720 1764 740 evacuan-

992 750 1079 781 tibus
1101 752 1268 789 excitetur,
1284 753 1365 787 42l;
1391 762 1430 782 ex
1452 752 1531 782 serie
1554 762 1765 792 paroxysmu-

993 793 1097 823 lorum
1128 798 1263 830 constat,
1294 795 1355 824 412
1386 805 1446 834 sq.,
1475 797 1549 831 423,
1578 797 1652 830 443,
1683 796 1740 826 611
1757 809 1764 831 ς

993 837 1120 866 brevior
1137 843 1192 867 aut
1209 837 1390 867 diuturnior
1405 842 1453 867 est
1472 847 1528 877 pro
1549 842 1652 868 aetate
1667 839 1765 877 aegri,

992 880 1056 909 412
1072 891 1078 914 ;
1103 879 1288 919 irregularis
1308 881 1467 919 quomodo
1483 891 1501 910 a
1515 880 1654 919 regulari
1675 881 1763 911 diss'e-

993 926 1051 958 rat,
1068 923 1140 959 412,
1157 924 1219 952 413
1233 935 1240 957 ;
1263 923 1371 952 mitior
1391 923 1486 953 citius
1502 923 1627 961 redibit,
1644 924 1766 954 saevior

992 975 1056 995 non
1073 964 1133 994 nisi
1151 970 1222 1005 post
1238 975 1369 1001 annum,
1387 967 1460 996 412.

1036 1007 1224 1044 Particulae,
1242 1018 1323 1047 quas
1346 1008 1445 1038 semel
1469 1018 1639 1038 excernere
1662 1009 1765 1049 coepit

993 1050 1134 1090 sangnis,
1152 1061 1209 1081 eur
1224 1062 1242 1082 a
1258 1051 1385 1081 Natura
1400 1051 1474 1081 ferri
1489 1051 1628 1091 amplius
1645 1061 1762 1091 neque-

993 1097 1058 1128 ant,
1078 1094 1129 1123 42.

1036 1135 1153 1166 Partus
1169 1135 1348 1166 laboriosus
1368 1135 1402 1166 in
1423 1135 1608 1177 apoplexiae
1625 1136 1764 1176 speciem

993 1178 1175 1218 frequenter
1190 1179 1330 1219 conjicit,
1348 1180 1420 1209 365.

1037 1221 1148 1251 Passio
1161 1221 1329 1261 hysterica.
1349 1220 1393 1260 [v.
1414 1222 1579 1261 Hysterica
1596 1222 1754 1262 Affectia]

1036 1263 1196 1304 Pauperes
1220 1275 1238 1294 a
1259 1264 1456 1304 gonorrhoea
1474 1263 1568 1295 virul.
1592 1264 1767 1304 aliquando

992 1306 1116 1336 liberati
1133 1307 1222 1337 fuere
1238 1307 1305 1337 sola
1316 1307 1429 1347 jalapii
1446 1307 1561 1343 radice,
1579 1308 1653 1338 313.

1036 1349 1213 1380 Pectoralia
1228 1350 1462 1380 medicamenta
1483 1349 1632 1389 vulgaria
1648 1350 1763 1381 tussim

993 1402 1090 1431 qnare
1106 1402 1170 1422 non
1187 1403 1297 1423 curare
1311 1393 1445 1433 possint,
1465 1393 1536 1429 293,
1554 1394 1627 1423 294.

1036 1435 1139 1465 Pedes
1154 1435 1187 1464 in
1205 1436 1344 1475 podagra
1364 1435 1516 1465 materiae
1535 1435 1698 1475 peccantis
1714 1446 1763 1466 se—

994 1477 1048 1507 des
1065 1482 1140 1507 sunt
1150 1478 1300 1517 genuina,
1313 1479 1391 1513 4l3;
1415 1478 1449 1507 in
1461 1478 1620 1517 podagrae
1634 1478 1763 1517 irregul.

993 1529 1259 1560 paroxysmorum
1279 1520 1458 1550 intervallis
1474 1520 1527 1550 vix
1544 1530 1689 1560 unquam
1709 1522 1768 1551 do-'

992 1562 1069 1592 loris
1085 1567 1161 1593 sunt
1177 1567 1331 1603 expertes,
1354 1564 1437 1597 4143
1467 1563 1501 1592 in
1517 1563 1675 1602 podagrae
1690 1573 1763 1602 par-

993 1605 1120 1645 oxysmi
1138 1616 1276 1643 recessu,
1295 1605 1454 1646 quomodo
1471 1605 1662 1642 afficiantur,
1675 1607 1750 1636 412.

1037 1647 1195 1678 Pellicula
1220 1648 1253 1678 in
1280 1648 1411 1678 variolis
1436 1658 1542 1678 anom.
1569 1648 1660 1679 confl.
1689 1649 1765 1679 anni

992 1691 1044 1723 '70
1061 1690 1177 1721 faciem
1197 1690 1277 1721 11m⁰
1293 1691 1344 1721 die
1358 1691 1522 1730 obtegens,
1541 1692 1610 1721 190.

1036 1733 1132 1764 Penis
1147 1739 1256 1764 tumor
1270 1734 1303 1764 in
1319 1734 1518 1774 gonorrhoea
1527 1733 1688 1773 quomodo
1701 1735 1766 1765 dis-

992 1776 1172 1813 cutiendus,
1192 1778 1263 1808 590.
1280 1776 1325 1816 [V.
1345 1779 1527 1813 Curvatura,
1544 1776 1666 1817 Dolon]

1036 1819 1256 1859 Peregrinatio
1292 1830 1404 1850 versus
1439 1824 1583 1849 austrum
1614 1820 1700 1850 unde
1728 1820 1762 1850 in

993 1862 1153 1892 chronicis
1186 1862 1336 1893 curandis
1370 1862 1416 1892 ita
1443 1862 1615 1902 insigniter
1652 1863 1764 1903 prosit,

1037 1947 1342 1977 PERIPNEUMONIA
1369 1946 1458 1988 (De)
1487 1946 1630 1984 No'rnA,
1656 1948 1765 1978 252—

994 1991 1067 2026 255,
1085 1991 1158 2026 555,
1177 1991 1249 2020 556.

1036 2032 1324 2072 Peripneumoniae
1351 2032 1468 2063 nothae
1489 2032 1659 2072 descriptio
1689 2034 1763 2069 252,

994 2077 1068 2111 253,
1089 2076 1164 2111 477,
1179 2077 1260 2110 555;
1292 2085 1310 2105 a
1332 2075 1418 2105 febre
1440 2074 1593 2115 hyemali,
1615 2085 1679 2105 non
1701 2076 1763 2106 nisi

992 2118 1094 2157 gradu
1118 2118 1232 2154 differt,
1255 2118 1338 2153 477;
1369 2128 1525 2158 quosnam
1549 2118 1762 2157 aggrediatur,

994 2162 1071 2196 252;
1089 2161 1173 2191 unde
1185 2161 1314 2198 oriatur,
1326 2162 1365 2191 25
1376 2164 1404 2196 t;
1422 2171 1497 2191 cum
1510 2161 1667 2191 asthmate
1679 2161 1765 2191 sicco

991 2203 1025 2233 in
1050 2203 1197 2243 pluribus
1225 2204 1429 2240 conveniens,
1454 2203 1488 2233 in
1519 2203 1632 2234 multis
1655 2208 1763 2234 tamen

993 2246 1108 2283 differt,
1130 2248 1203 2283 254,
1228 2248 1301 2284 255,
1325 2248 1407 2281 555;
1433 2245 1619 2287 cumlfebre
1641 2246 1764 2286 incipit,

994 2291 1078 2325 253;
1106 2289 1202 2319 febris
1221 2289 1313 2329 signa
1334 2289 1429 2319 habet
1451 2289 1575 2319 minora
1593 2299 1691 2329 quam
1710 2299 1764 2329 pe-

992 2332 1149 2372 ripneum.
1167 2342 1250 2368 vera,
1269 2333 1342 2369 255,
1360 2333 1445 2367 555;
1468 2332 1565 2362 febris
1580 2342 1638 2371 pro
1654 2332 1765 2362 morbo

992 2375 1144 2415 primario
1166 2375 1322 2411 habenda,
1343 2379 1374 2405 et
1396 2374 1511 2414 reliqui
1535 2373 1666 2404 affectus
1691 2379 1764 2405 tan-

993 2428 1091 2458 quam
1107 2422 1334 2458 symptomata,
1350 2418 1425 2454 239,
1441 2418 1502 2449 247
1517 2430 1524 2453 3
1547 2422 1765 2457 symptomata

994 2471 1152 2500 quaenam
1179 2460 1303 2497 habeat,
1330 2461 1404 2497 253,
1427 2461 1512 2496 555;
1543 2460 1652 2500 qualia
1673 2460 1766 2500 signa

994 2503 1294 2544 patbognomonica,
1308 2504 1499 2538 487—490;
1521 2502 1684 2542 quomodo
1707 2513 1763 2533 cu-

994 2551 1091 2583 retur,
1110 2548 1183 2583 253,
1200 2547 1274 2582 254,
1291 2547 1363 2576 555.
1407 2545 1677 2585 Peripneumonia
1692 2555 1767 2576 vera

994 2589 1153 2629 quomodo
1170 2599 1188 2619 a
1203 2588 1373 2629 pleuritide
1395 2588 1528 2624 differat,
1546 2589 1609 2618 254
1622 2588 1765 2623 ;·eodem

994 2632 1089 2662 modo
1112 2637 1252 2667 curatur,
1274 2633 1356 2666 2513
1378 2631 1411 2661 in
1435 2630 1602 2667 morbillis,
1625 2630 1764 2666 lethalis,

997 2676 1068 2711 185,
1102 2676 1181 2709 1863
1218 2674 1477 2704 venae-sectione
1507 2674 1660 2710 curanda,
1693 2675 1764 2710 186,

998 2718 1067 2750 187.
1086 2717 1384 2757 Peripneumoniae,
1399 2716 1564 2747 desinente
1573 2726 1658 2752 vere,
1669 2717 1764 2753 unde,

997 2761 1056 2795 733
1081 2770 1178 2790 verno
1197 2765 1338 2800 tempore
1362 2759 1501 2790 Londini
1526 2769 1610 2789 anno
1627 2761 1678 2789 ’65
1696 2765 1765 2799 post

996 2803 1145 2843 hyemem
1160 2803 1308 2843 frigidam
1322 2807 1351 2832 et
1367 2802 1488 2832 siccum
1502 2801 1588 2841 gelu,
1600 2803 1658 2837 953
1681 2802 1764 2842 peri-

995 2846 1190 2886 pneumonia
1201 2851 1231 2876 et
1242 2845 1428 2885 pleuritides
1438 2845 1563 2876 constit.
1578 2847 1630 2878 ’75
1642 2845 1765 2875 soboles

994 2893 1120 2919 tantum
1134 2889 1232 2919 tussis
1245 2888 1337 2919 istius
1347 2888 1454 2923 febris,
1466 2888 1526 2919 227
1538 2901 1544 2923 ς
1567 2892 1596 2918 et
1607 2888 1765 2918 diversam

995 2943 1011 2962 a
1028 2932 1197 2972 pleuritide
1214 2931 1370 2962 medelam
1388 2931 1565 2970 exigebant,
1585 2931 1656 2962 227.

927 2986 1004 3023 4x
