1985 3308
607 123 953 167 TRACTATUS
986 124 1022 165 Ι.
1462 126 1545 166 421

91 234 268 288 ἀταξίαν
282 248 590 288 nonnunquam
607 232 802 274 excitavit
818 250 830 283 ;
850 232 966 273 unde
983 245 1070 272 non
1085 234 1258 272 tantum
1271 245 1546 286 paroxysmus
1576 247 1631 278 DE
1649 248 1739 278 Pon-

89 304 225 358 magis
264 303 559 353 invalescebat,
592 302 665 343 sed
705 306 748 342 et
784 314 909 354 aeger
943 300 989 340 in
1023 300 1134 340 vitae
1170 300 1397 340 discrimen
1432 301 1548 342 haud

89 370 266 412 obscure
291 370 608 425 conjiciebatur.
671 368 851 419 Deinde,
874 367 1107 408 cathartica
1131 367 1177 407 in
1197 367 1282 408 fine
1307 369 1549 422 paroxysmi

87 443 304 492 usin-pata,
333 453 431 479 cum
458 438 596 480 morbi
622 436 820 490 reliquias
849 435 1013 476 amoliri
1042 435 1280 485 debuerint,
1306 435 1351 475 id
1375 440 1549 476 tantum

89 521 213 560 egere
253 514 302 549 ut
341 523 488 549 recens
526 521 802 562 paroxysmus
843 506 894 546 de
934 519 1043 546 novo
1078 505 1401 558 suppullularet,
1432 505 1549 546 haud

87 575 232 615 mitior
257 576 386 629 priori
415 577 496 617 isto
510 593 521 626 3
554 581 682 629 atque
709 575 770 614 ita
791 588 928 627 aeger,
952 587 1023 627 spe
1047 573 1154 613 falsa
1172 573 1368 623 lactatus,
1391 587 1440 614 ea
1468 574 1548 614 sibi

87 642 266 684 fabricat
288 644 412 693 mala,
436 658 543 697 quae
564 658 652 684 non
679 643 818 683 fuerat
840 656 1060 696 perpessus
1082 641 1165 682 nisi
1185 641 1384 682 humores
1407 641 1547 683 denuo

86 710 133 751 in
157 710 318 751 rabiem
344 716 587 764 agerentur.
651 711 778 752 Quod
804 724 938 763 genus
966 709 1225 750 incommodi
1249 710 1427 764 ipsemet
1451 711 1546 764 plus

87 779 218 819 semel
249 783 448 832 expertus
484 794 592 830 sum,
624 779 743 819 Artis
775 779 971 819 Medicae
1007 793 1130 832 opem
1159 783 1428 833 praepostere
1466 780 1546 821 im-

85 847 258 901 plorans
285 847 338 887 ad
364 847 652 888 exturbandas
678 847 742 899 (ut
769 846 874 886 mihi
895 846 1146 899 videbatm·,)
1175 846 1373 900 reliquias
1395 847 1545 889 morbi.

85 915 320 965 Postremo,
345 914 457 969 quod
477 915 775 969 purgationem
797 914 952 954 attinet
974 915 1098 954 certis
1119 914 1351 955 intervallis
1373 920 1415 956 et
1436 916 1546 957 inte-

87 998 164 1037 gra
189 984 371 1024 sanitate
398 983 689 1036 repetendam,
717 986 767 1022 ut
794 996 1045 1036 paroxysmo
1074 987 1196 1023 eatur
1223 983 1388 1024 obviam
1419 989 1547 1038 atque

87 1051 124 1092 ei
160 1051 300 1092 aditus
336 1050 633 1105 praecludatur
644 1068 655 1100 3
697 1050 777 1091 etsi
816 1050 943 1103 (quod
979 1055 1042 1090 est
1077 1051 1329 1104 satendum,)
1363 1066 1452 1093 non
1486 1053 1547 1094 ita

85 1134 285 1173 praesens
313 1119 548 1173 periculum
570 1124 633 1159 est
654 1132 709 1159 116
736 1132 844 1159 nova
870 1118 1049 1158 accessio
1069 1119 1286 1170 invitetur,
1310 1125 1437 1173 atque
1463 1121 1546 1162 fuit

86 1188 133 1228 in
164 1202 263 1229 casu
293 1188 384 1242 jam
415 1187 540 1237 dicto,
571 1202 668 1228 eum
699 1201 824 1240 aeger
853 1186 1047 1227 nondum
1078 1186 1155 1239 ἔξω
1185 1186 1340 1237 βέλους
1370 1189 1545 1230 omnino

86 1256 215 1297 fuerit
229 1274 240 1306 ;
283 1262 429 1297 tamen
457 1256 585 1296 etiam
612 1256 692 1296 hoc
718 1261 908 1309 tempore
936 1269 1237 1308 paroxysmum
1264 1257 1388 1309 parit,
1417 1257 1545 1311 idque

87 1324 141 1365 ob
169 1339 315 1365 causas
342 1339 469 1378 supra
496 1329 774 1365 memoratas:
809 1338 891 1376 quo
922 1323 1033 1363 malo
1061 1323 1095 1363 si
1120 1323 1229 1364 forte
1256 1339 1431 1378 aegrum
1457 1341 1546 1367 non

87 1392 233 1432 statim
267 1391 525 1442 multaverit,
557 1392 804 1432 nullatenus
835 1395 981 1431 tamen
1012 1405 1112 1431 611111
1147 1405 1171 1431 a
1201 1392 1350 1433 morbo
1380 1394 1544 1445 liberat,

87 1460 403 1514 quantumlibet
424 1464 670 1500 constanter
691 1464 731 1499 et
753 1458 905 1499 debitis
929 1458 1160 1499 intervallis
1182 1460 1414 1502 cathartica
1442 1462 1547 1504 haec

84 1527 208 1569 illave
228 1528 515 1581 assumpserit.
578 1527 784 1569 Quinimo
805 1527 1036 1567 nonnullos
1057 1527 1155 1567 novi
1176 1527 1276 1568 huic
1298 1529 1445 1570 morbo
1473 1531 1547 1571 ob-

85 1596 246 1647 noxios,
270 1596 342 1650 qui
367 1596 551 1636 catharsi
577 1609 665 1636 non
693 1595 830 1635 solum
851 1609 947 1635 vere
975 1599 1017 1635 et
1045 1600 1266 1646 autumno,
1290 1597 1364 1637 sed
1390 1603 1433 1638 et
1461 1599 1547 1639 sin-

87 1664 196 1718 gulis
217 1664 448 1715 mensibus,
470 1664 556 1704 imo
587 1668 630 1705 et
661 1664 908 1717 septimanis
937 1664 1164 1714 continuis,
1188 1664 1411 1716 celebrata,
1436 1667 1546 1707 sani-

85 1733 166 1774 tati
211 1733 408 1784 litabant,
448 1746 587 1786 neque
638 1736 786 1773 tamen
830 1732 984 1772 horum
1037 1733 1261 1786 quisquam
1307 1734 1547 1788 Podagram

87 1803 261 1855 effugit,
314 1816 420 1855 quae
451 1801 604 1842 exhinc
639 1800 849 1841 crudelius
884 1801 1120 1854 plerunque
1151 1806 1194 1842 et
1224 1802 1548 1845 immanioribus

88 1869 383 1924 symptomatis
419 1883 488 1909 eos
522 1868 768 1922 impetebat,
800 1883 927 1922 quam
964 1869 999 1908 si
1035 1868 1087 1908 ab
1119 1870 1237 1909 omni
1267 1871 1548 1913 medicatione

88 1937 168 1978 sibi
206 1941 538 1991 temperassent:
589 1936 686 1977 licet
728 1936 842 1976 enim
878 1937 969 1989 jam
1006 1936 1119 1977 dicta
1158 1939 1356 1991 purgatio
1397 1953 1549 1981 causac

88 2006 346 2047 continentis
371 2010 537 2059 partem
564 2004 749 2058 aliquam
777 2004 908 2057 possit
933 2004 1125 2055 educere,
1148 2019 1247 2045 cum
1273 2011 1419 2047 tamen
1447 2022 1548 2049 con-

88 2074 269 2115 coctioni
295 2073 558 2114 roborandae
593 2073 633 2126 (a
661 2086 744 2126 quo
777 2076 949 2112 tantum
980 2071 1112 2122 abest,
1136 2077 1184 2113 ut
1217 2087 1311 2114 eam
1339 2075 1545 2126 debilitet,

86 2143 248 2183 recenti
277 2143 451 2183 vulnere
483 2142 697 2183 Naturam
733 2140 942 2181 subruens
976 2154 1023 2181 ae
1055 2140 1286 2196 dejiciens,)
1320 2157 1375 2183 ne
1411 2144 1547 2185 hilum

87 2210 289 2261 conferat,
316 2210 392 2250 uni
418 2209 718 2250 tantummodo
745 2222 895 2249 causac
923 2209 1164 2262 opponitur,
1192 2214 1235 2251 et
1262 2211 1400 2252 morbi
1427 2226 1546 2254 eura-

86 2278 193 2319 tioni
213 2278 394 2332 impares
414 2291 586 2331 prorsus
607 2276 736 2317 habet
756 2277 878 2317 vires.

154 2346 262 2399 [24]
299 2346 370 2386 Ad
398 2346 502 2386 haec
530 2345 825 2386 annotandum
854 2349 929 2395 est,
957 2345 1010 2386 ab
1042 2345 1191 2386 eodem
1217 2347 1290 2388 illo
1321 2347 1546 2401 spirituum
1567 2353 1662 2401 Unde
1682 2353 1748 2409 spil-

1564 2401 1750 2470 11121.-

88 2481 291 2531 laborarc,
328 2481 560 2522 eorundem
600 2481 825 2534 spirituum
868 2482 1117 2522 animalium
1159 2483 1370 2525 σύστασιν
1403 2486 1545 2526 minus
1563 2482 1713 2565 25ῐὲὲὲῗοῖ

89 2413 270 2463 defectu,
303 2427 386 2466 quo
421 2415 632 2454 coctiones
668 2413 715 2453 in
750 2413 800 2453 iis
831 2413 1036 2454 vitiantur
1071 2415 1143 2468 qui
1178 2416 1374 2469 Podagra
1409 2418 1546 2459 solent

1606 300 1709 322 AGRA.

88 2552 254 2591 firmam
284 2556 560 2604 vegetamque
590 2551 722 2602 reddi,
751 2551 866 2592 unde
896 2566 994 2592 mox
1030 2553 1237 2607 disjicitur
1268 2560 1310 2595 et
1340 2555 1543 2597 intertur-
1562 2572 1623 2597 tur.

86 2618 214 2660 batur
254 2633 278 2659 a
314 2618 458 2672 quavis
493 2632 621 2664 causa,
655 2633 761 2672 quae
796 2620 861 2660 vel
897 2620 1088 2660 animum
1122 2622 1188 2661 vel
1228 2636 1377 2676 corpus
1417 2625 1544 2677 paulo

86 2687 313 2728 violentius
349 2686 538 2727 concutit
575 2686 869 2740 exagitatque,
916 2702 963 2728 ac
998 2689 1175 2741 proinde
1206 2690 1296 2743 jam
1330 2691 1461 2745 fugax
1496 2707 1545 2734 ac

87 2754 338 2809 dissipabilis
372 2759 435 2795 cst
468 2754 711 2804 admodum,
739 2760 865 2808 prout
897 2755 948 2795 iis
976 2756 1049 2809 qui
1076 2757 1290 2798 affectioni
1323 2759 1388 2800 vel
1412 2759 1545 2815 hypo-

87 2822 364 2864 chondriacae
396 2822 462 2863 vel
495 2822 731 2876 hystericac
759 2822 930 2863 obnoxii
962 2824 1121 2875 vivunt,
1150 2839 1348 2880 persaepe
1377 2829 1541 2871 accidit.

52 2911 66 2923 ·
86 2892 127 2932 A
173 2905 256 2945 qua
302 2891 431 2932 etiam
477 2890 703 2944 spirituum
749 2891 802 2932 ad
854 2890 1030 2944 ἀταξίαν
1074 2895 1353 2948 propensione
1400 2898 1447 2938 fit
1494 2904 1543 2939 ut
