1985 3308
650 120 999 163 TRACTA'PUS
1033 121 1068 160 I.
1503 122 1588 162 427

481 240 561 263 cum
578 227 770 263 sufficiente
787 228 983 272 quantitate
1002 226 1127 271 Syrupi
1144 226 1394 260 Aurantiorum
1410 240 1418 267 3
1623 237 1677 268 DE
1694 236 1783 267 Pon-

318 285 399 320 Fiat
416 286 662 326 electuarium;
691 285 807 329 capiat
824 283 1005 317 drachmas
1023 282 1110 316 duas
1124 283 1177 316 bis
1195 283 1231 316 in
1249 282 1317 324 die,
1335 282 1590 327 superbibendo
1653 288 1758 310 AGRA-

319 344 495 387 sequentis
511 353 622 388 aquae
639 341 832 376 cochlearia
849 341 1003 385 quinque
1021 341 1074 374 vel
1092 351 1151 374 sex
1168 353 1224 372 :—

131 437 263 481 [Form.
281 435 369 480 94]i
401 437 442 487 R
469 439 613 473 Radicis
630 437 794 483 Raphani
811 436 995 471 Rusticani
1013 436 1115 470 incisi
1132 436 1257 470 uncias
1276 441 1354 477 tres,

480 494 690 541 [Foliorum]
711 494 935 529 Cochleariae
954 493 1139 527 Hortensis
1154 492 1354 538 manipulos
1371 491 1567 534 duodecim,

481 552 694 599 [Foliorum]
714 552 887 586 Nasturtii
903 551 1080 596 Aquatici,

481 610 690 654 [Foliorum]
711 610 979 653 Bcccabungac,

480 667 696 713 [Foliorum]
717 667 868 710 Salviae,

479 724 691 769 [Foliorum]
714 724 895 765 Mcnfflae,
913 735 982 758 ana
998 723 1196 767 manipulos
1215 728 1374 768 quatuor,

479 782 635 815 Cortices
651 782 901 815 Aurantiorum
919 792 990 822 sex,

478 839 596 873 Nuces
613 838 817 872 Moschatas
834 843 995 872 contusas
1014 838 1113 878 duas,

480 895 675 929 Cerevisiae
694 895 960 929 Brunsvicensis
976 896 1081 929 libras
1097 894 1303 935 duodecim3

313 951 537 986 Distillentur
561 952 700 997 organis
725 952 980 994 communibus,
1007 952 1116 986 donec
1146 951 1364 986 solummodo
1397 951 1506 986 librae
1532 964 1592 986 sex

312 1020 424 1053 aquae
442 1009 625 1043 eliciantur
642 1020 702 1054 pro
720 1020 794 1043 usu.

191 1112 300 1167 [32]
337 1113 374 1153 E
396 1111 716 1153 medicamentis
732 1113 858 1166 vulgo
883 1113 1066 1167 cognitis
1090 1113 1280 1154 theriaca
1301 1113 1593 1154 Andromachi

125 1181 469 1223 concoctionibus
500 1181 747 1222 roborandis
771 1196 872 1236 prae
897 1182 1073 1223 caetcris
1099 1182 1286 1223 confert:
1320 1196 1417 1223 cum
1446 1187 1592 1223 tamen
1612 1188 1785 1237 quononfii-

125 1250 268 1303 plures
283 1249 330 1290 in
351 1264 394 1291 se
416 1250 573 1303 species
594 1250 810 1291 contineat
828 1264 935 1304 quae
951 1250 1045 1304 plus
1068 1250 1168 1291 satis
1185 1250 1446 1301 calefaciant,
1464 1255 1592 1303 atque
1610 1231 1782 1304 ssgess-{fssa‘

124 1318 298 1371 insuper
331 1318 426 1371 opio
457 1318 659 1368 abundet,
693 1318 966 1359 electuariam
1002 1318 1294 1371 supradictum
1329 1319 1592 1359 commodius
1610 1316 1774 1347 dr0¹¹¹a⁰hi

122 1385 262 1439 parari
293 1390 433 1439 potest
459 1400 481 1426 e
511 1385 817 1439 vegetabilibus
850 1386 1084 1439 praecipuis
1118 1386 1514 1426 excalefacientibus
1550 1391 1592 1427 et
1609 1360 1786 1434 Effizfzrszn-

123 1453 495 1494 corroborantibus
508 1452 540 1494 k.
603 1453 852 1494 Curandum
874 1458 937 1494 est
958 1454 1131 1494 interim
1151 1458 1200 1494 ut
1222 1468 1271 1494 ea
1293 1453 1499 1507 simplicia
1520 1454 1590 1494 cli-

124 1525 283 1575 gantur
303 1535 411 1575 quae
438 1521 492 1562 ad
522 1521 639 1575 aegri
668 1526 842 1575 gustum
870 1521 1005 1575 magis
1037 1521 1194 1562 faciant
1210 1539 1221 1572 3
1254 1535 1353 1562 cum
1382 1521 1498 1562 enim
1520 1521 1593 1562 diu
1615 1528 1798 1578 Ista-sim-

123 1590 367 1641 admodum,
390 1590 550 1631 scilicet
571 1590 625 1631 ad
645 1604 817 1631 omnem
841 1590 929 1631 fere
951 1594 1150 1641 aetatem,
1172 1590 1218 1631 in
1239 1590 1330 1643 ejus
1351 1605 1434 1630 usu
1454 1604 1593 1644 perse-
1612 1572 1796 1648 ξέξᾎῖθξὲζ

122 1658 356 1699 verandum
378 1658 444 1709 sit,
463 1658 637 1699 omnino
670 1658 867 1699 convenit
888 1663 937 1699 ut
958 1659 1099 1712 palato
1119 1659 1262 1698 minus
1284 1658 1338 1698 sit
1359 1658 1593 1711 ingratum.
1612 1659 1732 1707 primas
1743 1661 1797 1689 01)-

125 1727 249 1768 Inter
279 1727 486 1780 simplicia
515 1731 658 1768 cortex
684 1727 946 1767 Peruvianus
977 1727 1134 1780 primas
1166 1726 1346 1777 obtinet,
1370 1741 1468 1767 cum
1501 1741 1595 1767 san·
1612 1706 1769 1783 ΞᾞΪὲᾆῧιε

124 1794 299 1848 guinem
327 1794 567 1836 corroboret
592 1800 876 1848 vegetumque
899 1795 1063 1845 reddat,
1088 1795 1123 1835 si
1150 1795 1240 1849 ejus
1272 1809 1406 1848 grana
1435 1794 1595 1848 aliquot
1612 1788 1757 1860 ξὲἒῗέο-

123 1876 250 1903 mane
271 1867 314 1903 et
336 1876 429 1903 sero
450 1869 736 1904 assumantur.
1713 1854 1720 1861 ’

184 1930 291 1984 [33.]
330 1931 386 1971 Et
408 1945 520 1982 sane,
543 1931 608 1971 uti
628 1931 673 1971 in
700 1931 780 1971 hoc
801 1931 956 1972 affectu
982 1931 1033 1971 de
1056 1945 1138 1984 quo
1156 1932 1247 1985 jam
1268 1931 1445 1985 agimus,
1468 1931 1530 1971 ita
1550 1935 1593 1971 et
1613 1943 1781 1976 Quantum

122 2000 170 2040 in
191 1999 282 2040 aliis
313 1999 521 2040 chronicis
542 2000 765 2054 plerisque,
783 1999 888 2041 haec
905 2005 947 2040 et
968 2000 1067 2040 huic
1088 2000 1242 2040 similia
1262 1999 1461 2050 remedia,
1485 2013 1592 2052 quae
1610 1987 1797 2062 Ξζὲἒίζᾞζζῗι

124 2068 378 2122 sanguinem
398 2067 672 2109 corroborant
693 2072 977 2121 vegetumque
999 2067 1199 2118 reddunt,
1221 2068 1271 2120 (si
1292 2067 1418 2108 modo
1440 2081 1592 2108 corun·
1611 2083 1651 2102 na
1669 2073 1701 2103 iu
1718 2075 1790 2105 aliis

123 2136 221 2177 dem
242 2136 366 2187 calor,
388 2141 560 2190 propter
590 2150 736 2177 causas
758 2141 908 2190 postea
935 2136 978 2192 [ξ
1001 2136 1091 2190 46]
1121 2135 1383 2186 adferendas,
1405 2135 1451 2176 111
1473 2135 1592 2189 spiri-
1611 2115 1773 2200 ἓζζζξῖἑᾞζ

121 2203 238 2246 tibus
267 2204 422 2245 vinosis
453 2218 541 2245 non
572 2204 805 2258 consistat,)
837 2218 938 2258 prae
969 2203 1147 2245 caeteris
1173 2204 1326 2258 juvant
1342 2220 1354 2254 5
1403 2203 1592 2256 quando-
1607 2202 1733 2240 juvant.

123 2272 295 2327 quidem
331 2272 489 2327 singuli
523 2273 651 2327 hujus
688 2273 856 2326 generis
891 2272 1030 2314 morbi
1065 2272 1120 2312 ad
1158 2286 1291 2312 unam
1327 2271 1592 2325 eandemque

123 2354 294 2382 causam
333 2340 628 2392 universalem,
670 2341 900 2382 humorum
948 2340 1107 2382 scilicet
1151 2340 1496 2394 indigestionem,
1542 2339 1592 2393 (si

122 2413 238 2450 recte
259 2409 466 2463 conjicio,)
490 2409 638 2450 referri
659 2409 857 2451 debeant.

189 2477 298 2531 [34]
336 2477 458 2518 Nihil
485 2482 549 2518 est
577 2482 721 2519 autem
748 2492 799 2519 ex
820 2492 904 2532 quo
924 2477 1005 2518 hoc
1029 2477 1186 2518 certius
1208 2476 1344 2518 evinci
1364 2475 1521 2530 poterit
1543 2489 1591 2516 ac
1609 2489 1763 2521 Differen-

122 2545 305 2600 probari,
330 2559 458 2598 quam
479 2545 514 2585 si
539 2546 592 2586 ob
620 2547 763 2587 oculos
790 2560 999 2600 ponamus
1028 2545 1314 2586 differentiam
1343 2557 1450 2597 quae
1478 2543 1591 2584 inter
1607 2533 1797 2607 ffirissgssrffi

121 2612 293 2654 morbos
325 2614 487 2654 Acutos
520 2618 562 2654 et
596 2613 828 2655 Chronicos
862 2613 1116 2663 intercedit3
1165 2627 1292 2666 quam
1329 2611 1381 2652 ob
1419 2625 1589 2652 causam
1609 2624 1698 2649 cutos
1714 2626 1744 2668 qt

123 2695 283 2736 aequus
306 2681 461 2722 Lector
480 2681 582 2722 boni
598 2682 804 2732 consulet,
823 2682 857 2722 si
877 2681 1092 2736 paulisper
1113 2680 1165 2721 ab
1188 2695 1236 2721 eo
1254 2680 1367 2734 quod
1382 2681 1473 2734 jam
1489 2693 1590 2733 prae
1610 2661 1794 2694 Chronicos.

122 2749 321 2790 manibus
348 2754 412 2790 est
438 2749 610 2803 negotio
632 2749 856 2803 digrediar.
917 2749 1054 2790 Prout
1079 2749 1224 2802 itaque
1251 2747 1390 2789 morbi
1410 2748 1536 2788 Acuti
1560 2747 1591 2788 ii

169 2865 176 2886 ¹
202 2868 252 2901 Cf.
266 2868 392 2899 formm.
410 2869 462 2905 42,
481 2869 554 2901 267.
887 2870 965 2907 quod
980 2869 1144 2899 ventriculo
1157 2870 1281 2909 gratius
1296 2869 1355 2899 erit
1370 2878 1458 2907 quam
1475 2871 1518 2897 est
1534 2868 1593 2897 mel

166 2909 180 2930 ¹‘
203 2911 335 2953 corrob]
353 2922 418 2943 cum
434 2914 575 2943 sacclmro
592 2914 622 2942 in
637 2914 704 2941 vino
719 2913 822 2947 soluto,
888 2911 958 2942 add.
976 2911 1023 2941 ed.
1041 2912 1103 2941 ¹83.
