1985 3308
503 148 840 190 PROCESSUS
874 146 1141 187 INTEGRI.
1461 148 1543 187 567

91 256 230 298 bitum
243 256 491 310 protrudere
505 256 672 309 satagit,
690 254 886 308 pendere.
934 253 1185 306 Applicetur
1200 252 1344 305 itaque
1368 253 1546 305 emplas-
1631 266 1684 295 Dz

91 329 208 365 trum
234 324 533 378 epispastieum
563 323 741 372 nuchae,
770 323 880 363 lecto
907 320 1222 375 quamprimum
1254 320 1548 360 committatur
1564 307 1751 338 Vmuoms.

91 406 238 445 aeger3
270 392 520 432 exhibeatur
546 391 720 443 insuper
748 389 1001 438 cardiacum,
1031 388 1099 428 cui
1125 386 1359 441 paregorici
1386 387 1547 440 pauxil-

89 458 180 498 lum
206 463 270 499 est
302 458 635 508 admiscendum,
667 471 798 511 puero
826 469 979 509 nempe
1006 455 1165 496 trienni
1194 454 1369 495 laudaui
1396 454 1546 507 liquidi

89 530 238 578 guttae
260 525 446 578 quinque
467 525 513 564 in
535 538 667 577 aquae
689 524 945 577 epidemieae
967 523 1174 564 cochleari
1194 536 1295 563 uno.

151 592 260 646 [23]
301 593 346 632 Si
377 592 444 632 die
479 592 718 641 undecimo,
751 592 815 632 vel
848 592 929 631 alio
962 591 1106 644 quovis
1141 595 1237 644 post
1273 603 1384 640 eum,
1415 588 1547 630 febris

87 660 337 701 secundaria
361 673 458 700 eum
484 659 793 712 inquietudine,
810 659 1056 712 jactatione,
1080 663 1122 698 et
1143 657 1319 698 caeteris
1345 657 1390 697 id
1412 671 1547 710 genus

89 727 396 781 symptomatiS,
418 740 553 779 usque
584 726 688 767 adeo
719 726 932 775 efferatur,
964 731 1014 766 ut
1044 725 1298 779 paregorieis
1328 729 1547 778 utcunque

87 796 278 849 repetitis
300 795 575 836 sufflaminari
600 799 798 848 nequeat,
821 799 863 834 ct
891 808 1004 834 mors
1027 794 1146 847 quasi
1173 793 1395 833 immineat
1408 809 1420 842 ;
1452 797 1547 833 tum

86 863 260 917 sanguis
306 863 359 903 ad
406 863 508 903 satis
553 877 754 915 magnam
796 862 1082 915 quantitatem
1131 861 1243 901 illico
1284 860 1544 910 detrahatur,

85 944 239 984 nempe
270 930 324 971 ad
353 930 501 971 uncias
532 930 768 979 duodecim,
800 930 866 970 vel
899 929 1077 979 circiter,
1102 933 1228 981 atque
1258 942 1382 981 porro
1412 928 1546 980 repeti

84 1001 217 1054 possit
238 1000 368 1041 semel
393 1000 458 1041 vel
484 999 549 1040 bis
578 999 623 1039 in
652 998 927 1052 sequentibus
959 998 1121 1047 diebus,
1145 997 1180 1037 si
1209 1001 1545 1050 symptomatum

85 1069 296 1110 dictorum
311 1068 419 1109 ratio
439 1068 553 1109 idem
573 1068 797 1121 postularit
810 1084 822 1118 3
855 1072 898 1108 at
919 1081 1007 1107 non
1029 1066 1144 1106 alias.
1177 1065 1394 1106 Catharsis
1416 1065 1545 1106 etiam

82 1135 241 1177 blanda
261 1136 328 1176 die
350 1136 513 1177 decimo
533 1135 660 1176 tertio
685 1136 788 1187 (non
816 1135 971 1186 antea,)
1002 1135 1067 1175 vel
1088 1133 1232 1187 quovis
1254 1133 1335 1173 alio
1358 1132 1425 1172 die
1447 1146 1545 1172 eum

83 1203 336 1258 insequente
371 1204 512 1256 (modo
542 1203 823 1244 venae-sectio
859 1202 1163 1256 praecesserit,)
1198 1200 1368 1241 institui
1397 1200 1543 1253 possit,

83 1285 238 1326 nempe
259 1286 310 1312 ex
331 1271 546 1313 electuarii
567 1271 731 1311 lenitivi
761 1271 888 1311 uncia
914 1285 1002 1310 una
1033 1270 1237 1310 dissoluta
1263 1269 1309 1308 in
1335 1281 1468 1321 aquae
1489 1267 1545 1307 01-

84 1339 218 1380 chorii
238 1340 303 1379 vel
322 1339 442 1380 laetis
465 1339 714 1380 alexeteriae
734 1338 871 1378 unciis
894 1342 1087 1391 quatuor.
1149 1337 1446 1377 Veruntamen
1466 1348 1546 1375 1160

83 1407 379 1457 venae-sectio,
394 1421 473 1447 nec
486 1406 703 1456 catharsis,
718 1406 970 1459 impediunt,
987 1419 1069 1458 quo
1084 1405 1226 1444 minus
1242 1403 1486 1456 paregoriea
1500 1402 1546 1442 in

83 1488 211 1515 usum
225 1474 398 1515 veniant
412 1490 423 1524 ;
456 1488 563 1527 quae
583 1473 712 1526 (haud
728 1472 997 1513 obstantibus
1018 1472 1098 1524 iis,)
1118 1476 1209 1511 tam
1225 1470 1363 1523 quoad
1383 1470 1546 1522 largam

84 1541 206 1583 dosin
236 1556 364 1596 quam
392 1542 618 1595 repetitam
646 1541 835 1581 exhiberi
857 1540 1028 1590 debent,
1051 1539 1086 1580 si
1107 1552 1212 1592 opus
1234 1537 1372 1578 adhuc
1391 1537 1543 1577 fuerit:

82 1625 184 1651 nam
205 1610 258 1651 ad
278 1610 382 1651 haec
401 1609 448 1649 in
467 1609 548 1650 hoc
567 1608 716 1650 morbo
738 1621 902 1661 semper
923 1605 1274 1658 confugiendum.

148 1677 256 1732 [24]
296 1677 480 1719 Quando
506 1677 703 1731 pustulae
733 1675 918 1730 perfecte
946 1673 1202 1724 exaruerint,
1224 1672 1463 1725 inungatur
1483 1670 1544 1711 fa-

83 1744 166 1786 cies
205 1745 430 1785 linimento
476 1758 527 1786 ex
576 1744 822 1798 aequalibus
862 1742 1056 1797 partibus
1097 1741 1179 1782 olei
1221 1739 1544 1794 amygdalarum

83 1814 271 1855 dulcium
294 1819 335 1855 et
355 1814 517 1867 pomati
537 1828 611 1868 per
630 1814 810 1854 biduum
824 1829 835 1863 3
868 1818 911 1853 at
932 1827 1021 1853 non
1042 1812 1168 1852 ultra.

147 1883 256 1936 [25]
295 1882 376 1923 Die
392 1882 589 1922 vicesimo
604 1882 740 1935 primo
761 1886 856 1934 post
872 1880 1135 1921 invasionem
1150 1879 1348 1919 mittatur
1370 1877 1543 1930 sanguis

83 1964 106 1991 e
131 1949 303 1991 brachio
317 1967 327 1999 3
361 1954 402 1991 et
434 1949 628 2002 sequenti
660 1948 727 1989 die
758 1948 962 1989 catharsis
993 1946 1258 1996 celebranda,
1282 1959 1389 1998 quae
1419 1958 1544 1998 porro

83 2018 258 2058 alternis
280 2017 441 2066 diebus,
465 2016 517 2056 ad
537 2022 623 2056 tres
645 2016 747 2056 alias
768 2015 890 2065 11068,
913 2019 1144 2068 repetatur.

148 2085 256 2139 [26]
296 2084 448 2126 Quoad
480 2084 684 2137 regimen,
711 2097 735 2123 a
764 2083 874 2123 lecto
905 2082 1117 2123 abstineat
1153 2081 1205 2122 ad
1238 2084 1405 2121 sextum
1431 2079 1543 2119 diem
1564 2087 1721 2127 Regimen

82 2157 177 2207 post
207 2153 481 2202 invasionem,
503 2152 548 2192 in
571 2165 653 2205 quo
683 2156 830 2205 postea
861 2164 904 2191 se
935 2150 1153 2191 contineat
1183 2162 1318 2202 usque
1350 2148 1404 2188 ad
1432 2147 1542 2188 deci·
1561 2131 1745 2204 ἓξὲξξοῃ·

81 2235 203 2261 mum
243 2220 485 2273 septimum,
527 2234 615 2260 non
656 2219 748 2259 aliis
789 2218 989 2272 stragulis
1029 2222 1170 2258 tectus
1222 2230 1348 2270 quam
1390 2215 1543 2269 quibus

83 2302 212 2329 sanus
234 2288 298 2328 uti
323 2287 498 2328 solebat.

149 2355 256 2409 [27.]
271 2361 283 2377 ¹
312 2355 338 2395 J
343 2355 498 2395 usculis
520 2355 749 2404 avenaceis‚
766 2354 1022 2403 hordeaceis,
1044 2353 1180 2407 pomis
1203 2352 1345 2402 coetis,
1368 2356 1410 2392 et
1432 2365 1543 2391 cere-

81 2422 186 2463 visia
205 2422 338 2473 tenui,
361 2423 523 2463 victitet
537 2439 548 2472 ;
581 2426 622 2463 et
650 2427 745 2476 post
769 2422 1045 2462 undecimum
1072 2421 1185 2461 diem
1209 2420 1296 2460 vini
1320 2419 1544 2472 Hispanici

81 2490 315 2531 cochlearia
333 2496 513 2543 quatuor
528 2490 593 2530 vel
610 2490 797 2543 quinque
821 2489 882 2529 bis
904 2489 949 2529 in
967 2489 1034 2529 die
1055 2488 1348 2538 exhibeantur,
1367 2487 1401 2527 si
1418 2501 1542 2539 aeger

81 2558 276 2599 voluerit.

146 2625 282 2679 [28](ς
316 2625 361 2666 Si
397 2639 570 2666 crurum
600 2630 744 2667 tumor
778 2640 865 2667 non
897 2625 1242 2666 evacuationibus
1272 2622 1540 2677 praescriptis
1559 2632 1700 2664 crurum

81 2693 217 2744 cedat,
250 2698 344 2734 tum
377 2693 469 2734 fotu
507 2693 704 2735 foliorum
739 2694 914 2743 malvae,
948 2693 1149 2743 verbasci,
1182 2691 1384 2741 sambuci,
1416 2690 1538 2741 lauri,
1558 2680 1744 2750 {xgssssrffim

80 2774 178 2818 cum
198 2761 372 2802 floribus
401 2762 677 2803 chamaemeli
699 2766 741 2803 et
763 2761 953 2811 meliloti‚
977 2761 1022 2801 in
1043 2761 1152 2801 lacte
1180 2764 1397 2800 coctorum
1417 2758 1540 2799 facile
1557 2762 1690 2801 gandus.

79 2827 267 2882 fugatur.

166 2917 178 2933 Γ
203 2913 252 2943 Cf.
271 2916 342 2944 ibid.
361 2916 376 2952 ξ
395 2915 445 2944 45.
953 2918 965 2933 ⁸
992 2913 1040 2944 Cf.
1061 2915 1181 2943 observ.
1199 2914 1280 2943 Med.
1299 2913 1340 2943 iii.
1356 2914 1382 2943 2.
1401 2913 1451 2943 67.
