1985 3308
213 1250 225 1266 ³
228 1249 313 1287 prod.
330 1249 382 1277 sol

213 1295 299 1328 temp.
312 1301 398 1321 verno

214 1332 262 1363 ed.
281 1333 341 1363 ’66.

213 1546 222 1561 ⁴
234 1544 324 1584 mali]
340 1547 399 1576 ista

213 1589 287 1616 mali
302 1588 349 1619 ed.

215 1630 277 1659 ’66.

211 1678 223 1694 ³
233 1675 356 1715 interd]

212 1729 347 1747 nonnun-

213 1771 299 1798 quam
310 1762 401 1790 etiam

214 1802 264 1832 ed.
284 1802 346 1832 '66-

409 145 465 185 66

816 141 1072 184 THOMAE
1106 138 1449 182 SYDENHAM

1015 266 1142 307 CAP.
1182 265 1260 305 V.0

483 359 632 400 Febr-es
651 358 971 398 Inter-mittentes
992 358 1189 396 annorum
1213 354 1337 403 1661,
1363 352 1487 401 1662,
1511 350 1637 399 1663,
1661 346 1809 389 1664!

471 449 877 492 QUANDOQUIDEMg
898 445 962 498 (ut
979 445 1066 498 jam
1084 442 1140 498 [c.
1159 441 1222 498 3.]
1239 455 1386 482 sumus
1399 438 1607 493 praefati,)
1629 450 1736 490 quae
1751 449 1870 490 prae-

413 516 550 560 dictos
567 529 701 556 annos
721 527 868 554 omnes
887 511 1149 553 Constitutio
1165 509 1360 564 pervasit,
1375 505 1657 561 producendis
1678 503 1872 545 omnium

456 609 468 622 ²
494 604 561 634 Ine.
579 604 611 633 in
627 603 696 633 edd.
714 603 776 637 ⁹66,
800 603 852 632 ’68
878 603 976 632 Sectio
999 602 1112 631 Tertia.

413 649 462 676 De
478 648 624 676 Febribus
640 646 921 675 Intermittentibus.

457 687 467 706 f
488 699 629 719 annorum
648 687 718 727 5¹⁶²]
736 697 797 716 om.
815 686 861 716 ed.
877 686 939 718 ⁵76.

1218 603 1233 623 Β
1260 598 1505 636 Quandoquidem
1528 593 1597 634 ξιπ]
1623 595 1693 624 Jam
1716 598 1750 623 ut
1771 595 1869 624 adda-

1174 652 1238 670 mus
1254 641 1393 669 nonnulla
1410 640 1445 668 de
1465 639 1613 667 Febribus
1636 637 1869 666 Intermittenti-

1175 685 1236 713 bus.
1283 684 1387 712 Primo
1404 682 1464 710 Ioco
1481 680 1531 720 &a
1549 679 1618 709 edd.
1636 679 1699 715 ¹66,
1718 678 1781 709 ’68.

411 787 445 816 in
456 786 545 834 praxi
554 789 662 815 nostra
674 785 784 814 observ
787 793 888 820 amus,
897 792 1012 822 nempe
1026 784 1111 820 (cae-

414 829 489 858 teris
498 829 637 867 paribuS‚
643 827 777 866 )Feb1es
787 806 1002 856 Autuinnales
1010 824 1114 863 magis

413 881 482 900 esse
495 870 697 909 periculosas,
705 869 886 916 pejorisque
902 872 994 897 notae
1005 877 1041 906 sy
1046 877 1115 906 mp-

413 913 586 942 tomatibus
603 911 723 951 stipari,
738 921 835 950 quam
847 910 874 938 V
879 909 1017 944 ernales;
1040 919 1115 938 cum

415 955 536 984 decocti
559 954 623 983 sint
647 959 741 992 atque
765 952 928 992 absumpti
952 952 1056 991 magis
1081 951 1114 980 in

414 997 570 1036 sanguine
593 996 733 1035 spiritus,
757 994 938 1025 autumnali
962 999 1112 1033 tempore,

414 1049 511 1078 quam
526 1048 640 1068 verno:
666 1048 747 1078 quae
771 1047 940 1067 causarum
961 1046 1026 1066 una
1047 1046 1115 1066 esse

414 1081 549 1116 videtur,
582 1081 666 1120 quod
703 1079 937 1115 evacuationes,
974 1078 1115 1108 maxime

414 1123 590 1162 sanguinis,
618 1123 690 1162 (qui
724 1132 788 1152 non
818 1121 912 1151 modo
942 1121 1115 1161 spirituum

414 1166 600 1195 vehiculum
623 1170 682 1200 est,
701 1165 755 1194 sed
775 1169 805 1194 et
820 1163 932 1204 pe11u,)
953 1163 1029 1193 adeo
1054 1163 1116 1192 sint

413 1207 448 1236 in
471 1214 626 1238 autumno
653 1207 833 1243 damnosae,
857 1206 1005 1245 quamvis
1032 1210 1113 1235 tetu-

416 1260 490 1290 pore
504 1261 522 1279 v
527 1260 600 1280 erno
615 1250 763 1288 prodesse
780 1249 929 1278 soleant.
911 1249 922 1265 ³

459 1292 598 1332 “Atque
614 1292 719 1321 forsan
735 1292 774 1320 ab
789 1291 845 1320 illa
862 1289 1114 1329 degeneratione,

416 1344 497 1373 quae
519 1334 667 1373 sanguini
690 1334 798 1363 crebro
822 1333 854 1362 in
872 1332 1027 1362 Febribus
1044 1332 1113 1361 Au-

415 1377 623 1412 tumualibus,
653 1376 821 1415 praecipue
851 1385 889 1404 ex
915 1384 1114 1414 praememo-

415 1423 484 1448 rata
506 1419 676 1458 spirituum
700 1417 860 1458 pauperie,
885 1417 1010 1453 accidit,
1035 1426 1114 1446 non-

414 1470 580 1501 nunquam
598 1471 694 1500 prava
715 1460 871 1499 ejusmodi
888 1459 1025 1498 qualitas
1042 1469 1114 1488 cru-

415 1503 477 1532 oris
494 1513 615 1532 massae
630 1503 793 1532 inducitur
801 1503 827 1538 Β,
845 1511 927 1541 quae
942 1511 1006 1530 non
1022 1501 1116 1530 modo

416 1545 512 1574 mali⁴
525 1546 622 1575 moris
639 1550 854 1584 spnptomata
872 1544 998 1573 Febrim
1015 1543 1114 1573 comi-

417 1587 527 1622 tantia,
539 1588 593 1617 sed
602 1586 775 1617 interdum⁵
786 1586 913 1616 Febrim
925 1586 1028 1625 ipsam
1044 1596 1115 1625 pro-

418 1629 539 1668 gignit;
565 1629 690 1659 Natura
711 1629 828 1668 quippe
852 1628 1057 1658 vehementer
1077 1628 1116 1657 ab

419 1681 455 1701 ea
470 1672 591 1702 irritata
606 1676 715 1701 contra
731 1672 834 1710 ipsam
849 1670 997 1709 insurgit,
1015 1680 1117 1709 neque

419 1713 481 1743 alio
501 1714 633 1744 consilio
653 1723 769 1743 novam
789 1713 871 1742 hauc
895 1713 1115 1742 ebullitionem

418 1756 611 1795 auspicatur,
623 1766 719 1795 quam
729 1761 765 1785 ut
775 1755 941 1784 materiam
952 1755 1101 1784 infestam
1111 1752 1117 1772 i

417 1798 578 1832 eliminet;
603 1798 688 1828 unde
713 1798 841 1827 Medico
866 1797 1033 1832 incumbit,
1057 1807 1113 1836 po-

416 1841 480 1870 tius
510 1840 664 1870 cardiacis
691 1840 862 1869 moderatis
895 1839 1114 1868 ebullitionem

415 1883 617 1912 convenienti
631 1888 738 1912 tenore
754 1882 910 1912 sustinere
926 1891 1022 1921 qnam
1039 1891 1114 1911 ean-

415 1925 487 1954 dem
503 1925 732 1954 evacuantibus
748 1929 778 1954 et
794 1923 1054 1963 refrigerantibus
1067 1923 1112 1953 la-

414 1967 587 2002 befactare3
613 1972 723 2006 utpote
735 1977 832 2006 quam
848 1967 974 1996 videtur
990 1965 1115 1995 Natura

414 2009 454 2039 ad
477 2009 666 2039 intestinum
689 2009 815 2040 hostem
833 2008 1058 2038 debellandum
1080 2008 1114 2037 in

457 2098 471 2118 ¹¹
494 2099 743 2140 noum—indua]
767 2102 886 2140 saepius
902 2106 1044 2131 venenata
1061 2103 1115 2131 illa

417 2145 552 2173 nascitur
567 2146 726 2182 sanguinis
741 2145 874 2182 qualitas
890 2143 937 2173 ed.
956 2144 1017 2173 ’66.

460 2183 467 2203 i
493 2190 563 2215 mat.
581 2186 634 2224 inf.
653 2185 723 2225 ᾃ-α]
756 2187 978 2225 malignitatem
1003 2187 1115 2215 dictam

415 2229 567 2257 eliminet:
591 2229 667 2257 uude
684 2230 787 2266 potius
812 2230 960 2258 incumbet
983 2228 1114 2263 illedico,

415 2271 498 2299 illam
523 2271 830 2308 ale-ripharnzacorum
857 2281 909 2309 ope
929 2281 1113 2309 expugnare,

415 2323 502 2350 quam
541 2314 785 2342 evacuationibus
825 2317 854 2342 et
891 2314 1115 2342 medicamentis

415 2353 669 2393 refrigerantibus
690 2355 782 2384 Febri
798 2357 946 2390 resistere,
963 2365 1051 2393 quam
1067 2356 1112 2383 vi-

415 2397 503 2425 detur
519 2398 549 2425 in
565 2398 657 2426 aciem
675 2398 853 2434 produlinse
869 2397 994 2426 Natura
1009 2398 1050 2425 ad
1066 2406 1113 2426 ve-

416 2443 554 2467 nenatam
570 2440 733 2476 perniciem
749 2440 965 2468 debellandam.
990 2439 1116 2477 Insigne

415 2481 491 2509 hanc
507 2482 536 2509 in
554 2491 613 2509 rem
629 2482 793 2519 exemplam
812 2483 945 2519 suppetit
969 2483 999 2510 in
1020 2485 1114 2519 peste,

415 2533 491 2560 quae
502 2523 593 2551 Febri
601 2524 746 2552 destituta
755 2525 896 2552 multoest
905 2524 1111 2561 periculosior,

415 2575 502 2602 quam
528 2566 555 2593 si
582 2566 706 2594 eandem
728 2567 852 2594 liaberet
881 2567 1024 2595 comitem.
1070 2565 1113 2594 Et

415 2616 486 2635 sane
502 2609 622 2644 quaevis
638 2609 823 2646 malignitas,
839 2618 915 2646 quae
936 2609 1113 2647 sanguinem

416 2649 564 2683 adoritur,
573 2651 598 2677 si
615 2651 677 2686 ipse
692 2660 729 2678 es
740 2660 836 2679 senon
850 2651 929 2679 valet
939 2652 1016 2679 ciere
1025 2650 1111 2679 ebul-

417 2690 558 2725 litionem,
572 2692 626 2725 vel,
634 2693 780 2729 siquidem
791 2693 879 2727 valet,
889 2693 1051 2730 impeditur
1057 2702 1114 2730 quo

417 2733 513 2759 minus
529 2733 562 2760 id
571 2738 715 2770 praestet,
723 2735 890 2763 necessario
904 2735 950 2763 vel
963 2735 1110 2769 lethalem,

416 2774 464 2801 vel
478 2774 651 2802 diuturnum
667 2777 798 2804 morbum
823 2777 924 2805 reddit
937 2788 946 2805 :
974 2777 1113 2806 lethalem

417 2816 545 2852 quidem,
556 2818 672 2853 quando
681 2817 734 2846 illa
745 2822 806 2846 tota
813 2819 983 2847 substantia
992 2823 1112 2847 contra-

417 2857 465 2885 ria
484 2857 633 2891 Naturae,
649 2859 805 2888 humanam
823 2862 991 2897 temperiem
1008 2862 1114 2890 abdita

415 2900 602 2937 proprietate
625 2903 785 2938 corrumpit
811 2903 996 2940 desti-nilque
1010 2914 1020 2932 .·
1044 2904 1112 2932 dirc-

1168 781 1269 811 aciem
1290 780 1475 827 producere.
1520 778 1564 808 Et
1587 787 1662 807 sane
1683 777 1869 817 qualiscun-

1168 834 1230 872 que
1254 823 1340 853 labes
1364 821 1512 860 sanguini
1536 821 1692 860 impressa
1714 819 1821 856 fuerit,
1842 819 1870 850 si

1168 866 1195 895 is
1212 865 1261 895 vel
1278 875 1317 895 ex
1333 875 1366 894 se
1387 864 1609 894 ebullitionem
1633 862 1790 892 concitare
1805 871 1871 892 non

1170 908 1283 943 valeat,
1305 907 1356 937 vel
1379 906 1569 937 concitatam
1592 905 1651 935 rite
1673 904 1789 944 exequi
1810 903 1869 934 ali-

1169 950 1255 980 unde
1270 930 1473 989 impediatur,
1487 948 1636 978 morbum
1652 946 1703 977 vel
1718 946 1870 977 lethalem

1168 993 1219 1023 vel
1236 993 1427 1022 diuturnum
1442 990 1566 1030 insequi
1583 999 1711 1020 necesse
1726 993 1782 1019 est.

1214 1037 1233 1051 “
1244 1035 1366 1064 Verum
1392 1034 1443 1072 (ut
1459 1033 1499 1063 ad
1515 1037 1610 1072 caput
1626 1031 1681 1068 rei,
1699 1042 1718 1061 a
1733 1041 1796 1071 quo
1819 1031 1869 1061 di-

1169 1077 1360 1107 verticulum
1381 1076 1452 1113 feci,
1468 1073 1633 1113 reve1·tar,)
1649 1073 1813 1104 observavi
1837 1074 1871 1104 in

1171 1120 1196 1149 F
1199 1120 1327 1149 ebribus
1339 1120 1574 1149 Autumnalibus
1586 1117 1776 1156 sanguinem
1789 1126 1868 1156 qua-

1168 1161 1381 1201 liumcunque
1402 1160 1654 1191 febricitantium
1676 1159 1871 1188 mittendum

1170 1214 1239 1234 esse
1269 1215 1373 1244 parce,
1403 1214 1466 1233 non
1497 1202 1681 1232 adultorum
1709 1210 1792 1238 vero,
1819 1201 1871 1231 vel

1169 1247 1282 1276 aetatis
1302 1247 1411 1276 florem
1432 1254 1631 1285 egressorum
1655 1253 1869 1283 nequaquam.

1171 1289 1409 1319 Medicamenta
1436 1286 1655 1326 refrigerantia
1681 1286 1873 1316 exhibentur

1170 1341 1245 1361 cum
1267 1331 1421 1371 periculo,
1438 1330 1500 1359 nisi
1519 1329 1629 1359 Febris
1651 1328 1790 1358 nimium
1813 1338 1870 1358 ex-

1170 1379 1302 1409 aestuet,
1334 1384 1369 1403 ac
1400 1382 1493 1411 aeger
1523 1372 1564 1401 sit
1590 1371 1738 1410 juvenis:
1778 1370 1872 1401 valde

1169 1416 1347 1446 necessaria
1377 1415 1520 1450 vomitio,
1548 1414 1603 1443 ubi
1629 1413 1780 1443 vomendi
1808 1413 1872 1443 fuit

1169 1459 1346 1506 propensio.
1390 1458 1434 1487 At
1457 1458 1490 1487 iu
1515 1456 1540 1486 F
1543 1456 1669 1486 ebnbus
1691 1457 1712 1484 1‘
1711 1456 1872 1486 ernalibus

1171 1501 1303 1540 sanguis
1337 1500 1610 1539 qualiumcmique
1644 1497 1731 1527 mitti
1766 1502 1873 1538 potest

1170 1544 1348 1573 moderate:
1374 1542 1542 1571 hominum
1559 1544 1660 1570 aetate
1676 1540 1870 1577 florentium,

1171 1586 1305 1625 copiose.
1342 1585 1504 1624 Clysteres
1521 1588 1552 1613 et
1567 1583 1803 1612 medicamenta
1818 1593 1869 1613 re-

1170 1626 1355 1667 srigerantia
1378 1626 1470 1656 valde
1497 1630 1641 1666 prosunt,
1665 1625 1792 1664 quando
1813 1625 1869 1664 ju-

1171 1670 1260 1700 venis
1291 1674 1339 1699 est
1362 1679 1464 1708 aeger,
1495 1678 1553 1698 nec
1580 1667 1719 1698 declinat
1749 1667 1871 1705 Febris,

1170 1723 1228 1741 nec
1251 1712 1375 1752 prolixa
1397 1710 1563 1750 sanguinis
1589 1710 1700 1739 missio
1723 1719 1869 1749 praeces-

1171 1753 1237 1784 siti.
1301 1754 1480 1793 Nunquam
1509 1752 1666 1782 hactenus
1696 1752 1870 1789 observavi,

1169 1801 1313 1826 ventrem
1337 1797 1464 1833 durum,
1489 1795 1541 1825 vel
1563 1795 1659 1835 pedes
1681 1794 1871 1825 tumefactos

1170 1839 1332 1878 excepisse
1362 1838 1480 1868 Febres
1510 1838 1663 1874 Vernaus,
1691 1837 1756 1867 sive
1784 1837 1869 1868 Con-

1169 1882 1288 1917 timae,
1305 1881 1371 1911 sive
1387 1880 1640 1910 Intermittentes
1652 1879 1726 1910 illae
1741 1879 1869 1911 fuerint.

1170 1923 1245 1953 Post
1266 1925 1466 1953 Autumnales
1491 1932 1574 1958 vero,
1604 1922 1778 1952 admodum
1807 1922 1869 1952 fre-

1169 1976 1270 2005 quens
1293 1971 1341 1995 est
1363 1970 1548 2004 utrumque,
1570 1965 1712 1994 maxime
1737 1964 1793 1994 ubi
1815 1974 1870 1995 co-

1168 2008 1256 2049 piose
1291 2008 1411 2038 missus
1447 2007 1546 2037 fuerit
1581 2007 1722 2047 sanguis,
1753 2006 1805 2037 vel
1836 2007 1870 2037 in

1171 2106 1290 2131 turnum
1306 2112 1383 2137 vero,
1400 2102 1528 2140 quando,
1546 2101 1617 2130 licet
1632 2104 1743 2130 natura
1758 2109 1824 2136 sua,
1840 2104 1871 2130 et

1169 2145 1285 2174 occulta
1312 2145 1424 2183 agendi
1449 2145 1565 2173 ratione
1591 2147 1665 2181 apta
1687 2145 1728 2172 sit
1753 2144 1870 2181 corpori

1170 2193 1347 2225 magnopere
1363 2196 1477 2220 nocere,
1489 2187 1622 2224 illudque
1644 2187 1752 2214 sensim
1767 2189 1868 2214 conte-

1169 2239 1246 2278 rere,
1263 2230 1362 2258 subito
1385 2233 1483 2258 tamen
1502 2229 1646 2256 hominem
1670 2227 1870 2264 interficiendi

1170 2272 1228 2300 vim
1254 2281 1311 2300 non
1337 2272 1434 2300 babet.
1491 2270 1619 2299 Interim
1648 2270 1869 2308 malignitatem

1170 2314 1313 2352 aliquam,
1331 2323 1406 2351 quae
1426 2313 1504 2341 alias
1519 2322 1555 2341 ex
1575 2313 1728 2349 pravitate
1743 2322 1799 2341 sua
1814 2321 1866 2341 ne-

1170 2357 1299 2384 cessario
1322 2359 1443 2384 mortem
1468 2351 1571 2391 insert,
1589 2363 1650 2383 esse
1672 2364 1760 2392 posse
1782 2355 1866 2384 salu-

1171 2401 1276 2432 tarem,
1295 2398 1346 2426 ubi
1369 2397 1527 2435 sanguinis
1553 2397 1645 2425 datur
1667 2397 1803 2426 ebullitio
1828 2397 1870 2426 ad

1169 2449 1232 2468 eam
1256 2440 1478 2474 eliminandam,
1497 2440 1592 2476 pestis
1618 2440 1684 2476 ipsa
1706 2439 1870 2477 aliquando

1171 2485 1311 2510 testatum
1329 2479 1423 2519 facit.
1469 2482 1513 2509 At
1537 2482 1588 2510 ubi
1612 2481 1697 2510 malla
1722 2485 1767 2510 est
1783 2480 1866 2520 ejus-

1167 2525 1246 2552 modi
1266 2524 1402 2553 ebullitio
1417 2524 1458 2552 ad
1479 2524 1562 2552 illam
1578 2524 1738 2552 universim
1749 2527 1779 2552 et
1790 2533 1866 2562 qua-

1167 2570 1342 2604 quaversum
1359 2566 1572 2603 erpellendam,
1590 2567 1633 2594 ibi
1645 2566 1772 2604 proinde
1787 2575 1867 2594 mor-

1169 2609 1235 2637 bum
1263 2609 1437 2637 diuturnum
1463 2609 1560 2643 reddi,
1587 2608 1690 2637 itidem
1715 2611 1804 2646 patet
1834 2609 1867 2637 in

1166 2651 1314 2685 scorbuto,
1331 2651 1378 2679 lue
1393 2660 1516 2679 venerea
1532 2649 1582 2690 ᾅϊ.
1634 2650 1742 2680 Verum
1763 2648 1812 2689 (ut
1827 2651 1870 2680 ad

1167 2697 1258 2736 caput
1275 2692 1326 2731 ιδ’-,ε
1345 2691 1393 2722 ed.
1411 2692 1473 2721 ’.66

1206 2732 1216 2756 ‚-
1237 2732 1420 2773 praeeessit]
1444 2735 1473 2763 1
1470 2735 1580 2769 omitia,
1597 2735 1648 2763 ubi
1659 2732 1866 2773 vomendifut’t

1163 2778 1280 2814 proclin-
1282 2778 1351 2811 itas,
1368 2787 1425 2806 non
1448 2777 1582 2806 absolute
1596 2778 1775 2812 necessaria,
1790 2777 1867 2806 satis

1169 2823 1266 2848 tamen
1284 2820 1441 2848 commoda.
1487 2819 1554 2847 Nec
1577 2820 1726 2848 vomitorii
1749 2820 1866 2848 omissio

1168 2862 1356 2890 diarrhoeam
1371 2862 1461 2899 plane
1483 2859 1577 2899 insert
1599 2862 1630 2890 in
1653 2861 1761 2890 Febris
1774 2861 1868 2890 decli-

1170 2905 1300 2939 natione,
1317 2902 1388 2932 add.
1407 2902 1454 2932 ed.
1473 2902 1533 2933 ⁹66.
