1985 3308
211 270 266 300 Da
285 270 357 300 Hr-

227 322 350 343 onore.

196 1508 372 1549 Postscrip-

196 1558 266 1581 tum
284 1552 322 1582 (le

198 1594 298 1624 Febre

198 1637 362 1677 Hyemali,

204 2805 296 2843 cujus
313 2803 376 2832 his-

206 2847 294 2881 toria,

394 151 449 192 47
454 150 481 190 6
795 152 1052 194 THOMAE
1087 151 1429 193 SYDENHAM

391 265 545 319 largita
575 272 650 318 est,
675 281 757 321 quo
786 268 837 309 de
860 268 934 309 illa
964 268 1086 309 docte
1116 268 1271 322 nugari
1301 272 1459 320 queant
1471 283 1484 316 3
1516 270 1560 306 at
1579 264 1851 320 prudentiam

392 349 480 376 non
502 334 631 386 dedit,
655 351 739 389 qua
758 337 1014 389 intelligant,
1038 351 1081 377 se
1099 351 1192 377 eam
1207 336 1324 376 haud
1345 336 1468 375 aliter
1488 335 1593 375 scire
1613 348 1747 388 posse,
1768 333 1853 374 nisi

393 402 652 456 experientia
678 403 818 444 indice
847 409 975 457 atque
1006 405 1096 457 ejus
1127 404 1298 457 peplum
1319 404 1556 444 revelante:
1589 402 1759 456 quando
1781 401 1853 442 ab·

388 471 541 524 jectior
572 471 785 512 humanae
817 478 996 512 naturae
1040 470 1240 520 conditio,
1271 470 1324 510 ad
1357 470 1578 511 scientiam
1609 469 1853 510 intuitivam

392 539 638 580 nullatenus
680 553 918 591 assurgens,
958 539 1074 578 intra
1123 543 1327 591 angustos
1368 538 1621 591 cognitionis
1663 551 1790 590 quam
1831 551 1856 577 a

396 609 583 661 quinque
617 607 809 648 sensibus
836 606 1007 646 haurire
1039 610 1192 659 potest,
1224 606 1381 647 limites
1414 611 1664 647 coarctetur.
1725 604 1855 646 Unde

395 675 672 716 nihilominus
699 675 761 714 m'r
783 675 970 726 prudens
1006 674 1231 727 (quantum
1270 674 1352 714 fert
1387 688 1474 714 sors
1506 672 1725 725 humana‚)
1762 672 1855 726 quis

395 748 535 797 potest
587 742 785 792 evadere,
830 743 1098 794 philosophus
1145 755 1244 782 vero
1289 741 1454 794 (saltem
1493 754 1571 794 pro
1622 738 1857 792 augustiori

394 811 523 864 hujus
553 809 738 849 nominis
765 809 1017 863 majestate,)
1042 823 1168 850 nemo
1198 809 1445 850 mortalium
1476 808 1624 849 evadet
1649 821 1855 860 unquam.

396 878 558 918 Medici
590 883 735 918 autem
766 878 1034 932 philosophia
1066 878 1204 919 omnis
1236 879 1283 919 in
1315 878 1578 932 expiscandis
1610 877 1856 918 morborum

394 946 595 996 historiis,
617 946 753 1000 iisque
780 946 978 987 remediis
1005 946 1256 987 adhibendis
1279 961 1386 1000 quae
1411 945 1688 1000 (experientia
1716 945 1860 985 indice

395 1028 442 1054 ac
473 1014 706 1067 magistra)
732 1014 903 1055 eosdem
934 1015 1077 1055 valent
1111 1014 1332 1068 depellere,
1365 1019 1457 1055 tota
1489 1018 1598 1064 stat,
1640 1013 1860 1054 observata

394 1086 541 1121 tamen
586 1082 650 1134 (ut
691 1081 791 1122 alibi
829 1081 983 1135 [Epist.
1016 1082 1211 1134 Respons.
1243 1083 1278 1122 I.
1314 1084 1336 1137 {x
1371 1082 1458 1136 16.]
1500 1081 1614 1135 dixi‚)
1658 1081 1860 1122 medendi

396 1148 611 1198 methodo,
646 1163 773 1202 quam
805 1154 922 1189 recta
949 1149 1057 1189 ratio
1092 1150 1195 1202 (non
1224 1149 1563 1203 speculationum
1594 1148 1859 1199 commentis,

398 1216 473 1256 sed
487 1216 589 1256 trito
611 1222 652 1256 et
674 1217 860 1257 naturali
881 1217 1097 1270 cogitandi
1117 1218 1256 1269 modo,
1278 1218 1454 1271 innixa,)
1480 1218 1519 1258 ei
1539 1217 1773 1259 dictaverit.

842 1397 1430 1446 POSTSORIPTUMP.

460 1502 637 1542 LEcroR
667 1502 773 1542 mihi
803 1503 970 1542 veniam
1001 1502 1218 1550 concedat,
1248 1503 1282 1542 si
1311 1517 1450 1543 unum
1479 1502 1595 1543 haud
1624 1502 1741 1556 parvi
1770 1507 1860 1542 tam

401 1570 447 1610 in
475 1571 773 1623 dignoscendis
800 1585 927 1624 quam
961 1571 1158 1611 curandis
1187 1571 1394 1611 Febribus
1421 1571 1629 1611 momenti
1659 1571 1728 1611 hic
1757 1571 1861 1626 adji-

402 1639 524 1690 ciam,
557 1640 669 1693 quod
704 1639 787 1680 nisi
821 1639 1050 1680 memoriae
1089 1639 1195 1679 mihi
1231 1639 1455 1689 exciderat,
1487 1639 1578 1679 loco
1613 1639 1749 1692 magis
1786 1653 1862 1679 suo

403 1708 631 1749 dicendum
658 1708 810 1749 fuerat.
873 1708 1101 1748 Observavi
1132 1708 1245 1761 quod
1274 1708 1452 1761 singulis
1481 1707 1604 1748 annis
1632 1707 1684 1748 ab
1708 1707 1863 1762 hyeme

402 1776 623 1830 ingruenti
658 1791 792 1830 usque
833 1776 887 1817 ad
920 1790 993 1816 ver
1028 1776 1225 1816 adultum
1259 1776 1406 1816 Febris
1443 1775 1651 1829 quaedam
1684 1775 1862 1826 invadit,

405 1860 512 1899 quae
532 1851 621 1886 tam
645 1846 783 1899 quoad
804 1850 1091 1899 symptomata
1112 1859 1240 1897 quam
1271 1844 1536 1884 curationem
1558 1858 1582 1885 a
1605 1844 1865 1884 Stationaria

408 1914 509 1966 (sive
530 1914 664 1955 Febre
685 1914 934 1967 Epidemica
956 1911 1288 1954 Constitutionis
1311 1912 1518 1965 generalis
1541 1925 1648 1965 quae
1675 1915 1770 1951 tum
1791 1910 1864 1951 ob-

402 1982 543 2034 tinet,)
568 1982 693 2035 plane
715 1981 938 2035 discrepat,
959 1981 1221 2034 proindeque
1241 1980 1287 2020 in
1309 1980 1511 2021 Febrium
1534 1994 1637 2033 quas
1656 1980 1863 2020 Interem-

402 2055 537 2091 rentes
558 2051 721 2104 appello
743 2050 918 2091 classem
939 2049 1197 2090 recensenda
1218 2053 1295 2090 est.
1365 2049 1443 2102 [2.]
1481 2048 1724 2102 Frigiditati
1755 2047 1864 2089 ae'ris

401 2131 492 2157 una
511 2131 609 2158 cum
631 2117 820 2158 crassitie
848 2131 894 2158 ac
920 2117 1177 2158 humiditate
1203 2116 1394 2171 ejusdem
1416 2116 1490 2156 illa
1514 2116 1723 2170 originem
1745 2130 1864 2156 suam

402 2184 557 2225 debere
577 2184 768 2226 videtur:
800 2184 901 2225 hinc
922 2185 1037 2225 enim
1058 2185 1150 2238 pori
1178 2185 1287 2225 cutis
1309 2184 1605 2235 occluduntur,
1628 2189 1671 2225 et
1692 2184 1865 2238 sanguis

404 2251 458 2292 ob
479 2252 730 2306 impeditam
751 2252 1126 2306 transpirationem
1147 2252 1324 2293 colluvie
1345 2266 1485 2293 serosa
1506 2256 1720 2302 oneratur,
1743 2265 1864 2305 quae,

403 2318 580 2358 tandem
599 2318 772 2359 inimica
791 2320 915 2370 facta,
945 2333 993 2360 ac
1021 2320 1287 2360 diuturniore
1314 2334 1433 2361 mora
1458 2324 1719 2373 putrescens,
1744 2319 1866 2360 facile

403 2386 469 2426 rel
500 2400 524 2426 a
560 2391 755 2440 suscepto
785 2386 955 2440 frigore,
991 2387 1057 2428 vel
1093 2402 1118 2428 a
1146 2387 1227 2428 lezi
1264 2388 1419 2441 aliqua,
1434 2387 1666 2437 occasione,
1701 2386 1864 2428 febrem

404 2452 611 2494 accendit.
675 2454 721 2494 Si
737 2454 916 2495 materia
935 2455 1132 2495 morbum
1155 2455 1426 2496 committens
1447 2455 1614 2509 copiosa
1635 2455 1866 2496 admodum

403 2520 545 2571 fuerit,
589 2535 638 2562 ea
678 2522 807 2563 febris
843 2523 1022 2576 emergit
1060 2537 1186 2576 quam
1224 2522 1302 2563 sub
1338 2524 1465 2564 titulo
1500 2524 1866 2576 Peripneumonz'ae

403 2589 566 2630 Notlzae
592 2590 700 2630 libro
728 2591 791 2630 De
812 2591 975 2631 Morbis
994 2591 1153 2641 Acutis,
1180 2590 1366 2631 sectione
1394 2596 1522 2642 sexta,
1549 2591 1686 2645 capite
1715 2596 1865 2645 quarto

403 2658 603 2711 descripsi
618 2676 629 2709 ;
663 2659 727 2699 sin
760 2664 904 2700 autem
937 2659 1092 2700 humor
1121 2659 1202 2699 iste
1242 2659 1385 2699 minus
1417 2664 1588 2710 scateat,
1617 2673 1667 2700 ea
1706 2659 1863 2700 solum-

403 2725 531 2766 modo
565 2732 849 2780 symptomata
879 2727 1075 2781 producit
1109 2741 1215 2780 quae
1243 2727 1333 2780 jam
1369 2727 1526 2781 [sumq]
1563 2727 1863 2781 descripturus.

413 2793 492 2846 [3.]
530 2795 672 2847 Aeger
694 2809 770 2849 per
795 2795 907 2835 diem
932 2810 1069 2835 unum
1090 2795 1156 2835 vel
1181 2788 1363 2835 alterum
1386 2799 1482 2849 post
1507 2795 1693 2848 primum
1717 2794 1864 2836 Febris

407 2860 614 2900 insultum
637 2876 753 2902 1111110
769 2863 998 2912 incalescit,
1016 2877 1133 2903 nunc
1153 2862 1280 2915 friget
1293 2880 1304 2913 ς
1338 2862 1390 2903 de
1411 2862 1553 2903 dolore
1570 2862 1718 2916 capitis
1739 2868 1866 2916 atque

440 2949 472 2993 Ῥ
490 2944 594 3015 ’Πῦρῗῐ
618 2946 648 2974 in
669 2947 713 2976 cd.
736 2949 796 2976 '8:3.
847 2947 895 2977 Cf.
916 2949 1018 2977 Schvd.
1047 2948 1112 2976 Mu-
1222 2952 1236 2974 ‘1
1264 2946 1361 2986 [snm]
1382 2947 1433 2977 Sic
1452 2947 1518 2978 edd.
1534 2952 1660 2979 recent..
1679 2957 1741 2976 om.
1759 2947 1834 2987 Syd.

414 2992 468 3014 ml.
507 2989 567 3023 ,ζ
600 2999 643 3026 <sp
