1985 3308
361 651 680 701 PRAEFATIO
723 652 1020 700 EDITIONIS
1061 652 1321 699 TERTIAE.

172 829 543 871 QUEMADMODUM
571 844 596 870 a
622 829 793 870 Natura
823 828 883 869 ita
914 833 1158 881 comparata
1189 832 1252 868 cst
1284 827 1463 868 humani
1484 841 1573 868 cor-

1622 833 1747 864 Palm«.

1592 875 1619 904 E
1626 885 1653 907 υ.
1666 877 1773 907 Timr.

111 897 224 950 poris
245 897 416 947 fabrica,
438 902 487 937 ut
508 911 586 937 nec
607 911 707 950 prae
724 897 819 951 jugi
839 897 1143 950 particularum
1168 896 1285 936 fluxu
1307 895 1385 936 sibi
1408 909 1573 948 semper
1587 918 1700 923 —-——<r
1726 923 1733 924 ff

112 969 291 1014 constet,
313 978 392 1004 nec
419 978 518 1017 prae
545 969 818 1004 externarum
845 978 989 1004 rerum
1015 963 1053 1003 vi
1082 963 1148 1003 sui
1163 963 1271 1016 juris
1292 963 1452 1015 ubique
1479 976 1572 1016 per-

110 1036 295 1081 maneat,
317 1031 432 1071 unde
453 1031 676 1084 multiplex
708 1031 1026 1084 aegritudinum
1053 1031 1202 1070 cohors
1227 1030 1350 1071 terris
1379 1030 1431 1070 ab
1454 1030 1571 1070 omni

110 1111 211 1138 aevo
231 1097 454 1147 incubuit;
486 1098 545 1138 sic
572 1098 719 1150 procul
750 1098 867 1138 omni
895 1098 1025 1138 dubio
1054 1112 1078 1138 a
1109 1098 1255 1137 multis
1278 1098 1368 1151 jam
1394 1098 1570 1138 saeculis

110 1170 210 1206 ante
239 1169 391 1205 natum
421 1179 510 1205 non
539 1165 751 1204 Graecum
779 1164 918 1214 modo,
943 1165 1016 1204 sed
1048 1165 1136 1218 (qui
1162 1165 1277 1205 mille
1306 1165 1429 1204 annis
1456 1164 1572 1205 hunc

109 1232 364 1284 antecessit,)
401 1232 664 1285 Aegyptium
697 1231 1015 1284 Aesculapium,
1049 1232 1274 1271 hominum
1304 1231 1479 1284 ingenia
1505 1231 1569 1271 in-

107 1299 379 1352 vestigandae
395 1299 584 1339 medelae
600 1299 829 1339 necessitas
844 1299 1045 1339 exercuit.
1115 1299 1195 1352 [2]
1233 1300 1290 1339 Et
1302 1299 1504 1352 profecto,
1521 1304 1570 1339 ut

109 1367 201 1420 quis
233 1366 395 1420 primus
432 1366 717 1407 aedificiorum
750 1371 824 1406 aut
855 1367 1212 1406 vestimentorum
1243 1380 1370 1406 usum
1411 1366 1465 1406 ad
1500 1366 1570 1406 de-

107 1434 348 1487 pellendam
379 1434 484 1474 coeli
514 1433 834 1474 inclementiam
864 1434 1066 1483 instituit,
1094 1447 1221 1473 nemo
1253 1433 1375 1473 facile
1404 1433 1569 1482 dixerit,

106 1501 170 1541 ita
198 1506 240 1541 et
268 1501 387 1541 Artis
413 1501 609 1542 Medicae
634 1501 810 1551 natales,
834 1505 882 1541 ut
914 1501 1006 1541 Nili
1037 1501 1214 1551 fontem,
1237 1500 1466 1553 indigitare
1497 1514 1570 1541 ne-

107 1568 276 1622 quimus
292 1586 303 1618 3
337 1582 435 1609 cum
455 1568 550 1618 ista,
572 1568 747 1622 perinde
769 1582 817 1609 ac
831 1573 1021 1608 caeterae
1043 1574 1168 1618 artes,
1186 1568 1232 1608 in
1254 1582 1335 1608 usu
1349 1582 1571 1620 nunquam

106 1649 195 1676 non
219 1636 420 1686 extiterit,
443 1636 542 1676 licet
574 1650 689 1676 nunc
726 1635 987 1688 diligentius,
1017 1649 1133 1676 nunc
1160 1635 1356 1688 frigidius
1387 1635 1568 1686 exculta,

105 1717 181 1757 pro
220 1703 334 1744 vario
374 1708 617 1756 temporum
657 1717 705 1743 ac
737 1703 960 1756 regionum
993 1703 1157 1743 habitu.
1227 1703 1305 1756 [3.]
1345 1703 1569 1744 Quantum

104 1775 279 1821 veteres,
308 1784 356 1811 ac
382 1771 496 1811 inter
530 1771 688 1823 primos
719 1771 1014 1824 Hippocrates,
1047 1770 1366 1823 praestiterunt,
1399 1770 1569 1810 abunde

104 1843 257 1879 notum
281 1844 344 1879 est
357 1855 369 1888 3
403 1838 557 1892 quibus
586 1838 758 1888 scilicet,
791 1852 839 1878 ac
867 1852 1014 1879 eorum
1042 1838 1198 1892 scripta
1225 1837 1566 1891 compilantibus,

104 1906 334 1946 maximam
362 1906 678 1959 therapeuticae
710 1906 905 1946 solertiae
936 1911 1102 1958 partem
1135 1910 1352 1958 acceptam
1377 1905 1566 1945 ferimus.

106 1974 224 2016 Quin
245 1979 288 2015 et
316 1974 642 2014 succedentibus
671 1974 824 2014 deinde
856 1974 1034 2014 saeculis
1065 1974 1239 2014 emicuit
1262 1973 1568 2014 nonnullorum

103 2042 326 2091 industria,
360 2042 432 2094 qui
458 2046 532 2082 aut
564 2042 816 2092 anatomiam,
847 2047 921 2082 aut
952 2042 1234 2095 pharmaciae,
1261 2047 1335 2082 aut
1367 2041 1567 2081 methodo

105 2108 268 2163 ἰατρικῇ
299 2122 469 2162 operam
498 2108 706 2158 navando,
730 2108 974 2149 Medicinae
1004 2109 1218 2161 pomoeria
1253 2108 1455 2161 ampliare
1491 2122 1566 2160 pro

102 2177 212 2217 virili
253 2180 524 2229 sategerunt;
557 2179 605 2215 ut
646 2180 811 2215 taceam
844 2189 923 2216 nec
958 2176 1002 2215 in
1039 2177 1118 2216 hac
1150 2180 1296 2215 nostra
1326 2175 1563 2223 Britannia,

102 2244 277 2297 ipsoque
298 2243 377 2283 hoc
399 2243 566 2283 saeculo
590 2242 784 2292 defuisse,
801 2243 873 2295 qui
894 2243 939 2282 in
961 2243 1078 2282 omni
1099 2242 1372 2282 scientiarum
1395 2255 1562 2294 genere,

103 2325 185 2364 quo
205 2324 272 2351 res
294 2310 466 2351 Medica
487 2309 690 2362 adaugeri
717 2310 862 2363 possit,
886 2309 1044 2362 optime
1076 2313 1325 2349 meruerunt
1338 2325 1350 2357 ;
1383 2321 1563 2360 quorum

103 2378 274 2431 quidem
309 2377 455 2418 laudes
488 2377 639 2429 impari
665 2377 825 2417 calamo
852 2391 939 2416 non
969 2376 1148 2428 attingo.
1217 2375 1296 2429 [4.]
1335 2375 1562 2415 Caeterum

103 2450 432 2498 quantacunque
459 2445 618 2484 fuerint
651 2444 829 2484 aliorum
861 2444 1098 2493 conamina,
1131 2457 1295 2496 semper
1326 2442 1561 2483 existimavi

101 2513 209 2553 mihi
238 2512 377 2552 vitalis
408 2525 535 2552 aurae
560 2525 687 2551 usum
719 2511 877 2551 frustra
908 2512 1056 2551 datum
1088 2511 1189 2560 fore,
1219 2510 1302 2550 nisi
1327 2514 1369 2550 et
1399 2509 1488 2562 ipse
1515 2510 1561 2549 in

100 2580 181 2621 hoc
203 2580 338 2621 stadio
359 2584 562 2629 versatus,
584 2579 824 2632 symbolum
846 2579 1028 2632 aliquod,
1045 2584 1262 2631 utcunque
1284 2577 1498 2630 exiguum,
1515 2577 1560 2617 in

102 2661 327 2688 commune
349 2647 592 2687 Medicinae
615 2647 824 2686 aerarium
846 2647 1172 2687 contribuerem.
1236 2645 1446 2687 Quocirca
1465 2652 1560 2697 post

103 2714 350 2756 diuturnam
382 2714 719 2763 meditationem,
752 2728 800 2754 ac
833 2714 1082 2767 diligentem
1110 2713 1322 2766 fidamque
1350 2726 1560 2752 annorum

103 2782 522 2835 aliquammultorum
550 2780 902 2831 observationem,
923 2781 1100 2821 tandem
1127 2780 1354 2833 aliquando
1382 2780 1557 2829 decrevi,

102 2850 238 2902 primo
274 2849 532 2889 sententiam
564 2862 704 2888 meam
736 2849 781 2888 in
814 2848 1002 2888 medium
1036 2849 1233 2902 proferre,
1268 2862 1351 2901 qua
1387 2847 1559 2888 demum

103 2917 266 2957 ratione
298 2916 503 2956 Medendi
535 2915 710 2956 scientia
741 2916 917 2955 ulterius
948 2916 1181 2968 promoveri
1212 2914 1367 2969 possit3
1406 2914 1558 2954 deinde

837 2998 858 3022 c
