1985 3308
225 113 302 149 640

222 211 413 241 dicamentis
438 210 650 251 producendis
674 210 771 241 simul
796 220 832 241 ac
859 220 990 251 praepa-

223 254 331 284 randis
348 253 552 289 collaudatio,
569 254 642 290 379,
660 255 731 284 380.

267 296 594 336 Nssr11n1r1co(Dr:)
606 296 991 333 Panoxrsmo,572‚573.

267 339 449 379 Nephritici
472 339 655 380 paroxysmi
680 339 756 374 veri,
775 344 806 368 et
829 338 992 378 hysterici,

1018 213 1021 254 1

1018 255 1024 337 ἓ

223 391 322 421 quam
338 382 478 412 diversae
493 382 672 412 curationes
689 381 753 411 sint
767 381 993 417 instituendae,
1020 394 1023 418 χ

224 425 285 455 395
300 437 306 459 ;
329 435 542 464 paroxysmus
556 435 595 454 ex
614 423 773 463 hysterica
793 424 894 453 affect.
912 434 991 462 quo-

223 467 318 497 modo
328 467 534 507 dignoscatur
546 467 584 496 ab
597 467 709 496 eodem
721 476 760 495 ex
772 466 909 502 calculo,
919 466 993 502 366,

223 510 304 545 3673
330 511 488 550 quomodo
511 520 528 539 a
552 509 653 539 colica
670 508 796 544 biliosa,
812 509 894 544 576;
919 519 994 538 eum

223 552 396 592 aliquando
418 552 572 582 mentitur
588 551 712 581 affectio
734 551 902 590 quaedam,
917 553 991 581 lum-

223 596 300 635 bago
323 597 509 625 rheumatica
531 594 626 630 dicta,
642 595 724 628 256;
750 593 923 633 aliquando
945 594 992 623 af—
1021 594 1023 630 ξ

222 637 317 668 sectio
345 638 501 677 quaedam
530 637 632 666 febres
656 636 824 666 intermitt.
848 646 920 666 ann.
939 636 991 668 ’75

222 682 331 717 —’80,
350 680 523 719 excipiens,
544 681 625 714 302;
653 679 687 708 in
707 679 848 719 podagra
869 680 990 709 invete-

222 728 377 759 rascente‚
391 722 523 761 vulgare
539 726 732 761 symptoma,
746 723 819 754 447.

266 765 456 795 Nicotianae
471 765 581 794 fumus
597 765 629 794 in
645 764 719 801 ileo,
735 766 809 801 502,
825 765 897 797 579.

266 807 410 847 Nigredo
438 807 471 837 in
499 807 667 843 mox-binis,
694 809 771 841 185;
801 807 835 837 in
865 807 994 837 various
1018 799 1021 847 3

222 851 298 880 anni
322 851 385 886 ’70‚
414 851 474 880 189
490 863 496 885 ;
529 850 688 889 quomodo
717 854 893 890 superetur,
921 851 992 885 192,

226 894 285 923 193
299 905 305 928 ;
330 893 363 922 in
378 892 507 922 variolis
523 893 599 922 anni
613 893 666 924 ’74
681 897 780 929 tanta,
793 898 830 923 ut
845 892 994 932 pustulae

222 935 394 975 fuliginem
415 941 600 975 aequarent,
616 936 696 970 219;
722 936 882 975 quomodo
899 945 992 975 supe-

223 983 320 1015 retur,
337 980 419 1012 222;
444 979 477 1008 in
491 978 621 1008 variolis
635 978 737 1018 regul.
751 978 827 1008 anni
843 979 906 1014 ’67,
923 980 991 1009 128.

266 1021 391 1051 Novar.
409 1021 497 1060 (Da)
517 1021 647 1051 Fennis
673 1021 864 1058 Ixonnssu,
888 1022 994 1051 486—
1018 1014 1021 1030 ⁵

268 1107 357 1136 Haec
374 1106 485 1136 eadem
510 1111 558 1136 est
582 1117 680 1146 quam
701 1107 824 1137 Auctor
849 1106 992 1146 Primum
1018 1090 1021 1118 ξ
1051 1063 1141 1100 dum,
1159 1065 1239 1098 3245
1265 1068 1311 1093 θεῖ
1327 1068 1509 1104 Sympwma
1523 1062 1621 1092 tetius
1637 1072 1732 1092 curae
1747 1061 1822 1092 sali-

223 1065 296 1094 513.
317 1064 355 1094 cf.
373 1064 554 1099 476-478,
572 1065 752 1094 550-552,

224 1149 353 1178 nomine
388 1151 497 1179 Febris
524 1150 685 1189 Hyemczlis
716 1149 854 1185 tradidit,
886 1150 994 1181 476—

222 1193 296 1229 478,
313 1191 386 1227 487,
403 1193 488 1227 488;
514 1201 611 1231 quam
633 1196 743 1232 postea
767 1192 889 1222 invenit
911 1192 994 1222 nihil

221 1244 290 1264 esse
315 1234 404 1264 aliud
426 1245 525 1274 quam
547 1235 728 1274 simplicem
751 1235 918 1274 sanguinis
943 1235 992 1264 in-

221 1277 485 1313 flammationem,
499 1279 573 1311 489,
591 1279 671 1313 49ος
695 1277 778 1307 hanc
789 1279 908 1307 febrem
925 1288 993 1307 cor·
1020 1294 1021 1301 κ

221 1320 284 1350 tice
309 1320 423 1350 Peruv.
449 1330 547 1360 quare
569 1320 718 1350 nonnulli
743 1320 864 1350 Medici
883 1320 992 1360 profli-

222 1373 296 1402 gare
312 1363 474 1398 tentarint,
492 1364 573 1398 498;
597 1363 683 1393 unde
698 1363 822 1402 liquido
839 1363 992 1399 constitit,

222 1405 305 1435 hanc
334 1406 455 1435 febrem
491 1406 530 1435 ab
569 1405 640 1435 istis
676 1406 804 1436 constit.
840 1406 992 1438 ’77—’85

223 1452 289 1478 toto
325 1449 412 1478 coelo
443 1448 569 1483 distare,
600 1449 683 1484 4·99;
721 1448 859 1478 infantes
893 1459 993 1489 aeque

222 1501 259 1520 ac
283 1491 408 1521 adultos
429 1491 598 1527 afficiebat,
614 1493 697 1526 504;
720 1501 760 1521 ne
782 1492 993 1531 primordium

223 1533 264 1562 sit
280 1534 376 1563 febris
393 1534 623 1573 depuratoriae,
643 1534 718 1563 olim
735 1540 859 1573 pestem
876 1534 992 1564 imma-

222 1586 295 1605 nem
312 1586 526 1616 praegressae,
543 1582 685 1606 metuere
709 1577 836 1606 videtur
858 1577 992 1613 Auctor,

223 1620 308 1653 512;
339 1619 414 1648 licet
441 1619 593 1648 continua
616 1629 745 1658 prorsus
770 1624 861 1655 esset,
886 1625 993 1649 tamen

223 1661 392 1701 ingruente
415 1666 506 1691 nocte
529 1662 798 1697 exacerbescebat,
823 1663 893 1698 488,
911 1664 994 1697 497;
1020 1675 1023 1688 >

223 1714 308 1733 anno
335 1706 397 1740 ⁹85,
424 1704 576 1734 diuturno
601 1704 676 1743 gelu
702 1704 850 1739 resoluto,
874 1709 993 1741 exorta,

223 1748 285 1777 486
300 1759 306 1781 ;
330 1748 398 1786 ejus
409 1752 635 1787 symptomata,
649 1748 722 1782 488,
734 1748 807 1782 489,
822 1749 895 1782 498,
911 1748 990 1782 499ς

225 1790 295 1828 ejus
319 1789 450 1825 curatio,
475 1791 536 1819 489
565 1800 632 1828 sq.;
663 1790 696 1819 in
723 1789 870 1819 foeminis
897 1790 993 1820 affec-

223 1832 363 1861 tionibus
379 1832 497 1871 hyster.
511 1832 666 1867 obnoxiis,
679 1833 741 1862 498
753 1845 758 1867 ς
777 1832 891 1862 sudore
901 1842 994 1872 spon-

224 1879 316 1904 tanco
360 1880 517 1904 nocturno
559 1874 730 1914 aliquando
775 1875 993 1913 mitigabatur,

223 1919 297 1953 492,
317 1919 400 1951 493;
423 1918 543 1947 aestivo
567 1923 718 1957 tempore,
742 1918 862 1947 ventris
882 1918 992 1947 tormi-

224 1960 319 1991 nibus
336 1961 504 2000 praecipue
521 1971 553 1989 se
566 1960 801 1996 manifestabat,
817 1961 896 1995 499;
916 1960 993 1990 item
1020 1972 1023 1993 2

227 2003 474 2038 vomitur-itione,
507 2004 588 2038 499;
619 2003 795 2038 cerebrum,
820 2013 896 2043 prae
922 2003 993 2032 aliis

226 2046 416 2085 quibusque,
430 2051 536 2086 petere
549 2050 631 2086 apta,
646 2047 708 2076 493
722 2058 728 2081 ς
753 2046 908 2085 phrenitis
921 2046 994 2076 inde

1020 423 1023 450 i

824 108 997 147 INDEX
1026 108 1228 145 RERUM.

1097 209 1261 240 Obstetrix
1277 209 1366 240 rudis
1386 209 1438 239 vel
1450 207 1647 248 jactabunda
1663 208 1821 249 quomodo

1050 262 1241 292 puerperam
1254 252 1379 283 laedere
1392 251 1502 291 possit,
1518 252 1590 282 396.

1095 296 1321 325 obstructiones
1356 294 1530 324 mulierum
1568 294 1672 324 dictae
1709 293 1821 324 eadem

1050 337 1200 367 methodo
1215 348 1250 367 ac
1266 337 1428 378 hysterica
1441 337 1540 366 affeet.
1559 341 1722 372 sanantur,
1739 337 1812 367 386.

1095 380 1291 420 Odontalgia
1307 390 1346 410 ex
1360 379 1521 419 hysterica
1536 378 1651 415 affect„
1667 379 1738 411 367.

1097 422 1217 452 Oleum
1240 422 1401 462 amygdal.
1423 422 1508 452 dulc.
1528 431 1684 462 quasnam
1707 421 1823 452 habeat

1050 465 1229 502 facultates,
1244 467 1296 502 58,
1311 466 1370 500 593
1394 465 1427 494 in
1444 465 1596 500 febribus,
1609 465 1664 499 59;
1689 464 1722 494 in
1737 464 1820 504 peri-

1050 508 1247 547 pneumonia
1265 508 1373 544 notha,
1399 509 1460 538 254
1472 520 1479 543 ;
1504 507 1538 537 in
1559 506 1729 546 pleuritide
1751 511 1823 547 post

1051 551 1354 586 venae-sectionem,
1373 552 1453 585 2493
1478 550 1511 580 in
1526 550 1607 580 tussi
1629 549 1744 585 febrili,
1761 551 1821 585 59;

1050 593 1244 623 variolarum
1261 594 1423 623 aridarum
1440 593 1556 622 crustis
1572 592 1722 629 illinitur,
1740 593 1821 628 143;

1021 633 1023 644 '
1050 636 1171 666 viribus
1187 636 1304 666 attritis
1320 635 1481 672 subvenit,
1497 637 1547 666 59.

1095 679 1214 709 Oleum
1243 678 1301 708 lini
1330 678 1462 708 seminis
1488 678 1521 708 in
1548 677 1720 717 pleuritide
1749 681 1822 717 post

1050 722 1356 758 venae-sectionem,
1373 723 1446 751 249.

1095 764 1349 800 ΟΡΗΤΗΑωιῐΑ,
1369 763 1456 802 (Da)
1475 764 1548 799 571,
1567 762 1638 794 572.

1095 807 1170 847 Opii
1191 807 1386 846 praestantia
1406 812 1437 837 et
1461 806 1570 836 nativa
1591 805 1724 842 bonitas,
1750 805 1821 841 174,

1055 849 1135 885 175;
1165 850 1199 880 in
1223 850 1338 890 quibus
1360 849 1525 879 affectibus
1544 848 1714 888 praecipue
1734 847 1819 878 indi-

1051 897 1140 922 cetur
1149 893 1218 932 ejus
1229 903 1318 926 usus,
1333 893 1412 927 278;
1435 892 1518 921 inter
1527 892 1633 931 opiata
1643 891 1747 931 quoad
1754 891 1822 921 vim

1050 935 1154 975 ipsam
1171 935 1299 965 nullum
1315 935 1379 965 fere
1395 940 1443 965 est
1457 934 1640 970 discrimen,
1659 934 1727 966 174.

1095 977 1141 1007 Os
1157 978 1375 1008 exulceratum
1399 982 1471 1017 post
1493 977 1714 1007 salivationem
1737 986 1821 1006 mer-

1051 1020 1216 1057 curialem,
1234 1022 1311 1056 320;
1336 1021 1363 1050 si
1379 1020 1454 1051 ferri
1470 1025 1618 1059 nequeat,
1631 1019 1709 1059 quid
1723 1029 1820 1059 agen-

1051 1106 1187 1136 vationis
1202 1106 1478 1141 molestissimum,
1495 1107 1567 1135 324.

1096 1149 1252 1179 Oscitatio
1281 1149 1439 1178 matutina
1476 1148 1509 1178 in
1539 1146 1721 1188 podagricis
1753 1147 1822 1187 jam

1051 1191 1191 1221 multum
1210 1202 1279 1222 eam
1296 1192 1408 1232 passis,
1426 1191 1504 1231 quid
1519 1190 1648 1227 efficiat,
1664 1192 1736 1221 414.

1095 1234 1271 1274 Palpebrae
1292 1235 1326 1264 in
1350 1234 1478 1264 variolis
1502 1233 1594 1263 discr.
1614 1234 1684 1272 jam
1713 1237 1821 1262 matu-

1050 1277 1195 1307 rantibus
1218 1277 1381 1313 inflantur,
1403 1278 1479 1311 121;
1505 1276 1591 1316 quod
1615 1281 1646 1306 et
1666 1280 1738 1306 ante
1761 1275 1822 1305 hoc

1051 1324 1179 1359 tempus
1196 1330 1427 1360 nonnunquam
1446 1319 1611 1358 contingit,
1632 1320 1701 1349 121.

1095 1362 1268 1403 Palpitatio
1305 1363 1409 1392 cordis
1450 1373 1489 1392 ex
1523 1362 1684 1401 hysterica
1721 1361 1823 1391 affect.

1051 1415 1207 1444 quasnam
1220 1406 1410 1446 praeprimis
1426 1409 1528 1441 vexet,
1547 1406 1618 1440 365,
1636 1405 1710 1435 366.

1096 1448 1255 1478 Paludosa
1271 1449 1342 1478 loca
1365 1448 1484 1478 febrem
1501 1453 1691 1488 quartanam
1707 1446 1822 1476 inferre

1050 1497 1193 1529 possunt,
1212 1492 1286 1523 378.

1095 1533 1261 1563 Panatella
1277 1534 1310 1563 in
1327 1533 1517 1573 dysenteria,
1537 1533 1606 1565 173.

1094 1576 1312 1606 Paracentesis
1333 1576 1365 1605 in
1386 1575 1527 1615 hydrope
1543 1574 1732 1614 periculosa,
1748 1575 1822 1607 ‹1-74.

1095 1618 1286 1655 PAnALrsl,
1307 1618 1394 1657 (DE)
1413 1619 1487 1653 604,
1505 1619 1578 1648 605.

1094 1660 1256 1701 Paralysis
1273 1672 1311 1691 ex
1327 1661 1393 1691 vini
1408 1671 1469 1691 usu
1484 1660 1666 1695 immodico,
1682 1661 1754 1689 435.

1094 1703 1284 1743 Paregorica
1299 1704 1332 1733 in
1357 1704 1472 1744 quibus
1489 1703 1616 1733 casibus
1636 1707 1721 1732 recte
1737 1702 1819 1732 indi-

1050 1751 1173 1783 centur,
1201 1747 1274 1783 278,
1303 1748 1384 1781 349ς
1416 1746 1608 1786 paregoricis
1633 1745 1822 1775 evacuantia

1051 1788 1164 1818 debere
1190 1789 1362 1829 praemitti,
1388 1789 1419 1818 in
1453 1788 1637 1828 sanguineis
1661 1792 1820 1828 tempera-

1051 1831 1176 1866 mentis,
1195 1842 1257 1861 non
1276 1832 1358 1867 aliis,
1383 1833 1465 1866 393;
1490 1831 1624 1861 remedii
1648 1831 1696 1860 vis
1717 1834 1748 1860 et
1770 1841 1821 1860 re-

1049 1874 1178 1913 petendi
1187 1875 1273 1904 vices
1281 1884 1355 1904 cuni
1366 1874 1589 1914 symptomatis
1597 1873 1822 1913 magnitudine

1050 1922 1124 1946 sunt
1145 1917 1363 1953 conferendae,
1382 1919 1461 1951 27&
1488 1926 1628 1956 quonam
1650 1917 1744 1946 modo
1769 1921 1820 1946 tu-

1049 1959 1173 1989 tissime
1189 1960 1379 1994 exhibenda,
1395 1965 1433 1989 ut
1449 1959 1618 1990 definiatur
1635 1959 1730 1995 dosis,
1747 1960 1820 1996 349,

1050 2003 1112 2032 350
1125 2015 1131 2037 ς
1157 2003 1212 2032 ubi
1227 2003 1426 2042 frequentius
1441 2003 1641 2038 exhibentur,
1654 2001 1738 2032 intra
1754 2002 1820 2032 sin-

1048 2044 1142 2083 gulas
1166 2045 1257 2075 doses
1287 2050 1447 2085 quantum
1477 2045 1570 2085 spatii
1599 2044 1820 2084 interjiciatur,

225 2089 388 2118 nascitura
415 2089 574 2128 quomodo
602 2094 772 2124 avertatur,
800 2090 880 2123 4915
913 2089 991 2128 aph-
1020 2075 1023 2125 i
1050 2088 1122 2122 278.
1141 2089 1215 2124 349,
1232 2090 1305 2124 3ὁο,
1319 2090 1391 2123 394,
1408 2089 1487 2123 581;
1513 2088 1610 2118 nimis
1628 2087 1753 2127 saepius
1770 2098 1819 2117 re-

224 2131 297 2161 thae
313 2137 343 2161 et
367 2131 529 2170 singultus
549 2131 573 2160 si
596 2131 724 2167 adsunt,
741 2132 857 2161 cortice
880 2131 994 2161 PeruV.
1020 2130 1023 2138 ⁴
1049 2131 1148 2170 petita
1171 2131 1351 2161 functiones
1366 2130 1529 2161 naturales
1545 2130 1723 2165 debilitant,
1740 2131 1820 2165 3933

223 2180 387 2210 curantur,
406 2176 479 2210 491,
495 2175 557 2205 492
572 2187 578 2208 ;
602 2174 703 2204 diaeta
722 2174 809 2213 quali
826 2174 992 2210 utendum,

223 2218 304 2252 493;
330 2227 489 2256 quaenam
506 2217 546 2246 sit
567 2217 688 2257 optima
703 2217 852 2246 medendi
868 2217 992 2246 metho-

1049 2173 1228 2204 exhibenda
1253 2173 1443 2213 plerumque
1466 2178 1539 2214 post
1562 2173 1744 2212 purgantia,
1760 2173 1819 2208 87;

1049 2216 1127 2255 quid
1155 2216 1188 2245 in
1212 2216 1305 2246 initio
1331 2216 1476 2246 cholerae
1499 2216 1601 2246 morbi
1628 2215 1707 2245 mali
1729 2225 1820 2255 prae-

225 2260 284 2289 dus
315 2260 475 2299 quomodo
505 2260 716 2299 adjudicetur,
748 2260 820 2294 511,
852 2261 934 2294 512;
967 2260 993 2289 si
1020 2267 1023 2307 Ι
1049 2263 1144 2307 stent,
1171 2259 1248 2294 164;
1277 2259 1404 2298 qnando
1429 2259 1619 2294 exhibenda,
1643 2259 1713 2294 165,
1742 2259 1822 2293 166;

224 2303 374 2332 methodo
403 2302 538 2332 traditae
568 2303 698 2332 omnino
729 2312 791 2332 non
820 2303 922 2338 cedat,
954 2303 994 2332 ad

224 2346 374 2375 corticem
400 2345 516 2375 Peruv.
544 2345 784 2380 recurrendum,
807 2346 887 2380 5063
912 2345 992 2374 reei-

225 2388 298 2418 diva
328 2388 488 2427 quomodo
519 2388 761 2427 praevenienda,
790 2389 873 2422 491,
898 2387 995 2418 febris

225 2431 385 2470 quomodo
401 2431 433 2460 in
450 2431 628 2461 infantibus
644 2431 794 2466 curanda,
811 2432 882 2460 503.

268 2475 371 2504 Norae
398 2475 510 2504 Febres
535 2484 632 2513 quare
657 2479 702 2503 tot
728 2473 825 2513 vulgo
851 2472 996 2508 audiunt,

229 2517 305 2551 180;
332 2516 428 2546 febris
449 2526 550 2546 novae
571 2522 687 2546 natura
708 2516 868 2555 quomodo
888 2515 993 2545 inves-

224 2559 364 2598 tiganda,
383 2559 462 2593 237;
489 2569 551 2599 qua
574 2559 704 2589 demum
729 2558 854 2589 cautela
873 2558 994 2588 indica-

224 2602 326 2631 tiones
343 2602 504 2632 curativae
526 2601 700 2632 sumendae
720 2601 752 2631 in
769 2607 880 2632 exortu
896 2611 996 2631 novae

224 2644 330 2680 febris,
349 2645 422 2681 237,
442 2646 513 2674 238.

269 2687 298 2716 N
305 2687 421 2717 utrices
444 2687 476 2716 in
501 2686 629 2717 variolis
646 2697 739 2726 saepe
755 2690 872 2722 errant,
892 2687 959 2716 135.

269 2730 474 2768 objectiones
488 2730 742 2769 dogmaticormn
763 2729 943 2765 solvuntur,
958 2728 996 2758 de

225 2771 327 2810 aegris
351 2771 432 2801 lecto
456 2772 488 2801 in
512 2772 641 2802 variolis
663 2772 776 2812 primis
798 2772 910 2802 diebus
926 2771 994 2801 affi-

223 2814 346 2854 gendis,
363 2815 541 2846 337—340.

269 2856 515 2887 Observationes
542 2857 753 2897 particulares
779 2857 811 2887 in
837 2857 995 2887 medicina

225 2909 288 2929 non
313 2909 463 2938 magnam
480 2900 615 2930 afferunt
630 2900 815 2936 utilitatem,
832 2901 881 2930 15.

1049 2312 1083 2331 m
1107 2301 1233 2331 cholera
1255 2302 1364 2331 morbo
1386 2303 1459 2331 anni
1477 2302 1529 2333 ‘76
1550 2301 1679 2331 fortiora
1702 2306 1734 2331 et
1757 2301 1819 2331 fre-

1051 2344 1217 2383 quentiora
1247 2344 1340 2374 solito
1372 2345 1628 2384 requirebantur,
1660 2343 1746 2379 278;
1785 2344 1819 2374 in

1051 2386 1151 2416 colica
1175 2387 1298 2421 biliosa,
1328 2387 1405 2421 196;
1438 2392 1510 2427 post
1538 2387 1711 2423 catharsin,
1741 2388 1818 2421 196;

1051 2435 1122 2469 post
1144 2430 1445 2466 venae—sectionem,
1471 2431 1542 2465 195,
1559 2430 1641 2464 577;
1673 2435 1745 2470 post
1765 2440 1820 2459 vo-

1050 2472 1214 2502 mitorium
1226 2482 1265 2502 ex
1277 2471 1607 2512 zythogala,quando,
1616 2473 1691 2507 195;
1717 2482 1818 2511 quan-

1051 2515 1166 2545 donam
1183 2515 1365 2544 catharticis
1382 2515 1627 2554 praemittenda,
1646 2515 1720 2549 196;
1747 2525 1821 2545 con-

1050 2558 1203 2588 tinuanda
1221 2557 1326 2587 adhuc
1348 2562 1421 2598 post
1444 2568 1539 2587 usum
1559 2557 1821 2593 catharticorum,

1054 2601 1133 2635 197;
1159 2600 1198 2630 ad
1220 2600 1362 2630 dolorem
1382 2600 1559 2630 recidivum
1580 2600 1818 2639 expellendum,

1054 2644 1112 2673 198
1126 2656 1132 2678 ;
1156 2643 1187 2673 in
1200 2643 1302 2672 colica
1316 2643 1485 2683 hysterica,
1499 2644 1576 2678 2Ο2;
1602 2643 1818 2673 evacuationi-

1050 2686 1110 2715 bus
1139 2686 1333 2726 praemissis,
1357 2685 1462 2715 minor
1485 2685 1570 2715 dosis
1593 2685 1709 2716 efficiet
1733 2685 1819 2725 qnod

1051 2729 1139 2768 prius
1166 2729 1268 2768 major
1292 2738 1355 2758 non
1380 2728 1516 2764 valebat,
1542 2729 1614 2764 202,
1640 2729 1712 2765 393,
1737 2729 1818 2762 581;

1051 2781 1151 2807 coma,
1170 2771 1255 2810 quod
1272 2781 1290 2800 a
1308 2770 1452 2801 tumultu
1475 2781 1572 2810 quem
1593 2771 1765 2811 purgantia
1784 2771 1819 2800 in

1050 2814 1303 2844 febricitantium
1322 2814 1478 2853 sanguine
1492 2813 1643 2849 excitant,
1658 2813 1818 2844 amoliun-

1051 2862 1114 2892 tur,
1133 2858 1216 2891 49ος
1248 2857 1281 2886 in
1305 2856 1475 2886 comatosis
1497 2855 1662 2886 affectibus
1683 2856 1820 2886 variolas

1052 2899 1324 2939 praecedentibus
1356 2900 1438 2934 346;
1470 2899 1503 2929 in
1531 2899 1706 2936 diarrhoea,
1739 2898 1817 2934 l73;
