1985 3308
197 258 368 288 CHOLERA

201 300 354 330 Momscs
389 315 396 322 ·

183 344 280 372 Axx1
306 344 367 373 ‘69.

186 663 340 693 Cholerae

187 706 293 735 Morbi
311 706 363 736 de-

186 748 322 788 scriptio.

186 1408 321 1439 Cholera

184 1451 275 1481 sicca.

185 1756 357 1787 Cenum.

184 1815 315 1845 Curatio

186 1857 339 1887 Cholerae

183 1899 288 1929 Morbi
305 1910 363 1930 nec

178 1942 374 1979 catharticis,

179 1994 238 2014 nec
255 1986 369 2015 astrin-

182 2028 330 2065 gentibus

182 2077 228 2099 est
244 2075 312 2099 ten-

180 2113 285 2143 tanda.
301 2120 329 2143 et

181 2156 334 2194 quamob-

181 2208 247 2228 rem
261 2212 268 2234 ;

389 143 472 183 164,
552 168 555 169 ν
799 143 1056 185 ΤΗΟΜΑΕ
1090 143 1431 184 SYDENHAM

387 262 479 289 eam
501 249 604 289 anni
624 254 802 303 partem,
825 264 931 303 quae
953 254 1158 291 aestatem
1178 249 1416 304 fugientem
1438 253 1565 303 atque
1586 252 1845 289 autumnum

385 316 683 357 lmminentem
711 317 1019 370 complectitur,
1046 317 1184 370 (unice
1207 331 1254 357 ac
1278 317 1424 357 eadem
1451 330 1621 370 prorsus
1642 315 1739 366 fide,
1761 329 1846 369 qua

387 384 493 424 veris
523 384 754 438 primordia
781 385 1045 434 hirundines,
1069 390 1144 425 aut
1173 385 1438 438 insequentis
1466 383 1733 437 tempestatis
1762 383 1845 424 fer-

385 466 528 493 vorem
550 453 754 505 cuculus,)
775 467 916 493 amare
938 453 1179 493 consuem'tg
1195 470 1202 493 :
1236 454 1307 506 qui
1329 453 1380 493 ab
1398 453 1585 506 ingluvie
1606 466 1654 493 ac
1674 452 1847 505 crapula.

386 520 506 560 nullo
533 520 736 573 temporis
769 520 1010 561 discrimine
1038 520 1195 573 passim
1225 520 1434 560 excitatur
1464 520 1654 570 affectus,
1679 519 1845 560 ratione

387 593 722 641 symptomatum
752 602 841 628 non
866 588 1083 637 absimilis,
1105 601 1184 628 nec
1215 588 1394 628 eandem
1422 588 1653 628 curationis
1680 587 1845 628 metho-

388 654 492 695 dum
522 669 736 708 respuens,
763 661 910 695 tamen
941 655 1114 695 alterius
1146 660 1209 695 est
1241 655 1443 695 subsellii.
1505 656 1674 695 Malum
1703 655 1845 708 ipsum

387 722 509 763 facile
534 723 825 775 cognoscitur:
859 722 1014 762 adsunt
1045 722 1160 762 enim
1181 722 1365 762 vomitus
1394 736 1600 772 enormes,
1624 736 1672 763 ac
1698 736 1845 776 pravo-

388 804 485 830 rum
523 791 753 830 humorum
793 804 892 830 cum
932 790 1117 830 maxima
1157 790 1407 830 difficultate
1448 795 1490 830 et
1531 790 1730 843 angustia
1768 803 1847 843 per

388 858 528 898 alvum
550 858 729 912 dejectio
745 875 756 907 5
788 857 946 898 ventris
969 872 1016 898 ac
1044 857 1348 898 intestinorum
1376 857 1496 898 dolor
1517 857 1758 908 vehemens,
1779 858 1846 898 in-

386 925 503 965 flatio
531 932 573 965 et
601 925 803 965 distentio
817 942 828 975 3
861 925 1102 978 cardialgia,
1126 925 1230 975 sitis,
1252 926 1399 979 pulsus
1428 926 1538 966 celer
1566 939 1614 966 ac
1634 925 1844 979 frequens,

387 1006 485 1032 cum
507 998 627 1033 aestu
648 998 690 1033 et
715 993 942 1041 anxietate,
964 1006 1053 1033 non
1074 1007 1169 1033 raro
1191 993 1322 1033 etiam
1348 1007 1501 1046 parvus
1523 998 1565 1033 et
1585 993 1843 1046 inaequalis3

385 1059 560 1114 insuper
581 1066 622 1100 et
643 1074 803 1100 nausea
832 1060 1154 1110 molestissima,
1188 1060 1317 1101 sudor
1343 1060 1563 1101 interdum
1589 1060 1845 1114 diaphoreti-

387 1140 460 1167 cus
473 1143 485 1176 ;
522 1141 695 1167 crurum
725 1132 768 1168 et
798 1127 1068 1168 brachiorum
1096 1132 1391 1177 contractura;
1425 1128 1557 1168 animi
1585 1127 1818 1181 deliquium
1831 1145 1844 1178 ;

386 1194 572 1248 partium
603 1201 889 1236 extremarum
924 1195 1134 1248 frigiditas
1147 1213 1159 1246 3
1193 1209 1292 1236 cum
1328 1196 1420 1236 aliis
1456 1196 1686 1236 consimilis
1716 1201 1845 1237 notae

387 1264 694 1317 symptomatis,
713 1278 819 1318 quae
836 1270 1024 1305 astantes
1040 1279 1298 1318 magnopere
1314 1265 1674 1318 perterrefaciant,
1693 1263 1846 1318 atqueh

386 1332 515 1372 etiam
537 1338 719 1385 angusto
740 1332 891 1385 viginti
913 1338 1095 1386 quatuor
1122 1333 1323 1374 horarum
1346 1334 1481 1386 spatio
1502 1347 1678 1386 aegrum
1697 1332 1846 1374 interi-

386 1407 520 1442 mant.
590 1402 668 1442 Est
690 1402 819 1442 ctiam
842 1408 884 1442 et
907 1402 1087 1443 Cholera
1109 1403 1217 1444 sicca
1239 1417 1263 1443 a
1285 1403 1435 1456 spiritu
1456 1403 1635 1444 flatuoso
1656 1417 1782 1456 supra
1802 1409 1846 1444 et

384 1469 496 1509 infra
517 1475 780 1523 erumpente,
796 1470 939 1523 idquei
957 1471 1048 1511 sine
1066 1471 1228 1511 vomitu
1241 1471 1305 1511 vel
1324 1485 1489 1511 secessu
1494 1488 1506 1521 ;
1533 1471 1652 1525 cujus
1668 1470 1845 1511 unicum

387 1537 595 1578 duntaxat
627 1538 867 1591 exemplum
895 1552 963 1578 me
989 1538 1141 1579 vidisse
1165 1539 1343 1579 memini
1373 1539 1564 1579 ineuntej
1586 1539 1714 1592 hujus
1742 1538 1846 1579 anni

386 1611 608 1655 autumno,
631 1620 714 1659 quo
742 1611 932 1659 tempore
952 1606 1068 1660 prior
1097 1607 1171 1647 illa
1196 1607 1355 1661 species
1383 1607 1489 1647 mihi
1513 1606 1779 1657 creberrime,
1801 1611 1845 1648 et

385 1672 497 1713 facto
519 1673 637 1726 quasi
660 1673 842 1726 agmine,
867 1688 956 1714 sese
978 1674 1146 1714 obtulit.

451 1741 531 1794 [2.]
572 1740 757 1782 Sedujak
778 1742 934 1782 mentis
957 1742 1238 1795 applicatione
1260 1747 1301 1783 et
1323 1743 1549 1797 multiplici
1570 1743 1699 1784 etiam
1720 1757 1842 1797 expe-

386 1809 540 1849 rientia
568 1809 754 1859 edoctus,
788 1809 913 1862 quod,
944 1809 979 1849 si
1006 1810 1107 1850 hinc
1136 1824 1250 1850 acres
1273 1810 1377 1851 istos
1407 1811 1618 1861 humores,
1649 1811 1843 1852 fomitem

387 1876 536 1927 morbi,
566 1877 808 1917 catharticis
842 1877 1048 1930 expellere
1079 1891 1267 1928 conarer,
1293 1878 1407 1919 idem
1439 1892 1608 1931 agerem
1650 1885 1777 1932 atque
1807 1879 1843 1919 is

390 1944 461 1997 qui
481 1944 625 1996 ignem
654 1945 744 1986 oleo
770 1943 1034 1997 extinguere¹
1063 1946 1232 1998 satagit,
1256 1959 1354 1985 cum
1381 1946 1603 1987 cathartici
1623 1946 1689 1987 vel
1715 1946 1843 1987 lenis-

387 2012 481 2051 simi
516 2012 703 2065 operatio
744 2012 887 2053 omnia
925 2013 1062 2065 magis
1098 2013 1380 2066 perturbaret,
1417 2019 1460 2054 et
1499 2028 1630 2054 novos
1669 2014 1845 2068 insuper

385 2080 585 2120 excitaret
607 2081 844 2130 tumultus3
877 2085 920 2120 et
942 2080 977 2120 si
998 2094 1048 2120 ex
1075 2081 1248 2122 adverso
1268 2081 1591 2122 medicamentis
1618 2081 1842 2123 narcoticis

385 2148 559 2201 aliisque
581 2148 918 2200 astringentibus
939 2148 985 2188 in
1005 2148 1096 2202 ipso
1114 2149 1259 2189 statim
1279 2149 1426 2190 h‘mine
1446 2150 1632 2203 primum
1652 2149 1844 2190 humoris

383 2215 591 2269 impetum
613 2230 934 2268 compescerem,
959 2216 1061 2256 dum
1086 2217 1271 2257 naturali
1292 2217 1557 2258 evacuationi
1578 2217 1840 2268 obsisterem,

383 2288 426 2324 et
466 2284 650 2324 invitum
685 2284 909 2324 humorem
946 2284 1194 2334 detinerem,
1230 2299 1367 2338 aeger,
1404 2285 1577 2325 inimico
1611 2284 1841 2326 visceribus

382 2350 560 2401 incluso,
589 2351 700 2391 bello
728 2351 934 2391 intestino
964 2351 1141 2392 indubie
1169 2352 1470 2392 conficeretur:
1507 2352 1584 2392 has
1615 2352 1837 2405 (inquam)

384 2417 436 2457 ob
469 2432 628 2468 eausaS,
650 2418 790 2458 media
820 2418 926 2458 mihi
950 2418 1016 2459 via
1043 2418 1329 2458 insistendum
1351 2433 1440 2459 esse
1469 2419 1582 2469 duxi,
1604 2424 1653 2459 ut
1684 2420 1840 2473 partim

384 2484 542 2525 scilicet
571 2486 794 2526 humorem
826 2500 1084 2536 evacuarem,
1107 2487 1263 2540 partim
1291 2487 1420 2527 etiam
1451 2487 1670 2528 diluerem.
1721 2487 1839 2528 Mor-

384 2618 544 2649 mereatur,
562 2624 616 2642 non
638 2615 729 2643 rideo.
775 2615 828 2644 Fe'!
847 2617 922 2644 enim
945 2626 1077 2644 ηοηηιιη-
1139 2617 1232 2645 remis
1248 2617 1320 2644 αηηί
1340 2615 1421 2645 1667
1437 2614 1484 2644 ed.
1503 2615 1565 2644 ⁷68.

384 2666 470 2692 qnam
496 2661 527 2684 ul
552 2659 685 2685 nascenti
703 2657 772 2696 jam
791 2655 877 2695 febri
900 2663 953 2686 att!
974 2658 1079 2686 sallem
1181 2656 1195 2675 k
1220 2656 1535 2697 Sedula—diluerem]
1554 2667 1616 2687 om.
1634 2657 1680 2688 ed.
1699 2658 1761 2687 ’68-

386 2699 496 2726 madero
508 2704 575 2736 pos!
593 2704 691 2727 natam
710 2701 876 2734 intervallo,
889 2702 943 2729 isle
956 2701 1080 2738 affectus
1183 2698 1189 2717 ¹
1213 2703 1311 2739 ignem
1341 2702 1402 2729 oleo
1437 2699 1570 2739 atinga]
1604 2703 1622 2716 ‘¹
1640 2701 1710 2730 Oleo
1736 2702 1837 2730 incen-

387 2743 593 2776 snperrcniat;
618 2742 686 2770 licet
702 2753 765 2771 eam
783 2742 832 2779 15·st
851 2742 896 2772 ed.
915 2743 977 2773 ’68.
1140 2744 1221 2772 dium
1246 2745 1440 2782 restinguere,
1459 2742 1521 2772 dici
1540 2742 1669 2773 solitum
1689 2742 1744 2772 ubi
1766 2742 1838 2781 quis

429 2785 442 2804 δ’
465 2781 561 2821 σωκ]
578 2786 715 2812 —suere't
731 2783 778 2813 ed.
797 2785 858 2815 ‘fia
1141 2795 1177 2815 ea
1218 2785 1364 2814 admovet
1408 2785 1555 2821 remedia,
1595 2794 1675 2824 quae
1712 2783 1837 2814 malum

429 2826 443 2865 ‚¹¹
468 2825 706 2864 atque-inter]
726 2836 785 2856 om.
805 2827 851 2855 ed.
871 2827 932 2857 y68.
1142 2828 1243 2866 magis
1260 2837 1295 2856 ac
1311 2827 1414 2866 magis
1427 2828 1646 2858 exacerbent.”
1693 2826 1839 2866 (Erasmi

429 2869 434 2881 ¹
460 2867 720 2907 idque—secessu]
739 2878 800 2897 0111.
818 2869 864 2898 ed.
884 2870 944 2899 ’68.
1142 2872 1243 2909 Δάας.
1261 2870 1278 2899 i.
1298 2871 1325 2899 2.
1347 2870 1411 2907 10.)

431 2906 439 2929 J
461 2909 712 2949 ineunte—anni]
737 2913 824 2949 idque
842 2913 960 2942 ineunte
976 2923 1081 2942 excur-
