1985 3308
174 282 349 312 Rufinam-

189 333 325 354 TISML'S.

169 1504 222 1534 Ab
238 1503 356 1544 anody-

170 1547 219 1576 nis
237 1547 332 1576 absti-

169 1589 322 1626 nendum,

170 1642 305 1671 quorum

169 1685 231 1704 usu
248 1685 330 1704 mor-

172 1717 229 1746 bus
247 1718 317 1756 figi-

167 1764 227 1791 tur.

173 2055 247 2087 Quo
263 2061 345 2086 tem-

172 2109 245 2138 pore
265 2109 340 2138 pur-

170 2141 294 2180 gaudus

171 2194 272 2223 aeger.

367 168 452 208 258
769 157 1027 209 THOMAE
1061 167 1402 210 SYDENHAM

368 274 476 325 culo,
499 273 813 328 quantumlibet
840 274 962 315 tenui
990 274 1275 328 limpidoque3
1309 274 1462 328 quibus
1493 274 1706 316 substituo
1734 275 1826 330 jus·

369 343 463 384 cula
496 342 741 392 hordeacea,
776 356 995 392 avenacea,
1032 343 1305 396 panatessam,
1341 349 1382 382 et
1419 343 1640 396 ejusmodi.
1701 344 1828 384 Cere-

367 412 516 453 visiam
537 416 711 451 tenuem
734 411 966 463 mitemque
986 424 1062 463 pro
1083 415 1188 462 potu
1209 415 1380 450 tantum
1398 410 1595 460 concedo,
1616 411 1683 451 vel
1699 411 1829 451 etiam

373 481 496 534 (quae
525 479 660 532 magis
691 479 744 519 ad
765 493 855 519 rem
876 479 1005 529 facit,)
1037 478 1248 531 ptisanam
1278 491 1328 518 ex
1349 477 1520 529 hordeo,
1542 479 1683 520 radice
1703 479 1829 533 liqui-

369 549 504 598 ritiae,
528 553 729 597 acetosae,
753 553 846 596 etc„
868 547 914 586 in
941 561 1049 599 aqua
1070 546 1247 585 fontana
1267 545 1457 587 incoctis.
1518 546 1629 588 Volo
1656 547 1830 588 interim

370 622 419 658 ut
443 631 518 670 per
548 617 707 669 aliquot
738 616 862 655 horas
888 614 1063 667 singulis
1086 613 1234 654 diebus
1265 613 1377 655 lecto
1410 629 1453 655 se
1482 614 1707 665 abstineat,
1730 629 1829 656 cum

371 685 496 735 calor,
520 684 591 738 qui
613 698 636 724 a
652 683 747 738 jugi
769 682 968 723 dccubitu
989 681 1190 732 nascitur,
1204 681 1401 723 morbum
1421 689 1665 737 promoveat
1686 683 1829 724 inten-

373 753 542 807 datque.

436 821 514 874 [6.]
553 820 634 861 Dic
665 824 868 873 sequente
894 818 1111 872 sanguinis
1132 820 1389 861 tantundem
1418 820 1585 862 detrahi
1605 820 1829 875 praecipio,

372 894 498 942 atque
523 889 770 928 intercalato
799 888 865 928 die
893 902 980 928 uno
1011 888 1206 938 alterove,
1228 902 1304 942 pro
1336 889 1451 942 aegri
1478 889 1650 940 viribus,
1673 889 1800 930 tertio
1815 905 1828 940 ς

371 957 469 997 dein
503 956 727 1009 interjecto
766 955 897 996 trium
934 960 1165 1008 quatuorve
1206 956 1371 997 dierum
1406 957 1640 1007 intervallo,
1683 958 1825 1011 (prout

373 1024 487 1077 aegri
519 1024 638 1074 vires,
672 1028 799 1074 aetas,
835 1023 1094 1074 constitutio,
1131 1024 1320 1077 aliaeque
1353 1025 1698 1066 circumstantiae
1735 1039 1830 1065 sua-

373 1091 476 1132 dent
506 1092 797 1144 monentque,)
823 1096 985 1145 quarto,
1009 1097 1134 1143 atque
1159 1092 1311 1132 ultimo
1332 1097 1381 1133 ut
1409 1093 1654 1146 plurimum,
1676 1106 1828 1133 venae-

373 1159 603 1200 sectionem
638 1164 808 1213 repeto3
854 1173 950 1199 raro
986 1159 1101 1199 enim
1136 1174 1218 1200 usu
1244 1160 1361 1201 venit
1396 1165 1446 1201 ut
1485 1161 1599 1201 ultra
1635 1165 1830 1214 quartam

371 1228 504 1268 ricem
524 1242 676 1268 venam
696 1227 947 1277 incidamus,
969 1226 1052 1267 nisi
1074 1228 1139 1268 vel
1159 1228 1349 1281 regimen
1365 1229 1483 1282 justo
1505 1229 1682 1269 calidius
1712 1242 1831 1282 prae-

372 1296 555 1346 cesserit,
576 1296 643 1336 vel
667 1296 950 1336 medicamina
970 1295 1169 1336 calidiora
1200 1310 1326 1349 aegro
1347 1301 1514 1350 praeter
1533 1296 1832 1337 necessitatem

372 1363 531 1404 fuerint
562 1364 741 1416 ingesta.
804 1363 921 1405 Quin
943 1368 986 1404 et
1007 1364 1209 1416 anodyna,
1234 1364 1318 1404 sive
1340 1365 1603 1416 pareyorica,
1627 1364 1741 1405 dicta
1764 1377 1831 1404 re-

372 1432 513 1473 media
529 1432 768 1472 effusiorem
784 1431 1002 1485 sanguinis
1018 1432 1263 1472 missionem
1279 1432 1498 1485 postulant
1515 1448 1522 1472 ε
1541 1431 1830 1484 quamobrem,

374 1506 473 1541 utut
505 1500 660 1540 saeviat
689 1500 819 1549 dolor,
845 1514 921 1553 per
952 1513 1123 1540 omnem
1149 1499 1277 1553 hujus
1308 1499 1444 1540 morbi
1476 1499 1713 1549 decursum,
1736 1499 1832 1540 reli-

375 1569 488 1622 giose
509 1568 613 1608 mihi
635 1568 686 1608 ab
709 1568 774 1607 his
795 1567 1121 1620 temperandum
1143 1567 1350 1617 existimo,
1372 1568 1512 1619 (modo
1526 1573 1542 1589 ‘¹
1563 1567 1669 1607 mihi
1691 1567 1833 1608 animo

374 1637 427 1676 sit
456 1636 717 1676 curationem
739 1649 763 1675 a
784 1635 1001 1688 sanguinis
1029 1635 1228 1683 missione
1251 1635 1387 1675 solum
1416 1636 1588 1688 petere,)
1614 1648 1712 1675 cum
1739 1634 1832 1675 illo-

374 1719 467 1744 rum
509 1718 589 1744 usu
624 1705 780 1756 figatur
819 1702 1007 1752 morbus,
1041 1717 1179 1755 neque
1220 1709 1309 1743 tam
1344 1703 1466 1743 facile
1503 1702 1834 1743 venae-sectioni

375 1772 524 1821 cedat3
557 1785 663 1825 quae
688 1771 795 1821 ideo,
823 1770 875 1811 ob
908 1771 1010 1811 haec
1041 1771 1131 1824 ipsa
1156 1771 1467 1811 medicamenta
1496 1770 1676 1810 officiose
1707 1770 1834 1810 nimis

374 1839 573 1889 exhibita,
597 1839 761 1892 saepius
784 1853 911 1892 quam
933 1845 1021 1879 erat
1044 1853 1162 1892 opus,
1178 1839 1430 1879 celebranda
1452 1843 1528 1879 est.
1583 1837 1699 1880 Quid
1721 1837 1834 1891 quod

373 1913 415 1948 et
436 1908 481 1948 in
502 1907 641 1948 morbi
663 1912 778 1948 statu
798 1921 936 1960 neque
958 1921 1051 1948 eam
1073 1921 1201 1961 quam
1228 1907 1354 1948 titulo
1374 1906 1629 1961 pollicentur
1649 1906 1833 1958 ἀναλγη-

373 1975 472 2016 σίαν
492 1976 657 2016 valeant
679 1976 922 2028 praestare?

439 2044 519 2100 [7.]
545 2045 726 2085 Interim
743 2044 845 2084 dum
866 2043 1082 2097 praedicta
1101 2044 1289 2085 remedia
1306 2044 1529 2097 diaetaque
1546 2043 1692 2085 sedulo
1712 2056 1834 2084 usur-

374 2119 543 2167 pantur,
567 2127 717 2153 enema
745 2127 767 2153 e
796 2112 904 2152 lacte
935 2112 1178 2153 saccharato
1200 2112 1379 2152 subinde
1407 2112 1524 2166 injici
1549 2126 1662 2162 curo,
1686 2111 1835 2152 diebus

376 2181 532 2221 scilicet
554 2195 579 2220 a
602 2180 889 2234 phlebotomia
909 2180 1065 2221 vacuis.
1128 2181 1260 2221 Porro
1288 2185 1336 2221 ut
1366 2181 1471 2220 haec
1492 2180 1635 2221 omnia
1665 2179 1719 2220 ad
1747 2179 1836 2219 dies

374 2249 600 2290 minimum
622 2255 716 2290 octo
744 2249 795 2289 ab
821 2248 975 2289 ultima
994 2249 1333 2290 venae-sectione
1362 2248 1590 2301 diligenter
1611 2247 1835 2288 observen-

374 2322 458 2368 tur,
483 2317 589 2358 serio
610 2317 756 2358 hortor
776 2331 1012 2370 moneoque
1030 2334 1041 2367 3
1074 2317 1227 2370 quibus
1250 2316 1414 2369 elapsiS,
1433 2315 1649 2369 potionem
1671 2315 1836 2355 cathar-

375 2385 505 2425 ticam
530 2399 552 2425 e
579 2385 764 2425 lenitivis
795 2385 1035 2438 praescribo
1061 2398 1186 2425 mane
1207 2384 1500 2434 hauriendam,
1524 2388 1566 2424 et
1593 2382 1837 2437 insequenti

375 2453 537 2506 vesperi
559 2452 680 2493 dosin
705 2453 831 2506 paulo
862 2453 1145 2494 liberaliorem
1176 2452 1320 2505 syrupi
1349 2452 1400 2492 de
1432 2451 1624 2492 meconio
1651 2451 1698 2492 in
1729 2465 1838 2506 aqua

377 2520 530 2561 florum
557 2521 808 2574 paralyseOS,
835 2535 918 2574 quo
946 2521 1103 2561 scilicet
1135 2520 1354 2572 sanguinis
1385 2534 1618 2573 orgasmus‚
1647 2518 1763 2560 unde
1793 2523 1837 2559 et

377 2588 584 2629 recidivae
616 2589 852 2642 periculum
893 2589 1014 2629 aliter
1047 2588 1254 2629 intentari
1288 2588 1457 2641 poterit,
1494 2587 1664 2641 penitus
1703 2587 1837 2641 repri-

379 2661 534 2696 matur.
597 2656 764 2698 Quibus
799 2656 879 2697 rite
909 2656 1102 2710 peractis,
1135 2660 1185 2696 ut
1217 2655 1262 2696 in
1297 2655 1525 2709 pristinum
1556 2655 1666 2696 witae
1702 2669 1838 2709 genus

386 2724 540 2777 (quoad
573 2725 746 2775 victum,
784 2725 995 2775 exercitia,
1031 2730 1158 2778 atque
1192 2725 1363 2776 aerem,)
1401 2723 1667 2777 pedetentim
1698 2737 1742 2764 se
1772 2737 1837 2765 re-

383 2792 522 2844 cipiat,
564 2792 715 2833 lubens
756 2793 916 2846 patior;
958 2793 1020 2833 ita
1059 2797 1206 2833 tamen
1240 2797 1290 2832 ut
1329 2806 1467 2845 neque
1502 2791 1662 2842 vinum,
1698 2805 1838 2845 neque

382 2859 587 2914 liquorem
611 2862 883 2915 spirituosum
905 2862 1149 2916 quemlibet,
1172 2875 1310 2915 neque
1331 2861 1460 2903 etiam
1481 2860 1609 2912 cibos,
1631 2860 1716 2902 sive
1738 2861 1836 2911 sale,

837 2952 849 2965 ⁸
872 2947 1116 2987 modo—petere]
1134 2957 1195 2978 om.
1213 2947 1260 2977 ed.
1279 2948 1340 2979 ¹76.
