1985 3308
508 130 832 172 SCHEDULA
862 129 1231 172 MONITORIA.
1515 135 1598 175 483

142 236 297 277 Iatrica
326 237 509 291 palmam
531 238 680 291 fi’ras5
711 251 787 277 non
820 243 902 276 tam
938 237 995 276 ad
1028 251 1206 276 nummos
1231 243 1480 290 posterorum
1509 243 1601 280 usui

141 305 415 354 corradendos,
448 305 565 360 (quae
598 305 754 360 quidem
788 305 905 352 ratio,
942 306 979 344 si
1017 318 1105 344 cum
1145 311 1324 358 sequente
1355 306 1597 358 conferatur,
1618 337 1640 340 -

139 375 316 413 animam
343 374 439 427 fere
468 374 674 414 brutorum
704 371 882 427 redolet,)
916 387 1035 428 quam
1068 379 1114 412 ut
1143 373 1298 413 saeculo
1331 374 1489 413 tandem
1524 376 1600 414 ali-

140 441 302 495 quando
328 441 497 496 deteqas,
519 442 660 496 quibus
689 442 814 481 modis
843 443 942 481 istae
968 442 1010 481 in
1040 441 1185 481 morbis
1204 441 1477 494 persanandis
1497 443 1600 496 diffi-

140 509 316 558 cultates,
333 511 404 549 sub
425 511 565 564 quibus
586 509 670 549 Ars
685 510 850 550 Medica
866 510 1055 550 hactenus
1066 511 1190 563 yemit
1203 515 1240 549 et
1253 509 1481 558 succumbit,
1496 511 1603 550 vinci

139 583 296 631 queant.
367 577 486 627 Quod
511 578 605 617 dum
634 577 795 626 moliris,
828 579 913 617 istis
942 591 1043 632 quae
1070 591 1138 631 eqo
1162 578 1322 631 primus
1335 578 1422 631 jeci
1435 577 1600 630 funda-

138 647 290 693 mentis,
319 647 355 684 si
380 646 493 685 modo
522 646 622 694 libet,
646 648 779 699 possis
809 653 1105 700 superstruere:
1138 648 1196 686 ita
1223 652 1366 694 tamen,
1390 653 1436 686 ut
1463 653 1599 686 errata

138 713 180 753 in
207 727 309 767 quae
340 726 408 767 eqo
422 713 537 765 forte
566 713 768 752 inciderim
793 728 868 767 pro
896 728 1002 754 more
1029 715 1202 754 humano
1229 715 1271 754 in
1298 716 1392 754 meis
1420 715 1600 754 observa-

137 781 307 821 tionibus
345 782 425 820 sive
464 781 670 820 historiam
709 782 789 820 sive
832 783 1073 821 curationem
1121 782 1239 835 liujus
1280 782 1431 822 illiusve
1475 783 1602 822 morbi

137 849 408 897 attinentibus,
431 849 500 888 ubi
524 849 575 889 ab
605 863 758 889 annosa
785 855 823 889 et
851 851 1019 903 repetita
1049 852 1288 904 experientia
1316 852 1454 891 melius
1460 853 1599 904 fueris

137 917 305 965 edoctus,
329 917 446 958 libere
469 931 518 956 ac
542 916 680 970 palam
709 931 875 970 arquos,
935 917 1075 972 IVeque
1095 919 1167 958 hoc
1180 925 1303 972 pacto
1322 920 1502 972 defuncti
1518 922 1600 973 ejus

137 987 366 1024 memoriam
387 985 527 1034 laedes,
550 987 630 1039 qui,
653 987 694 1026 in
715 987 797 1025 vita
819 1000 907 1026 cum
936 993 1043 1035 esset,
1067 988 1170 1026 nihil
1177 989 1299 1039 prius
1320 989 1460 1029 habuit
1478 1004 1598 1044 quam

138 1058 184 1092 ut
201 1052 286 1092 Ars
306 1052 471 1093 Medica
491 1068 518 1093 a
540 1067 770 1108 quocunque
789 1054 943 1095 demum
967 1063 1276 1108 promoveretur,
1299 1071 1375 1096 non
1400 1063 1482 1097 tam
1509 1071 1599 1097 eru-

136 1123 230 1162 ditis
249 1123 296 1161 de
324 1124 547 1163 morborum
569 1128 719 1162 natura
740 1124 1136 1173 commentationibus,
1160 1125 1316 1179 (quibus
1336 1125 1393 1164 ad
1410 1139 1598 1166 nauseam

137 1197 174 1232 et
180 1192 401 1245 fastidium
422 1206 544 1247 usque
557 1192 722 1245 jamdiu
747 1191 982 1246 explemur,)
1004 1207 1125 1247 quam
1147 1199 1254 1233 certa
1264 1193 1440 1248 fidaque
1459 1208 1599 1234 eorun-

136 1260 222 1301 dem
244 1260 512 1300 curandorum
532 1259 719 1300 methodo,
794 1260 902 1308 Vale,
931 1260 1003 1300 Vir
1031 1261 1199 1314 Optime,
1221 1267 1259 1300 et
1277 1276 1415 1302 amare
1427 1277 1550 1316 perye

719 1328 810 1368 Tibi
828 1343 978 1381 semper
998 1329 1310 1370 addictissimum

866 1396 1009 1437 THO.
1050 1398 1086 1438 S
1090 1397 1421 1439 YDENHAM.

208 1460 418 1508 [squinum
435 1466 491 1497 29.
513 1461 631 1502 1686]

481 1535 500 1559 d
524 1539 669 1577 Septemb.
687 1536 757 1578 ‹S-c.]
776 1537 837 1569 Sic.
851 1538 906 1570 inf.
924 1539 955 1569 in
973 1538 1045 1575 fine,
1063 1538 1115 1569 hie
1132 1539 1256 1571 desunt.

1648 250 1768 280 Emsr.

1627 293 1798 322 Dnnuwr.
