1985 3308
396 148 417 187 1
426 148 483 188 '74
816 145 1074 188 THOMAE
1108 143 1450 186 SYDENHAM

201 264 359 294 Dvsexr.
392 253 567 294 faciam:
602 253 664 294 vir
683 252 843 306 pietate
864 257 991 306 atque
1013 251 1250 293 eruditione
1271 249 1463 304 insignis,
1481 248 1690 289 Thomasa
1704 247 1852 298 Belke,

187 307 371 381 ΑξέἾὶ-ἙΜ
397 320 570 372 S.T.P.,
593 326 635 362 et
658 321 814 362 Comiti
834 320 978 361 Sancti
997 319 1155 361 Albani
1176 334 1202 360 a
1225 318 1363 359 Sacris
1385 315 1652 366 Domesticis,
1670 315 1852 356 durante

392 389 473 430 hac
509 389 840 439 Constitutione,
874 387 1133 442 Dysenteria
1172 386 1417 427 acutissima
1449 384 1662 434 laborans,
1698 397 1767 424 me
1805 382 1853 424 in

394 456 628 497 subsidium
650 457 797 507 accito,
819 456 1029 510 ipsissima
1047 456 1127 496 hac
1147 454 1349 495 methodo
1369 452 1593 494 restitutus
1615 456 1691 492 est.

187 534 333 566 Infantes
458 525 565 578 [13.]
603 525 799 565 Infantes
820 525 900 564 hoc
920 523 1067 564 morbo
1084 522 1265 576 correpti
1282 521 1431 563 eodem
1446 521 1572 574 plane
1587 519 1713 560 modo
1729 522 1852 559 erant

187 583 359 651 {lrffitpcacto
392 592 616 642 tractandi,
640 588 860 645 sanguinis
885 596 1031 631 tamen
1058 589 1309 631 extrahendi
1330 588 1583 642 quantitate,
1605 593 1699 628 tum
1721 585 1851 626 etiam

187 663 299 693 morbo
335 706 342 712 ⁶
391 660 813 710 medicamentorum,
842 664 931 700 tam
963 658 1185 699 cathartici
1207 672 1335 711 quam
1366 655 1565 710 anodyni,
1587 654 1745 695 viribus
1775 667 1852 707 pro

188 705 353 736 tractandi.
391 742 601 768 annorum
631 727 795 767 ratione
826 726 1063 766 imminutis
1071 743 1082 776 ς
1116 726 1177 766 ita
1206 730 1255 765 ut
1287 724 1419 778 (verbi
1449 723 1615 777 gratia,)
1646 721 1851 763 narcotici

391 802 538 849 guttae
560 795 668 835 duae
689 794 845 835 infanti
867 794 993 834 unius
1015 793 1117 834 anni
1139 792 1397 833 suffecerint.

189 869 337 899 Laudani
456 862 563 915 [14]
593 863 847 902 Laudanum
868 862 1090 915 liquidum,
1110 861 1222 915 quod
1243 860 1288 900 in
1305 858 1551 913 quotidiano
1576 859 1639 911 (ut
1655 856 1847 910 dictum,)

186 912 361 994 ὲξῗῐζζῖἰὶζὶοῑ
390 944 469 969 usu
490 929 595 970 mihi
617 935 719 980 erat,
741 930 852 970 hanc
874 930 928 970 ad
948 943 1143 970 normam
1165 927 1461 981 simpliciorem
1482 924 1726 981 praeparavi
1741 942 1810 966 :—

186 1007 354 1069 Ebiepara-
392 1030 524 1074 [Form.
543 1031 640 1075 26.]b
690 1029 730 1081 R
744 1031 827 1064 Vini
846 1030 1033 1075 Hispanici
1051 1030 1175 1063 libram
1193 1039 1314 1069 unam,

740 1088 822 1132 Opii
840 1089 961 1122 uncias
978 1087 1075 1128 duas,

739 1146 843 1179 Croci
861 1146 1001 1179 unciam
1019 1156 1139 1185 unam,

740 1203 900 1237 Pulveris
918 1203 1156 1243 Cinnamomi,

742 1259 940 1304 [Pulveris]
963 1259 1290 1305 Caryophyllorum‚
1309 1270 1376 1293 ana
1394 1258 1595 1293 drachmam
1613 1269 1720 1292 unam
1735 1272 1743 1298 ;

576 1318 815 1351 Infundantur
832 1318 936 1351 simul
955 1319 990 1350 iu
1007 1317 1131 1350 balneo
1150 1317 1288 1351 Mariae
1305 1328 1365 1361 per
1382 1316 1468 1350 duos
1486 1316 1538 1349 vel
1556 1323 1624 1350 tres
1641 1315 1725 1356 dies,
1742 1315 1851 1349 donec

573 1376 688 1420 liquor
702 1374 854 1408 debitam
872 1375 1131 1408 consistentiam
1149 1375 1325 1419 acqui1·at;
1351 1374 1506 1408 colatura
1523 1379 1677 1407 servetur
1692 1384 1754 1418 pro
1772 1384 1849 1406 usu.

388 1479 514 1520 Hanc
550 1484 741 1520 nostram
781 1478 1150 1532 praeparationem
1190 1478 1376 1519 laudano
1416 1477 1681 1518 officinarum
1717 1476 1850 1517 solido

386 1547 709 1587 anteferendam
735 1546 964 1587 virtutibus
991 1547 1162 1600 quidem
1187 1561 1276 1586 non
1304 1560 1468 1596 censeo,
1493 1545 1566 1586 sed
1591 1544 1644 1586 ob
1670 1544 1852 1586 formam

386 1616 537 1657 saltem
567 1615 909 1666 commodiorem,
936 1622 977 1656 et
1008 1616 1212 1669 majorem
1241 1615 1353 1655 dosis
1384 1614 1684 1656 certitudinem
1711 1613 1850 1655 eidem

386 1689 617 1737 antepono,-
653 1698 749 1724 cum
773 1683 932 1724 scilicet
954 1683 1064 1733 vino,
1088 1697 1220 1736 aquae
1242 1682 1482 1733 distillatae,
1506 1688 1579 1723 aut
1604 1681 1757 1735 liquori
1779 1681 1850 1722 alii
1904 1676 1909 1685 ’

386 1751 636 1804 cuicunque,
658 1751 857 1791 instillari
887 1751 1033 1806 possit.
1094 1751 1151 1791 Et
1178 1751 1366 1806 profecto
1395 1764 1483 1790 non
1514 1749 1582 1790 hic
1610 1749 1715 1790 mihi
1741 1754 1849 1790 tem-

385 1833 486 1872 pero
522 1819 625 1872 quin
666 1819 1004 1872 gratulabundus
1045 1818 1393 1868 animadvertam,
1429 1817 1606 1858 DEUM
1644 1816 1848 1870 Omnipo-

386 1891 563 1936 tcntem,
585 1886 754 1927 πάντων
773 1887 955 1942 Δωτῆρα
981 1885 1087 1927 ἑάων
1120 1887 1270 1940 [Hom.
1303 1886 1377 1925 Od.
1407 1884 1444 1925 θ.
1467 1885 1708 1938 325.]‚non
1734 1883 1850 1925 ahud

386 1954 623 1994 remedium
660 1954 773 2007 quod
807 1955 873 1995 vel
907 1954 1099 2008 pluribus
1131 1954 1253 1995 malis
1287 1953 1548 1994 debellandis
1580 1966 1655 2006 par
1685 1951 1752 2002 sit,
1783 1952 1850 1992 vel

387 2022 535 2062 eadem
557 2022 765 2062 efficacius
787 2022 981 2076 extirpet,
1005 2023 1193 2063 humano
1223 2022 1368 2075 generi
1389 2022 1434 2062 in
1458 2020 1721 2062 miseriarum
1743 2020 1848 2061 sola·
1886 2050 1900 2060 ,

387 2104 487 2130 men
515 2090 783 2141 concessisse,
812 2105 938 2143 quam
964 2096 1063 2131 sunt
1092 2090 1245 2144 opiata,
1274 2090 1587 2131 medicamenta
1612 2088 1770 2129 scilicet
1795 2088 1847 2129 ab

185 2175 371 2206 Narcotico-
389 2157 529 2211 aliqua
549 2172 805 2211 papaverum
834 2158 971 2212 specie
993 2159 1230 2212 desumpta.
1290 2159 1348 2199 Et
1376 2157 1607 2211 quamlibet
1636 2157 1721 2197 sint
1742 2171 1848 2198 non-

182 2229 329 2291 ζὶᾟᾮηξῖ
388 2226 495 2266 nulli
517 2226 588 2280 qui
609 2226 789 2267 credulis
810 2227 1062 2280 persuadere
1077 2227 1209 2268 velint
1230 2241 1399 2267 omnem
1415 2227 1503 2267 fere
1523 2226 1846 2277 narcoticorum,

185 2305 223 2352 ai>
239 2303 338 2333 artifi-
389 2294 472 2347 opii
493 2295 743 2348 praesertim
764 2295 907 2349 ipsiuS,
929 2296 1132 2337 virtutem
1153 2296 1205 2336 ab
1228 2295 1452 2336 artificiosa
1473 2309 1520 2336 ac
1542 2294 1697 2345 debita,
1720 2309 1848 2348 quam

184 2356 368 2394 mos-aprae-
390 2363 465 2403 soli
493 2363 710 2415 adhibent,
732 2365 1055 2419 praeparatione
1080 2365 1264 2419 pendere
1277 2382 1289 2415 3
1321 2364 1393 2418 qui
1413 2370 1559 2405 tamen
1585 2364 1849 2418 experientia

184 2397 354 2428 paratione,

183 2432 347 2513 gffffflljilg·
384 2433 527 2486 judice
549 2435 783 2485 certaverit,
802 2440 843 2476 et
864 2441 954 2476 tam
971 2435 1203 2489 simplicem
1225 2449 1396 2476 succum
1414 2449 1438 2475 a
1457 2434 1626 2475 Natura
1641 2434 1845 2485 oblatum,

183 2517 370 2546 excellentia
390 2515 515 2554 quam
533 2502 623 2555 ejus
637 2509 898 2556 praeparata,
916 2518 1014 2544 cum
1031 2503 1227 2557 diligenti
1244 2503 1536 2544 observatione
1556 2502 1603 2543 in
1623 2517 1750 2542 usum
1765 2502 1846 2543 fre-

184 2559 368 2641 ggssliflapg'lil
390 2574 568 2621 quenter
596 2571 864 2621 revocaverit,
887 2571 1055 2611 nullum
1083 2571 1170 2611 fere
1196 2571 1421 2611 discrimen
1445 2569 1708 2610 intercedere
1732 2583 1845 2610 com-

183 2644 264 2674 dere.
387 2636 534 2688 periet,
567 2641 609 2676 ct
646 2637 861 2678 mirandos
896 2638 991 2679 illos
1027 2639 1203 2679 effectus
1239 2652 1343 2692 quos
1379 2638 1479 2688 edit,
1511 2638 1679 2678 nativae
1713 2637 1845 2691 ipsius

388 2703 557 2755 plantae
588 2704 773 2746 bonitati
805 2711 933 2760 atque
964 2706 1251 2757 excellentiae,
1278 2721 1367 2747 non
1396 2719 1495 2746 vero
1526 2705 1699 2746 artificis
1726 2705 1845 2759 poly-

387 2771 572 2811 daedalic
595 2773 801 2824 solertiae,
825 2774 969 2815 deberi
998 2779 1113 2816 certo
1135 2775 1251 2816 sciet.
1300 2773 1504 2816 Quinimo
1529 2774 1591 2814 ita
1615 2773 1845 2814 necessari-

430 2886 441 2898 ³¹
469 2883 611 2922 Thomas]
629 2885 778 2915 Jnlmmws
796 2886 843 2915 ed.
861 2887 923 2917 ¹763.
1187 2892 1199 2903 ⁴'
1220 2885 1395 2926 polydaed]
1418 2884 1657 2920 πολυδαίδαλος,
1673 2886 1772 2921 solers,
1794 2887 1841 2915 in-

432 2926 443 2939 ''
470 2926 517 2954 Cf.
533 2925 622 2955 form.
645 2928 714 2956 131.
1140 2932 1288 2969 grninsns.
