1985 3308
428 173 511 213 152
836 169 1094 212 THOMAE
1129 170 1472 212 SYDENHAM

251 284 381 338 lj'Essms
425 280 554 321 etiam
576 279 808 334 petechiae,
832 279 932 320 satis
961 279 1187 320 manifesto
1213 279 1368 320 indicio
1394 292 1437 319 se
1468 276 1718 332 prodebant.
1782 277 1882 320 Sitis

221 327 406 401 Αἵῗοῗέ),
423 348 596 389 interim
616 362 704 389 non
723 347 903 401 urgebat
920 365 931 397 ;
961 347 1110 400 lingua
1137 361 1336 388 sanorum
1364 346 1510 386 similis
1538 359 1626 386 non
1655 359 1750 386 raro
1771 359 1884 387 com-

249 413 385 444 ’67-¹69.
422 416 577 470 paruit,
599 416 682 456 nisi
705 415 816 469 quod
838 415 1090 469 quandoque
1111 415 1263 465 albida,
1286 414 1394 455 sicca
1414 413 1638 463 rarissime,
1661 427 1883 467 nunquam

422 498 522 525 vero
541 485 681 537 nigra.
738 485 880 537 Aeger
900 483 946 523 in
967 488 1220 536 spontaneos
1237 496 1391 535 eosque
1414 481 1686 522 effusissimos
1709 481 1882 522 sudores

423 551 476 592 ab
497 551 620 592 initio
640 550 777 591 morbi
798 550 1049 600 solvebatur,
1073 550 1146 590 sed
1171 563 1269 590 cum
1289 550 1409 590 nullo
1429 549 1660 599 levamine;
1692 549 1882 602 quinimo

421 619 495 659 ubi
517 619 784 660 calidioribus
809 617 1128 658 medicamentis
1150 622 1192 658 et
1212 617 1419 670 regimine
1440 617 1777 670 provocabantur
1795 616 1880 667 isti,

419 687 655 740 periculum
677 691 766 726 erat
787 700 841 726 ne
855 700 953 726 mox
972 685 1214 738 phrenitide
1235 684 1530 738 corriperetur.
1582 684 1882 725 Petechiarum

417 755 592 808 insuper
622 768 826 794 numerus
862 753 1111 806 augebatur,
1145 758 1273 806 atque
1309 752 1390 792 ah'a
1422 757 1708 806 symptomata
1742 752 1882 794 adhuc

419 820 730 861 efferabanturn
751 820 906 861 omnia.
967 819 1129 861 Urinae
1155 819 1374 872 separatio,
1399 833 1506 872 quae
1534 819 1634 860 satis
1658 819 1882 861 videbatur

417 888 639 929 laudabilis
659 888 726 928 vel
754 887 806 928 ab
836 887 973 937 initio,
1003 901 1121 940 spem
1151 886 1332 927 faciebat
1364 887 1535 937 salutis;
1566 901 1706 942 neque
1732 892 1881 929 tamen

417 969 543 1009 aeger
572 956 706 1009 magis
735 955 885 996 exinde
915 955 962 995 in
990 955 1142 995 melius
1172 954 1431 1008 proficiebat,
1461 969 1588 1008 quam
1617 960 1711 1009 post
1736 953 1884 1011 διαφό-

416 1040 541 1079 ρησιν
565 1023 616 1064 de
644 1037 727 1077 qua
752 1023 870 1076 prius
892 1022 1089 1063 diximus.
1154 1022 1200 1062 Si
1224 1022 1367 1062 minus
1392 1028 1508 1064 recte
1533 1028 1788 1064 tractaretur
1810 1023 1880 1065 hjc

417 1091 602 1142 morbus,
641 1091 877 1132 diutissime
916 1090 1244 1144 protrahebatur
1283 1089 1533 1145 plerumque
1549 1108 1560 1141 ;
1602 1105 1742 1145 neque
1782 1092 1880 1133 crisi

417 1159 558 1213 aliqua
576 1159 700 1209 facta,
715 1173 794 1200 nec
815 1164 965 1212 sponte
990 1160 1120 1212 (more
1143 1159 1320 1200 aliarum
1340 1159 1552 1212 febrium‚)
1573 1159 1783 1210 desinens,
1805 1160 1880 1201 sed

415 1220 738 1268 vehementibus
753 1227 1045 1281 symptomatis
1065 1228 1269 1268 miserum
1286 1228 1531 1268 excrucians
1553 1227 1606 1267 ad
1622 1227 1879 1281 septimanas

416 1309 490 1336 sex
510 1296 575 1337 vel
602 1301 708 1346 octo,
730 1295 813 1336 nisi
839 1309 952 1336 mors
982 1295 1277 1336 intercederet.
1339 1295 1597 1350 Ptyalismus
1624 1295 1878 1350 quandoque

820 1373 835 1387 ¹²
859 1374 999 1415 (fferabj
1018 1375 1061 1406 sic
1077 1375 1124 1406 ed.
1139 1376 1201 1411 ³76,
1216 1376 1333 1414 effereb.
1351 1376 1398 1405 ed.
1416 1377 1477 1406 ³85.

1176 1519 1273 1550 prope
1297 1509 1423 1539 infinita
1445 1509 1613 1539 hominum
1639 1509 1687 1539 vis
1711 1509 1878 1541 fortiorum

418 1513 565 1539 camenta
576 1509 633 1539 illa
645 1509 758 1539 attinet
772 1519 853 1548 quae
867 1509 1021 1539 deformia
1038 1519 1114 1549 pus-

1176 1553 1395 1582 cardiacorum
1419 1562 1516 1582 usum
1538 1562 1574 1582 ac
1594 1552 1777 1582 calidiorem
1802 1563 1875 1583 cus-

417 1552 558 1582 tularum
576 1552 711 1591 vestigia
722 1556 932 1592 praevertant,
954 1561 1012 1591 ego
1033 1557 1116 1582 certe

202 2659 212 2676 ⁸
225 2656 386 2696 (·f.p.1.30.

202 2706 231 2728 et
249 2699 302 2728 inf.
322 2701 360 2731 iv.

203 2743 230 2771 0¹.
252 2743 300 2772 12.

418 1595 455 1624 de
471 1595 521 1625 his
543 1605 606 1625 non
631 1594 805 1624 admodum
822 1595 868 1625 fui
893 1594 1060 1630 sollicitus,
1077 1595 1116 1625 ad

418 1647 579 1667 summam
603 1637 657 1673 rei,
675 1647 843 1677 aegrorum
866 1647 980 1677 nempe
1004 1637 1114 1673 vitam,

417 1680 584 1710 tutandam
600 1680 704 1720 magis
720 1685 872 1710 attentus.
908 1680 1024 1719 Neque
1040 1690 1114 1710 vero

416 1721 564 1753 Variolae
579 1723 724 1753 vernales
739 1727 769 1752 et
786 1732 867 1762 quae
883 1722 1011 1752 aestatis
1023 1723 1113 1753 initio

416 1765 576 1802 accidunt,
594 1766 675 1795 hanc
697 1765 847 1804 injuriam
871 1765 963 1795 valde
986 1765 1111 1795 minan-

415 1812 484 1842 tur:
510 1818 579 1838 raro
602 1809 688 1838 enim
711 1808 928 1847 profundiores
951 1808 1114 1838 cicatrices

415 1851 618 1890 relinquunt:
645 1860 726 1890 quae
738 1855 845 1880 autem
859 1850 930 1880 aliis
943 1851 1017 1880 anni
1030 1856 1111 1881 tem-

413 1894 590 1932 pestatibus
615 1898 796 1929 occurrunt,
820 1893 942 1933 ingenti
973 1894 1113 1933 periculo

413 1936 579 1966 detentum
607 1936 785 1966 minoribus
813 1936 899 1966 hisce
929 1936 1013 1966 euris
1043 1937 1112 1966 ani-

413 1988 504 2008 mum
520 1989 628 2009 meum
653 1979 797 2008 liberant.
843 1978 910 2008 Eos
931 1985 1039 2008 autem
1056 1979 1113 2019 qui

413 2021 475 2051 oris
493 2022 629 2061 gratiam
645 2026 761 2051 tectam
778 2026 960 2060 sartamque
977 2022 1112 2061 cupiunt

410 2063 470 2093 1100
501 2074 604 2094 unum
633 2065 798 2099 admoneo,
826 2069 861 2093 ut
892 2065 930 2094 ab
961 2064 1110 2094 omnibus

410 2106 498 2142 oleis,
523 2107 682 2145 axungiis,
707 2106 894 2143 linimentis,
919 2107 1054 2146 aliisque
1078 2107 1110 2137 id

409 2159 511 2187 genus
543 2149 724 2184 defensivis,
753 2159 881 2188 prorsus
908 2149 1087 2179 abstineant
1102 2163 1108 2185 ς

409 2192 668 2231 quandoquidem
691 2191 865 2231 multiplici
892 2192 1109 2223 observatione

410 2234 506 2264 didici
534 2245 569 2264 ea
593 2235 828 2264 deformitatem
853 2235 951 2274 (quae
974 2234 1052 2264 alias
1076 2236 1108 2265 in

409 2287 537 2307 summo
550 2277 753 2307 Variolarum
771 2277 929 2317 squallore
946 2277 999 2307 vix
1016 2282 1105 2307 nota-

407 2319 481 2349 bilis
497 2319 638 2360 suisset‚)
655 2320 749 2359 longe
765 2320 938 2350 faediorem
959 2320 1106 2356 reddunt,

408 2372 483 2392 nam
497 2363 573 2392 dum
586 2363 779 2392 humiditate
793 2373 851 2393 sua
862 2362 1106 2393 ulcusculorum

408 2405 652 2436 desiccationem
664 2406 834 2440 retardant,
846 2405 881 2435 fit
897 2410 933 2435 ut
945 2405 1005 2435 hac
1019 2416 1107 2436 mora

408 2448 511 2478 sanies
527 2448 560 2478 in
584 2448 700 2478 iisdem
716 2453 863 2478 contenta
886 2448 1107 2488 profundiores

407 2490 512 2520 foveas
529 2496 671 2521 excavet.

451 2533 581 2573 “Atque
594 2534 653 2564 hoc
666 2533 758 2573 plane
770 2534 835 2563 ritu
848 2533 983 2563 filiolum
997 2543 1106 2563 meum

409 2575 622 2606 Guilielmum
636 2576 817 2616 Sydenham
828 2577 938 2615 (cujus
949 2586 1006 2615 ego
1018 2576 1104 2606 salu-

407 2622 469 2648 tem
486 2629 522 2648 ac
539 2620 637 2649 vitam
654 2619 705 2648 vel
721 2619 797 2659 ipsis
813 2619 980 2649 Indiarum
994 2619 1106 2658 opibus

406 2670 563 2700 praepono
571 2662 609 2699 ⁵,)
622 2662 646 2691 si
663 2672 701 2692 ex
717 2662 775 2691 hoe
789 2662 898 2691 morbo
915 2666 1104 2701 aegrotaret,

407 2703 469 2732 nisi
481 2704 559 2734 forte
573 2705 736 2744 quidpiam
753 2704 893 2734 insolens
906 2709 1002 2744 atque
1017 2709 1104 2734 extra

408 2746 549 2776 ordinem
570 2747 782 2783 interveniret,
801 2747 927 2777 tractari
947 2747 1104 2786 juberem.

409 2787 438 2816 A
456 2798 506 2818 me
524 2794 628 2819 autem
645 2790 678 2819 in
694 2789 781 2819 hisce
800 2789 961 2819 tradendis
984 2799 1019 2819 ea
1042 2790 1103 2819 im-

408 2830 510 2869 pietas
532 2831 718 2871 longissime
742 2832 839 2868 abest,
864 2837 900 2862 ut
923 2832 1104 2872 cujuspiam

409 2873 593 2903 mortalium
630 2874 816 2905 credulitate
854 2875 894 2904 ad
931 2875 1103 2914 perniciem

409 2914 550 2945 humano
581 2917 688 2955 generi
719 2917 815 2947 etiam
841 2922 912 2957 post
943 2927 1015 2947 mea
1039 2917 1104 2947 fata

408 2956 606 2988 inferendam
633 2959 753 2989 abutar.
806 2959 980 2990 Enimvero
1007 2970 1103 3000 quam

1175 1595 1295 1624 todiam
1312 1595 1379 1624 suis
1395 1595 1563 1625 funeribus
1586 1594 1666 1631 luat,
1690 1595 1877 1634 quotidiana

1175 1642 1310 1667 testatur
1325 1638 1512 1667 observatio.
1560 1638 1664 1678 Cujus
1680 1638 1810 1678 quidem
1826 1638 1875 1668 in-

1175 1680 1280 1710 stituti
1301 1690 1384 1710 noxa
1406 1681 1439 1710 in
1459 1681 1596 1719 juvenes
1620 1686 1748 1720 vegetos
1771 1690 1807 1711 ac
1823 1691 1873 1711 ro·

1173 1723 1285 1752 bustos
1309 1723 1469 1763 imprimis
1494 1723 1606 1753 cadere
1629 1723 1804 1760 consuevit,
1821 1729 1874 1754 ut-

1172 1771 1244 1805 pote
1256 1765 1382 1805 quibus,
1393 1766 1426 1795 in
1437 1765 1518 1795 lecto
1529 1765 1665 1795 detentis
1673 1775 1709 1795 ac
1719 1765 1874 1806 multipli-

1172 1808 1200 1837 ci
1217 1813 1476 1847 tegumentorum
1498 1808 1634 1848 pondere
1651 1808 1780 1844 obrutis,
1797 1819 1874 1840 mox

1172 1851 1319 1890 copiosus
1336 1851 1432 1880 sudor
1445 1851 1560 1880 oboriri
1576 1851 1665 1887 solet,
1678 1851 1733 1890 qui
1749 1861 1767 1880 a
1779 1851 1872 1881 clini-

1171 1893 1217 1923 cis
1241 1893 1450 1929 mulierculis,
1473 1893 1665 1932 malignitati
1691 1894 1788 1933 (quae
1811 1894 1873 1924 for·

1171 1940 1255 1966 tasse
1272 1936 1304 1965 in
1321 1936 1380 1965 hoc
1397 1936 1512 1966 affectu
1528 1936 1618 1966 nulla
1630 1936 1704 1975 est,)
1719 1936 1873 1967 exhalan-

1171 1978 1228 2008 dae
1260 1979 1401 2015 intentis,
1430 1984 1632 2019 praepostera
1657 1978 1873 2010 sollicitudine

1170 2020 1359 2061 aliquandiu
1394 2021 1579 2061 productus,
1617 2021 1747 2051 tandem
1789 2022 1873 2052 circa

1170 2064 1255 2093 diem
1272 2070 1421 2094 octavum
1440 2064 1728 2103 (quemadmodum
1750 2064 1869 2095 multo-

1170 2107 1229 2136 ties
1247 2107 1484 2145 animadverti‚)
1504 2112 1616 2147 sponte
1633 2107 1766 2143 sistitur,
1781 2107 1872 2138 nulla

1169 2149 1438 2180 calidissimorum
1455 2149 1702 2188 pharmacorum
1715 2159 1810 2189 opera
1822 2160 1871 2181 re-

1168 2192 1350 2227 vocandus;
1379 2202 1472 2231 aeger
1488 2197 1596 2222 autem
1617 2192 1730 2222 deinde
1752 2192 1785 2222 in
1804 2202 1871 2223 mo-

1167 2234 1373 2265 lestissimam
1398 2234 1664 2274 inquietudinem,
1682 2244 1872 2275 summeque

1168 2277 1336 2316 querulam
1350 2277 1556 2314 anxietatem,
1568 2287 1644 2307 mox
1658 2277 1692 2306 in
1705 2277 1867 2317 copiosam

1167 2320 1352 2349 mictionem
1383 2319 1538 2355 incidens,
1569 2319 1667 2360 paulo
1705 2325 1777 2360 post
1803 2320 1868 2351 fato

1167 2363 1357 2392 succumbit.
1406 2362 1488 2392 Sane
1505 2362 1638 2392 fidenter
1653 2361 1776 2392 affirmo
1791 2372 1869 2403 pau-

1167 2415 1220 2434 cos
1236 2405 1409 2435 admodum
1422 2405 1558 2444 juvenes
1568 2404 1628 2435 hoc
1641 2405 1704 2435 ritu
1716 2410 1869 2436 tractatos

1167 2457 1311 2487 unquam
1328 2447 1460 2477 evadere
1478 2447 1587 2483 solere,
1606 2447 1667 2477 nisi
1694 2457 1774 2487 quos
1790 2448 1869 2479 forte

1167 2490 1394 2530 superveniens
1432 2490 1625 2530 ptyalismns
1652 2495 1709 2520 aut
1740 2491 1868 2531 copiosa

1165 2533 1293 2562 narium
1323 2533 1566 2572 haemorrhagia
1596 2533 1697 2563 veluti
1724 2542 1763 2563 ex
1789 2533 1866 2573 ipsis

1166 2572 1242 2605 Orci
1273 2575 1420 2605 faucibus
1449 2576 1570 2615 eripiat.
1632 2575 1754 2605 Contra
1783 2585 1865 2612 vero,

1165 2618 1296 2648 morbus
1319 2618 1381 2655 hic,
1399 2628 1495 2657 quem
1511 2623 1665 2657 tanquam
1689 2617 1781 2648 valde
1800 2619 1870 2649 exi-

1165 2661 1294 2696 tiosum,
1320 2665 1351 2690 et
1377 2660 1589 2700 plurimorum
1616 2660 1747 2690 interitu
1775 2660 1866 2691 fune·

1165 2708 1251 2733 stum
1276 2709 1462 2733 aversantur
1492 2703 1635 2743 plerique
1666 2702 1864 2740 mortalium,

1164 2746 1243 2776 levis
1273 2745 1446 2776 admodum
1476 2751 1507 2775 et
1538 2745 1696 2785 benignus
1734 2755 1865 2776 cursum

1165 2799 1271 2825 suum,
1295 2799 1353 2818 nec
1384 2793 1514 2828 aspectu
1541 2788 1618 2818 adeo
1641 2788 1782 2822 foedum,
1805 2798 1864 2819 nec

1164 2837 1281 2861 eventu
1298 2831 1433 2867 tristem,
1450 2830 1582 2870 peragit,
1597 2830 1622 2860 si
1639 2831 1788 2861 methodo
1804 2831 1864 2861 hoc

1164 2874 1298 2904 minime
1315 2883 1445 2914 operosa
1461 2878 1621 2903 tractetur.

1208 2919 1227 2932 “
1238 2916 1362 2946 Verum
1371 2916 1517 2955 objiciet”
1530 2916 1588 2946 &c-
1598 2915 1642 2954 (v.
1652 2925 1721 2955 sup.
1734 2925 1763 2956 p.
1776 2914 1862 2955 151.)

1164 2969 1265 2999 usque
1281 2959 1321 2989 ad
1333 2960 1465 2989 consulto
1478 2964 1531 2989 aut
1547 2960 1700 2989 accersito.
