1985 3308
271 155 795 198 OBSERVATIONUM
827 154 1204 197 MEDICARUM
1235 160 1298 194 IV.
1323 164 1356 195 3.
1460 157 1537 197 171

86 267 213 317 atque
238 264 417 305 eandem
447 262 726 316 exagitantes,
749 275 824 315 per
849 260 1026 302 arterias
1053 260 1303 302 mesaraicas
1335 260 1382 300 in
1409 259 1541 300 dictas
1572 269 1730 299 Drsmw.

84 336 226 384 partes
262 331 558 385 deponuntur3
604 329 732 379 uude,
765 343 791 369 a
824 328 1130 369 vehementiori
1165 327 1384 381 sanguinis
1415 332 1542 381 atque
1559 312 1743 386 ΑᾷξξῗξὲΜ

84 399 314 440 humorum
344 413 392 439 eo
423 397 775 439 contendentium
804 396 970 449 impetu
998 396 1220 449 patefactis
1240 409 1435 435 vasorum
1462 395 1542 435 ori-

85 466 203 517 ficiis,
237 466 409 520 sanguis
443 479 518 519 per
550 464 694 505 sedem
725 463 972 504 effunditur.
1033 464 1207 503 Interea
1236 462 1438 516 temporis
1464 461 1543 502 im-

84 539 268 588 portuno
302 533 606 574 intestinorum
641 532 751 582 nisu,
787 546 893 585 quae
924 545 1095 572 omnem
1131 530 1337 571 adhibent
1373 544 1544 583 operam

83 606 134 642 ut
155 602 354 642 humores
382 615 498 642 acres
520 600 724 641 continuo
751 599 1004 640 infestantes
1030 599 1256 652 expellant,
1278 612 1428 638 mucus
1449 598 1543 648 istc,

86 684 168 724 quo
197 670 451 710 naturaliter
483 669 770 719 obducuntur,
800 668 978 722 singulis
1011 667 1194 718 sedibus,
1216 680 1332 707 nunc
1362 666 1543 720 parcius,
1564 675 1727 705 Humores

84 751 202 778 nunc
229 738 448 791 copiosius,
470 752 559 778 una
585 737 785 790 egeritur.
847 735 1031 776 Proinde
1057 736 1171 776 ultro
1193 749 1236 776 se
1263 728 1749 790 111(11οἱ11;101165ξ’ζζζξῗζξ,ῃδι

84 806 234 847 offerre
265 805 532 855 videbantur,
568 818 707 858 neque
747 803 852 844 mihi
893 803 1010 844 aliud
1046 803 1262 857 quippiam
1296 801 1544 843 incumbere
1560 803 1750 859 venenata

86 873 332 924 existimavi,
355 887 483 927 quam
506 877 556 913 ut
583 873 769 926 primum
801 885 916 912 acres
946 871 1049 911 istos
1077 871 1276 911 humores
1305 875 1419 911 secta
1438 883 1546 910 vena
1562 846 1749 919 gizcgglslar-

84 941 330 982 immediate
356 941 613 991 revellerem,
650 942 747 994 (quo
775 940 885 980 facto
920 939 1093 993 iusuper
1122 939 1328 991 reliquam
1364 952 1546 978 massam
1564 931 1665 962 cendi.

86 1010 477 1063 contemperarem,)
517 1013 611 1049 tum
642 1009 771 1048 etiam
807 1007 940 1047 dictos
976 1007 1175 1047 humores
1205 1020 1280 1059 per
1315 1005 1548 1046 cathartica
1565 985 1747 1067 ῗζέᾗζζῖθ

87 1077 379 1117 subducerem.
1565 1070 1691 1100 raudus.

153 1145 231 1199 [9.]
271 1144 365 1185 Hac
392 1145 536 1198 itaque
567 1143 767 1184 methodo
793 1157 887 1183 sum
917 1157 1043 1183 usus:
1080 1157 1162 1195 quo
1194 1142 1380 1195 primum
1410 1155 1547 1182 accer-

87 1212 208 1253 sebar
241 1212 321 1262 die,
354 1226 505 1252 venam
536 1211 669 1252 cubiti
701 1210 968 1252 tundendam
1000 1210 1111 1250 suasi
1126 1227 1136 1259 3
1170 1209 1317 1250 eadem
1347 1213 1473 1249 nocte
1506 1213 1548 1249 et

85 1280 377 1333 paregoricum
411 1279 640 1333 propinavi,
678 1283 721 1319 et
762 1279 957 1331 sequenti
993 1292 1144 1318 aiu'ora
1178 1277 1398 1331 potionem
1437 1277 1549 1317 hanc

86 1346 363 1387 catharticam
383 1347 613 1397 lenitivam,
635 1346 742 1386 mihi
761 1346 1013 1386 familiarem
1029 1363 1097 1386 :—

89 1435 219 1482 [Form.
237 1434 328 1478 24]i
376 1433 415 1485 R
433 1435 724 1470 Tamarindorum
742 1436 970 1476 semunciam,

437 1492 614 1526 Foliorum
634 1493 772 1526 Sennae
789 1492 972 1526 drachmas
988 1491 1087 1533 duas,

438 1550 528 1584 Rhei
545 1550 863 1595 sesquidrachmam
879 1564 887 1590 ;

272 1608 393 1652 Coque
406 1608 597 1642 sufficiente
611 1608 805 1653 quantitate
819 1619 948 1652 aquae;
972 1607 1146 1641 eolaturae
1160 1607 1272 1640 unciis
1283 1607 1392 1641 tribus
1402 1607 1549 1640 dissolve

439 1665 608 1706 Mannae,

436 1722 564 1768 Syrupi
583 1722 728 1756 Rosacei
747 1722 908 1764 Solutivi,
926 1734 994 1757 ana
1010 1723 1152 1757 unciam
1171 1733 1279 1756 unam
1296 1736 1303 1763 ;

274 1779 388 1814 Misce
401 1793 409 1821 ;
433 1780 494 1814 fiat
510 1781 603 1825 potio
620 1780 791 1814 sumenda
807 1792 945 1814 summo
963 1791 1078 1814 mane.

91 1883 216 1924 Hanc
256 1897 334 1937 ego
378 1883 596 1937 potionem
642 1884 868 1925 electuario
908 1884 1094 1935 cuilibet,
1137 1898 1234 1925 cum
1279 1883 1372 1924 rhei
1416 1897 1552 1937 pauca

89 1950 327 2005 quantitate
347 1956 507 2004 parato,
531 1952 642 1992 soleo
668 1966 925 2005 praeponere
937 1969 949 2002 3
980 1952 1079 1992 licet
1101 1952 1216 1992 enim
1242 1951 1551 1992 rhabarbarum

88 2018 279 2059 cholerae
301 2023 428 2072 atque
450 2018 680 2059 acrioribus
698 2019 935 2072 quibusque
950 2019 1202 2060 humoribus
1219 2019 1472 2060 evacuandis
1495 2019 1550 2059 sit

89 2086 290 2136 dicatum,
313 2091 503 2127 attamen
523 2086 606 2126 nisi
631 2100 814 2127 mannae
836 2086 1008 2139 aliquid,
1031 2091 1104 2127 aut
1127 2087 1271 2140 syrupi
1291 2086 1462 2136 rosacei,
1484 2086 1551 2127 vel

88 2154 204 2195 aliud
234 2154 454 2208 ejusmodi,
487 2168 536 2195 ea
567 2155 806 2208 quantitate
837 2154 1120 2195 admisceatur
1149 2158 1199 2194 ut
1231 2154 1284 2194 ad
1315 2154 1549 2207 pleniorem

88 2222 303 2263 catharsin
339 2227 545 2275 assurgat,
567 2222 614 2263 111
639 2222 906 2276 Dyscntcriis
940 2221 1164 2262 curandisk
1199 2235 1287 2262 non
1319 2221 1550 2262 admodum

88 2289 302 2331 conducit.
355 2290 716 2343 Quandoquidem
728 2304 827 2331 vero
849 2290 949 2330 satis
972 2294 1036 2330 cst
1052 2289 1223 2331 obvium
1239 2289 1549 2330 medicamenta

87 2357 318 2398 cathartica
347 2358 477 2398 etiam
512 2358 741 2408 lenissima,
774 2363 817 2399 et
847 2362 1020 2399 tantum
1057 2356 1356 2413 ἐκκοπρωτικά,
1388 2357 1548 2398 ventris

87 2425 272 2466 tormina
286 2425 522 2476 intendere,
541 2426 768 2479 spirituum
783 2426 912 2466 etiam
929 2425 1211 2480 dejectionem
1228 2429 1354 2478 atquc
1372 2423 1549 2476 ἀταξίαν

85 2493 367 2534 universalem
388 2507 514 2548 aegro
534 2494 702 2544 inferre,
727 2493 958 2534 adventitio
979 2507 1132 2547 nempe
1159 2493 1231 2533 illo
1252 2493 1443 2533 tumultu
1465 2506 1548 2546 quo

87 2561 339 2614 sanguinem
380 2575 428 2602 ac
462 2561 662 2603 humores
698 2566 965 2603 commovent
1000 2561 1113 2601 inter
1149 2560 1412 2614 operandum
1424 2577 1436 2610 3
1479 2575 1546 2601 ea·
1565 2576 1731 2617 Paregofi-

85 2634 257 2683 propter
291 2630 465 2671 solenne
501 2631 607 2671 mihi
637 2635 702 2671 est
732 2630 1027 2684 parcgoricum
1059 2629 1293 2683 temporius
1330 2629 1547 2682 aliquanto
1565 2629 1640 2650 “³¹¹¹
1653 2631 1752 2660 ‘1¹¹²oe

1565 2663 1740 2703 temporius

88 2695 306 2750 subjicere,
340 2712 467 2751 quam
502 2703 597 2752 post
630 2699 864 2739 cathartica
898 2698 1204 2747 consuevimuS,
1241 2697 1360 2749 (hora
1390 2697 1548 2738 scilicet
1566 2704 1616 2735 hic
1634 2705 1724 2736 exhi-

87 2764 375 2817 pomeridiana
407 2780 673 2820 quacunque,
704 2766 831 2807 modo
867 2766 1149 2807 catharticum
1185 2779 1261 2805 suo
1297 2765 1548 2806 defunctum
1565 2748 1750 2830 Ξῖὲῇζιᾞόεῐ

89 2845 266 2873 munere
290 2833 510 2887 videatur)
538 2848 620 2888 quo
649 2834 806 2875 scilicet
829 2848 953 2887 quem
984 2833 1190 2875 concitavi
1216 2837 1382 2873 motum
1408 2832 1548 2873 denuo
1565 2834 1728 2907 Egsrgsffiss-

174 2917 180 2935 ἰ
208 2918 256 2948 Cf.
276 2919 402 2949 formm.
418 2921 447 2956 8,
465 2921 514 2956 59,
528 2921 579 2955 97,
598 2921 753 2955 101‚103.
770 2921 838 2955 118,
858 2920 928 2949 212.
1041 2917 1053 2935 Ἀ
1079 2918 1235 2958 itt—enta]
1254 2929 1315 2949 om.
1333 2918 1378 2949 ed.
1399 2919 1460 2950 7⁴3.
