1985 3308
405 160 493 199 330
615 160 753 201 THO.
791 159 1134 202 SYDENHAM
1165 158 1432 201 DISSERT.
1464 157 1647 199 EPIST.

202 267 529 338 Gtgffimufuerit
555 270 732 321 sanquis.
792 267 1012 322 Postquam
1044 282 1145 315 vero,
1162 267 1334 321 perlecto
1364 280 1485 306 aureo
1516 266 1605 304 Tuo
1637 264 1748 311 libro,
1779 276 1867 302 sen·
1904 297 1909 300 .
1961 247 1963 279 ἶ

198 319 388 383 Ερῐὲζέῌ,
406 349 535 374 seram
556 335 714 375 tandem
738 336 907 389 panicos
931 350 1021 383 esse,
1044 336 1115 389 qui
1134 349 1192 373 me
1216 335 1393 389 aliosque
1421 333 1573 372 tamdiu
1601 332 1865 380 detinuerunt,

256 397 262 398 ἶ
405 404 573 452 timores,
605 418 803 457 aususque
822 405 991 456 fueram
1014 404 1139 455 juxta
1180 402 1263 450 Tui
1290 405 1507 454 praecepta
1538 397 1866 452 (reclamantibus

404 471 496 511 licet
514 471 749 525 quandoque
770 485 847 510 non
874 471 999 509 solum
1030 469 1158 522 vulqo,
1181 469 1250 507 sed
1277 470 1395 507 etiam
1418 465 1624 521 Medicis‚)
1644 479 1783 520 acyros
1804 479 1866 504 re-

398 553 504 592 yere,
527 545 681 579 tantum
713 539 802 578 inde
831 538 1078 577 emolumenti
1108 537 1156 575 iis
1183 535 1272 589 (ubi
1301 536 1341 574 in
1373 535 1679 588 obtemperantes
1710 530 1867 585 incidi,)

404 608 597 647 obvenisse
629 607 810 660 comperi,
839 612 883 645 ut
918 604 1123 658 (quicquid
1153 603 1227 642 alii
1254 601 1473 654 senserint,)
1507 616 1567 641 me
1584 601 1866 654 felicissimum

404 682 590 729 reputem,
614 677 725 728 cujus
754 676 794 713 in
815 687 959 712 manus
980 677 1116 711 tantus
1137 671 1291 710 devenit
1309 670 1532 709 thesaurus.
1594 668 1725 707 Porro
1745 673 1783 706 et
1802 665 1870 705 ubi

404 743 461 782 ad
491 742 662 782 Variolis
691 740 988 795 Confluentibus
1019 739 1246 779 laborantes
1275 736 1402 791 (quod
1430 743 1560 776 tamen
1591 734 1703 775 liaud
1731 734 1868 775 admo-

404 811 497 849 dum
534 824 648 863 saepe
683 807 879 862 contiqit,)
914 808 1065 847 accitus
1091 805 1263 858 fuerim,
1301 818 1378 844 non
1413 803 1602 850 dubitavi,
1636 814 1868 856 quanquam

405 877 581 916 animam
593 877 686 930 jam
707 889 824 928 aqere
844 874 1082 921 viderentur,
1104 873 1161 912 ad
1177 872 1418 926 pareyorica
1441 871 1558 924 (Tua
1571 871 1707 924 fretus
1726 869 1868 908 autlzo-

404 941 556 996 ritate,)
597 942 819 995 confuqere,
861 942 977 995 idque
1017 955 1195 980 successu
1237 941 1349 980 haud
1379 938 1625 993 poenitendo,
1662 939 1739 978 imo
1777 951 1868 976 vero

402 1009 604 1063 stupendo.
676 1009 782 1048 Tam
804 1009 971 1048 multum
992 1008 1166 1062 equidem
1195 1009 1272 1047 liae
1299 1009 1341 1048 in
1363 1013 1484 1061 parte
1508 1008 1752 1061 praestitisse
1771 1005 1870 1044 milii

403 1078 561 1127 videris,
584 1083 629 1117 ut
658 1077 717 1117 nil
737 1091 936 1131 superesse
957 1077 1064 1131 quod
1086 1076 1147 1116 vel
1175 1077 1360 1124 aliorum,
1382 1075 1444 1115 vel
1465 1076 1583 1114 etiam
1614 1074 1708 1122 Tui,
1732 1072 1868 1112 indus-

405 1153 525 1191 triam
546 1157 734 1199 exerceat,
743 1151 874 1204 facile
896 1151 1115 1197 crederem,·
1140 1151 1218 1189 nisi
1237 1150 1462 1203 nuperrime
1481 1163 1507 1188 a
1528 1148 1750 1188 doctissimo
1770 1147 1875 1193 viro,

406 1220 608 1272 amicoque
647 1233 729 1258 meo
765 1220 1027 1272 inteyerrimo,
1060 1217 1142 1257 D'³⁰
1179 1217 1424 1258 Kendriekio
1458 1216 1549 1271 (qui
1582 1217 1868 1256 humanitatem

416 1287 549 1326 Tuam
574 1286 798 1339 plurimum
822 1286 1024 1340 celebrat,)
1045 1286 1295 1335 audivissem,
1328 1285 1386 1324 Te
1407 1285 1580 1324 innuisse
1600 1297 1722 1323 novas
1749 1295 1870 1336 quas-

406 1354 500 1393 dam
521 1352 642 1408 (quas
666 1359 704 1393 et
725 1354 781 1393 aa'
801 1355 954 1407 praoein
975 1355 1049 1393 rite
1069 1353 1322 1393 emercendam
1349 1353 1537 1406 perutiles
1554 1352 1653 1405 fore
1673 1365 1750 1391 non
1775 1365 1870 1404 pos-

406 1435 493 1460 sum
525 1435 602 1460 non
629 1422 841 1476 auyurari,
865 1427 997 1476 utpote
1031 1436 1057 1460 a
1100 1421 1158 1460 Te
1179 1420 1353 1474 factas,)
1379 1422 1486 1459 circa
1520 1420 1620 1459 idem
1652 1419 1868 1474 subjectum

416 1489 510 1528 Tibi
534 1489 749 1528 occurrisse
769 1478 1079 1535 observationes,-
1112 1503 1214 1542 quas
1235 1489 1312 1527 nisi
1334 1488 1495 1541 publico
1522 1488 1739 1540 impertias,
1761 1492 1798 1526 et
1825 1487 1868 1526 in

410 1555 492 1594 Tui
509 1556 689 1607 famam,
719 1561 755 1594 et
781 1557 821 1594 in
853 1555 1071 1595 humanum
1098 1570 1235 1609 yenus,
1259 1557 1430 1609 injurius
1457 1557 1544 1594 cris.
1606 1555 1784 1595 Proinde
1814 1553 1871 1608 (si

403 1621 502 1674 quid
531 1621 644 1674 apud
678 1621 736 1660 Te
762 1623 887 1675 iqnoti
913 1622 1075 1662 valeant
1097 1621 1270 1677 preces,)
1297 1624 1410 1663 lzaud
1435 1625 1631 1677 yracem'S,
1665 1623 1867 1676 (obsecro,)

411 1687 665 1728 Celeberrime
693 1688 776 1736 Vir,
798 1703 864 1728 eas
885 1690 926 1728 in
949 1689 1071 1728 lucem
1093 1691 1276 1729 emittere.

463 1756 544 1795 Sed
563 1770 630 1795 nec
650 1756 714 1794 liic
733 1756 971 1798 subsistam:
1003 1771 1138 1810 nempe
1157 1757 1207 1796 ab
1235 1757 1363 1796 eodem
1396 1758 1532 1811 accepi
1559 1759 1720 1798 rariora
1747 1772 1868 1813 quae-

404 1823 498 1864 dam
534 1824 627 1863 Tibi
646 1824 850 1863 observata
866 1824 1001 1876 ficisse
1022 1826 1129 1863 circa
1157 1824 1326 1878 affectus
1348 1825 1597 1879 Hystericos
1618 1826 1768 1874 dictos;
1799 1828 1870 1880 qui

403 1905 510 1938 sane,
533 1892 636 1930 sicut
664 1891 978 1931 doctissimorum
1001 1891 1252 1931 Medicorum
1273 1893 1323 1932 ab
1344 1895 1452 1933 omni
1480 1895 1668 1933 memoria
1688 1909 1868 1934 exercue-

405 1964 512 2007 runt,
540 1960 617 1997 imo
650 1957 865 2006 lassarunt,
896 1960 1068 2012 inqenia,
1094 1960 1151 1998 sic
1183 1959 1303 2013 (proli
1334 1962 1451 2000 nimis
1480 1975 1595 2014 saepe
1606 1961 1639 2014 J)
1681 1967 1720 2001 et
1746 1963 1868 2002 medi-

405 2027 525 2066 candi
539 2026 711 2065 traditas
727 2026 923 2066 methodos
939 2027 1115 2075 eludunt,
1133 2028 1440 2083 documentaque
1454 2029 1565 2077 dant,
1584 2043 1705 2083 quam
1718 2043 1867 2083 parum

404 2100 531 2133 tutum
553 2095 607 2148 sit
632 2095 672 2133 in
693 2094 979 2147 philosophicis
1007 2100 1164 2134 nostrae
1188 2096 1338 2135 rationi
1364 2097 1529 2135 nimium
1541 2096 1689 2147 fidere,
1712 2098 1792 2136 nisi
1819 2097 1868 2136 iis

403 2162 445 2200 in
466 2161 579 2200 rebus
599 2175 772 2215 quarum
798 2161 1070 2202 certitudinem
1099 2177 1125 2202 a
1152 2177 1338 2203 sensuum
1359 2165 1579 2204 testimonio
1600 2170 1734 2218 petere
1760 2165 1866 2204 vale-

404 2242 502 2268 mus.
563 2228 806 2279 Plurimum,
840 2229 1086 2283 Diynissime
1124 2229 1209 2278 ΠΥ,
1240 2230 1406 2270 ulterius
1433 2236 1471 2270 et
1498 2245 1525 2270 a
1549 2232 1754 2284 praesenti
1780 2246 1867 2271 sae-

403 2295 503 2343 culo,
526 2301 563 2335 et
589 2310 614 2335 a
639 2298 822 2350 posteris,
846 2297 959 2336 liaud
983 2298 1098 2337 dubie
1129 2299 1345 2346 mereberis,
1367 2300 1402 2337 si
1431 2304 1469 2338 et
1496 2313 1598 2352 quae
1627 2301 1735 2339 circa
1763 2300 1868 2340 lianc

406 2365 613 2402 materiam
644 2364 856 2404 meditatus
884 2379 934 2413 es,
953 2365 1172 2419 propalare
1198 2366 1387 2419 diynatus
1397 2367 1547 2418 fueris.
1609 2366 1703 2406 Hoc
1728 2367 1866 2407 saltem

405 2445 431 2469 a
462 2431 519 2470 Te
540 2432 638 2471 milii
657 2433 870 2485 impetrare
892 2434 1023 2481 liceat,
1047 2439 1092 2473 ut
1110 2435 1229 2487 aequi
1247 2433 1411 2488 bonique
1432 2433 1627 2484 consulas,
1650 2434 1766 2488 quod,
1789 2448 1867 2474 non

405 2500 481 2537 mei
499 2499 636 2547 solum,
659 2500 728 2538 sed
746 2500 900 2553 publici
919 2502 1037 2540 etiam
1063 2515 1198 2549 causa,
1221 2502 1378 2554 iynotus
1403 2501 1489 2540 Tibi
1515 2501 1614 2549 licet,
1629 2507 1763 2555 petere
1790 2515 1867 2541 non

405 2566 624 2605 erubuerim
640 2581 655 2614 ,·
688 2572 806 2621 utque
836 2582 894 2606 me
924 2569 1026 2607 inter
1055 2569 1279 2608 innumeros
1311 2582 1372 2608 eos
1401 2568 1559 2616 babeas,
1592 2570 1664 2623 qui
1700 2569 1795 2609 Tibi
1828 2582 1868 2608 se

406 2647 525 2686 quam
547 2635 715 2674 maxime
735 2634 889 2674 devotos
902 2636 1158 2689 profitentur,

1288 2705 1577 2744 devotissimum

572 2833 583 2839 .
1192 2771 1232 2811 G
1243 2771 1600 2813 ULJELMUM
1629 2772 1805 2814 COLE.

478 2833 831 2923 s·01-{‚‚‘?13'.'‘'1²3‘.¹‘1'621.
1710 2867 1713 2869 ’
