1985 3308
722 134 896 173 INDEX
925 135 1127 174 RERUM.

127 235 213 266 varia
227 237 383 277 producit,
401 238 472 273 200,
491 237 562 274 365,
580 238 660 273 54·ος
685 242 781 278 caput
794 247 888 268 occu-

125 287 216 317 pans,
247 280 388 310 dolorem
415 282 529 311 clavum
561 283 742 321 hystericam
770 281 891 311 dictum

126 319 224 358 affert,
237 323 310 358 365,
322 323 393 359 373,
405 324 468 353 540
482 335 488 357 :
514 327 543 353 et
559 334 703 363 spasmos
714 322 892 363 persimiles

125 363 305 403 epilepsiae,
331 368 410 395 uteri
433 367 642 405 strangulatus
667 366 777 401 dictos,
807 366 890 399 365;

124 411 247 444 partem
276 408 452 447 quamlibet
476 408 623 448 corporiS‚
641 408 707 438 sive
722 409 890 444 internam,

125 447 191 477 sive
219 454 391 486 externam,
423 450 547 480 afficere
577 451 670 486 valet,
705 452 776 485 201,
809 450 889 483 367:

124 496 230 529 partes
246 498 391 522 externas
408 493 566 532 quomodo
583 493 709 529 afficiat,
724 494 795 530 365,
810 494 870 525 367
884 505 890 527 ;

125 532 272 563 dentibus
297 545 359 564 non
386 536 497 575 parcit,
525 536 596 571 367,
622 537 702 570 540;
739 536 771 565 in
800 535 891 565 dorso

124 574 264 606 dolorem
291 577 559 608 vehementiorem
584 577 710 614 excitat,
727 579 806 612 3683
844 578 891 607 in-

124 618 239 648 testina
260 629 430 660 occupanS,
447 620 643 650 diarrhocam
663 621 790 656 excitat,
810 621 889 654 367:

124 659 257 691 colicam
274 661 421 692 biliosam
438 663 590 697 imitatur,
609 665 671 693 200
685 675 691 696 ς
717 668 747 692 et
763 663 891 692 iliacam

123 703 316 741 passionem,
344 706 416 740 366,
446 705 525 739 372,
565 705 616 735 hic
643 705 774 735 affectus
802 705 891 736 docet

122 745 270 775 morbum
293 757 331 777 ex
352 746 461 788 ἀταξίᾳ
477 748 646 788 spirituum
673 753 789 783 ortum,
807 749 865 779 371
883 760 888 782 ;

123 788 236 818 tussim
266 789 456 828 hystericam
482 790 609 825 excitat,
629 791 711 824 366:
738 790 889 826 dolorem,

122 830 335 870 nephriticum
352 842 580 872 paroxysmum
593 833 721 862 omnino
733 833 889 862 mentien-

122 877 196 909 tem,
215 874 288 910 366,
305 876 364 907 367
379 887 384 909 :
409 875 608 911 vomitiones,
626 876 703 909 367,
729 875 890 905 calculum

122 915 312 952 aemulatur,
331 918 409 951 367;
435 918 539 948 cordis
558 918 780 957 palpitationes
804 918 888 947 cxci-

122 962 177 993 tat,
196 959 268 993 365,
281 960 321 989 66
336 972 343 994 3
368 960 422 990 ubi
439 960 616 990 discesserit
631 971 649 990 a
665 966 753 1000 parte
769 960 890 996 affecta,

122 1001 367 1032 teneritudinem
397 1003 429 1032 in
461 1014 497 1032 ea
527 1002 688 1042 relinquit,
721 1004 793 1038 201,
817 1004 889 1039 368,

121 1043 180 1072 541
196 1055 202 1078 ;
221 1045 370 1075 materiae
382 1045 492 1074 viridis
509 1045 734 1081 excrefionem,
746 1050 812 1075 tam
829 1045 890 1075 ἄνω

121 1095 218 1124 quam
236 1084 330 1123 κάτω,
349 1098 441 1127 saepe
461 1088 616 1128 producit,
634 1089 706 1124 366,
726 1088 798 1125 367,
817 1089 888 1124 372,

122 1127 184 1159 373
199 1141 205 1163 ς
230 1129 348 1168 hyster.
366 1130 537 1160 affectuum
554 1140 668 1160 causae
684 1131 887 1170 procatarcti—

121 1179 186 1207 cae,
203 1171 285 1206 370,
310 1184 337 1203 α.
353 1173 492 1212 corporis
508 1178 537 1203 et
552 1173 650 1202 animi
672 1178 779 1203 motus
794 1173 887 1203 vehe-

121 1214 302 1250 mentiores,
321 1215 399 1249 370:
425 1215 470 1245 sic
486 1215 560 1245 etin
578 1215 738 1255 puerperis
754 1216 887 1245 tenerio-

120 1255 218 1292 ribus,
245 1257 341 1287 nimis
365 1258 427 1287 cito
451 1268 467 1288 e
490 1257 571 1288 lecto
599 1258 813 1297 surgentibus,
839 1259 887 1288 in-

121 1298 250 1335 vitatur,
267 1300 340 1335 396,
355 1300 415 1332 397
431 1313 437 1334 ;
462 1302 495 1335 β.
512 1301 668 1332 stomachi
693 1301 835 1330 vacuitas
850 1301 889 1331 ab

121 1339 235 1377 inedia,
253 1343 310 1374 371
329 1355 334 1376 :
363 1353 444 1382 quae
460 1348 491 1373 et
507 1354 523 1372 a
539 1343 683 1373 carnium
699 1343 890 1374 abstinentia

121 1392 214 1423 saepe
236 1385 400 1421 invitatur,
419 1386 491 1420 375,
509 1386 580 1421 377,
598 1387 681 1419 4433
703 1397 734 1424 γ.
753 1396 886 1416 evacua-

119 1425 220 1456 tiones
237 1427 364 1463 nimiae,
382 1428 440 1459 371
459 1440 465 1461 :
489 1428 534 1457 sic
551 1438 567 1457 a
585 1428 751 1467 sanguinis
763 1429 889 1467 jactura

120 1467 241 1507 ingenti
254 1470 419 1506 excitatur,
435 1471 516 1504 468:
541 1470 650 1500 itidem
665 1471 889 1510 purgantibus,

119 1511 181 1542 467
195 1523 202 1546 ς
227 1517 258 1542 et
275 1512 446 1542 violentius
465 1513 652 1548 vomitoriis,
668 1513 729 1544 467
743 1526 749 1546 :
774 1513 799 1542 si
816 1523 889 1543 vero

119 1553 220 1583 morbi
237 1554 337 1585 fomes
353 1555 387 1584 in
399 1555 506 1594 aliqua
517 1555 734 1585 involveretur
746 1556 890 1592 materia,

118 1600 187 1626 tum
205 1598 434 1628 evacuantibus
451 1608 513 1627 non
528 1597 728 1634 invitaretur,
741 1598 796 1628 sed
811 1608 886 1628 con-

118 1639 252 1669 trarium
269 1640 358 1676 foret,
375 1640 445 1676 373,
465 1641 536 1676 376,
553 1641 632 1675 377,
658 1640 781 1670 affectio
804 1640 888 1680 hyst.

119 1681 155 1711 fit
174 1691 406 1723 nonnunquam
430 1693 468 1713 ex
492 1683 573 1713 uteri
594 1683 799 1723 procidentia,
817 1690 889 1723 post

119 1728 246 1763 partum
261 1725 508 1762 laboriosiorem,
526 1727 587 1756 402
602 1738 608 1760 ;
633 1736 730 1756 eausa
745 1726 886 1756 efficiens

118 1766 252 1803 interna,
275 1767 447 1808 spirituum
465 1768 654 1798 animalium
677 1767 796 1806 ἀταξία,
814 1771 886 1805 201,

119 1809 192 1846 371,
211 1810 291 1845 395,
316 1821 412 1840 causa
433 1821 496 1840 non
522 1816 596 1841 sunt
618 1811 779 1848 humores,
803 1811 885 1847 376:

119 1861 217 1882 causa
243 1853 431 1883 antecedens
461 1851 596 1891 ἀταξίας,
629 1853 762 1883 debilior
792 1854 884 1894 spiri-

119 1898 212 1924 tuum
229 1895 418 1925 animalium
435 1896 542 1932 erasis,
560 1897 619 1928 371
634 1908 640 1930 ς
666 1896 750 1926 unde
773 1896 808 1926 fit
830 1907 884 1926 vo-

119 1937 210 1968 mitio
225 1938 378 1968 materiae
396 1938 517 1974 viridis,
533 1939 595 1970 373
610 1950 616 1972 :
640 1943 671 1968 et
685 1938 760 1968 hinc
776 1938 885 1978 hyste-

119 1980 203 2010 ricae
226 1980 289 2010 fere
312 1990 423 2010 omnes
447 1980 484 2011 de
505 1981 701 2010 subsidentia
716 1980 885 2020 spirituum

119 2027 369 2063 conqueruntur,
387 2023 466 2057 3683
484 2033 523 2053 ex
537 2023 709 2063 spirituum
725 2023 887 2054 debilitate

119 2065 228 2102 oritur,
244 2066 269 2095 si
285 2066 445 2095 mensium
458 2066 565 2096 fluxus
578 2066 672 2096 fuerit
685 2066 888 2102 immodicus,

119 2109 182 2138 400
198 2118 263 2148 sq.;
295 2108 321 2138 si
338 2108 489 2138 diuturna
512 2109 562 2145 sit,
579 2108 729 2139 humores
749 2109 888 2149 corporis

119 2150 248 2180 inficere
270 2150 363 2188 valet,
381 2151 453 2188 377,
468 2151 548 2185 378,
577 2151 708 2191 quinam
729 2152 832 2181 morbi
849 2152 888 2182 ab

119 2193 179 2223 hac
193 2193 367 2224 humorum
389 2194 623 2233 depravatione,
642 2194 720 2228 377,
745 2194 887 2234 periculo

119 2246 175 2276 per
188 2246 221 2266 se
237 2241 336 2272 vacat,
350 2236 411 2266 nisi
426 2246 574 2276 perversa
586 2247 661 2266 cura
674 2241 887 2277 exasperetur,

121 2280 203 2313 202:
228 2283 283 2308 aut
307 2279 337 2309 vi
360 2278 518 2309 malorum
542 2279 806 2318 subsequentium
827 2279 885 2309 ali-

120 2321 246 2361 quando
269 2327 370 2356 necat,
388 2322 468 2355 396,
497 2327 750 2361 symptomatum
774 2322 884 2362 singu-

119 2363 223 2394 lorum
249 2363 328 2394 ratio
350 2364 538 2404 explicatur,
557 2365 637 2399 3723
663 2374 756 2394 casus
777 2365 885 2403 cujus-

120 2406 194 2436 dam
218 2406 343 2436 abunde
367 2412 398 2436 et
422 2407 548 2446 saepius
568 2407 785 2447 lacrymantis,
803 2408 884 2442 375:

120 2449 264 2479 curativa
280 2449 433 2479 indicatio
449 2455 497 2480 est
521 2449 688 2489 sanguinis
704 2450 886 2480 corrobora-

120 2491 174 2527 tio,
192 2491 272 2526 378,
298 2492 420 2522 curatio
442 2492 698 2522 venae-sectione
715 2498 746 2522 et
762 2492 885 2522 cathar-

120 2534 146 2564 si
170 2534 332 2571 ordienda,
355 2535 428 2570 379,
445 2536 528 2569 541;
555 2535 668 2565 deinde
690 2535 887 2575 chalybeatis

119 2577 322 2613 absolvenda,
348 2577 421 2613 379,
446 2579 526 2612 542;
561 2577 593 2607 in
622 2577 886 2608 imbecillioribus

120 2620 242 2650 naturis
260 2619 452 2659 quandoque
475 2630 493 2650 a
517 2619 652 2660 chalybe
679 2620 786 2650 statim
804 2620 884 2650 inci-

119 2662 283 2702 piendum,
301 2662 381 2697 3793
406 2662 552 2702 chalybis
569 2663 783 2693 substantiam
800 2673 886 2703 prae-

119 2705 194 2745 poni
218 2705 519 2746 praeparationibus,
539 2705 612 2740 379,
636 2707 715 2740 383;
742 2705 886 2746 chalybis

118 2757 213 2778 usum
239 2757 302 2778 non
324 2753 406 2778 recte
429 2748 594 2778 admittere
612 2748 817 2788 purgantium
835 2749 883 2778 in-

118 2790 367 2825 tercalationem,
384 2791 465 2824 380:
491 2790 646 2820 formulae
659 2791 817 2821 curationi
835 2791 883 2821 in-

118 2833 301 2870 servientes,
313 2834 385 2869 383,
399 2834 450 2870 84,
463 2835 534 2870 541,
553 2835 611 2868 42;
635 2833 808 2873 clysterum
827 2834 886 2864 fre-

117 2877 317 2915 quentiorem
354 2886 450 2906 usum
481 2876 596 2911 renuit,
627 2877 707 2911 229;
747 2876 886 2907 theriaca

117 2918 273 2949 Androm.
298 2929 454 2959 magnum
478 2919 512 2950 in
539 2918 588 2949 his
605 2919 770 2950 affectibus
785 2929 886 2950 reme-

1643 138 1717 174 633

949 237 1048 274 dium,
1073 236 1236 278 387,‚388,
1258 237 1340 272 544;
1373 236 1448 267 item
1465 241 1573 268 cortex
1590 237 1718 275 Peruv.,

949 281 1022 316 388,
1039 281 1100 310 545
1117 292 1123 315 :
1147 279 1281 319 chalybe
1307 279 1333 309 si
1358 279 1460 309 curari
1478 280 1600 319 nequit,
1615 291 1717 320 aquae

949 322 1118 353 minerales
1149 322 1324 357 adeundae,
1356 323 1430 358 386,
1457 323 1540 357 513,
1579 333 1660 363 quac
1691 323 1717 352 si

949 365 1084 395 necdum
1112 365 1240 404 juvant,
1270 365 1361 404 aquis
1392 364 1575 404 sulphureis
1605 365 1717 395 calidis

948 407 1114 443 utendum,
1139 408 1213 443 387,
1235 408 1314 442 543,
1340 406 1429 436 dolor
1450 412 1481 436 et
1503 407 1635 437 vomitio
1655 407 1715 447 hy-

949 450 1136 480 stericarnm
1164 450 1321 490 quomodo
1349 449 1413 479 sint
1438 449 1622 486 cohibenda,
1643 452 1716 486 393,

948 494 1031 527 394:
1056 493 1174 522 foetida
1198 502 1261 532 qua
1287 492 1408 522 ratione
1423 491 1591 531 hystericis
1616 493 1717 529 utilia,

949 537 1031 570 392,
1072 535 1103 565 in
1133 535 1298 565 affectione
1321 534 1439 574 hyster.
1456 535 1576 564 mitiori
1602 535 1718 565 dantur

949 578 1066 617 pilulae
1098 577 1272 618 hystericae
1302 587 1356 617 per
1385 577 1495 607 decem
1525 577 1602 613 dies,
1635 579 1716 611 385,

949 620 1030 650 lacte
1064 620 1130 650 solo
1161 625 1272 650 curata
1308 620 1369 650 fuit
1403 620 1435 650 in
1467 624 1718 660 temperamento

948 663 1059 693 bilioso
1076 673 1111 693 ac
1138 663 1237 699 tenui,
1253 663 1327 698 389,
1343 664 1404 693 545
1419 675 1425 697 ;
1451 667 1541 692 extra
1563 672 1717 702 paroxys-

948 715 1038 735 mnm
1059 705 1216 745 quomodo
1233 706 1406 738 tractanda.
1429 706 1489 737 378
1507 715 1564 744 sq.‚
1581 707 1639 735 541
1660 715 1719 744 sq.;

949 749 1106 787 quomodo
1122 748 1154 777 in
1172 758 1374 787 paroxysmo,
1391 749 1453 777 392
1471 758 1528 787 sq.‚
1545 749 1628 783 544;
1653 748 1713 788 hy-

950 790 1081 821 stericae
1105 790 1278 830 aliquando
1296 791 1338 820 ita
1359 790 1527 820 abhorrent
1544 800 1562 820 a
1578 791 1717 820 medica·-

949 833 1065 863 mentis
1082 833 1260 873 hystericis,
1279 838 1314 863 ut
1331 833 1370 862 ab
1387 833 1425 862 iis
1448 833 1626 869 laedantur,
1644 835 1716 869 385,

950 877 1032 909 386:
1062 875 1180 915 hyster.
1206 875 1377 905 affectuum
1402 875 1495 905 classi
1524 875 1716 905 rheumatis-

949 928 1021 948 mus
1036 918 1234 948 scorbuticus
1248 919 1429 948 referendus
1445 918 1617 955 videretur,
1630 919 1655 948 si
1668 929 1716 948 re-

948 961 1061 990 mediis
1075 961 1242 1001 hystericis
1258 961 1390 997 cederet,
1409 961 1480 990 261.

993 1003 1089 1033 Iehor
1112 1003 1143 1033 in
1168 1004 1364 1043 gonorrhoea
1387 1003 1493 1039 virul.‚
1516 1003 1548 1032 in
1579 1003 1713 1033 summi-

949 1049 1012 1075 tate
1036 1046 1124 1082 colis,
1154 1046 1239 1076 unde
1266 1046 1394 1081 oriatur,
1413 1047 1493 1080 313:
1530 1046 1563 1075 in
1590 1046 1718 1076 variolis

948 1088 1052 1123 confl.,
1068 1089 1137 1119 loco
1152 1089 1242 1128 puris
1257 1093 1397 1129 apparet,
1417 1088 1443 1118 si
1461 1088 1592 1128 sanguis
1607 1098 1715 1118 exaes-

948 1136 1024 1166 tuet,
1042 1133 1114 1161 318.

994 1173 1135 1209 lemno,
1179 1172 1267 1213 (Ds)
1321 1173 1453 1203 0011ch
1506 1182 1717 1205 NEUTIQUAM

949 1225 1183 1253 PRAEGRmSA,
1201 1218 1275 1252 582,
1292 1218 1362 1247 583.
1381 1216 1420 1245 cf.
1438 1217 1511 1246 203.

992 1259 1117 1289 Ieterus
1140 1269 1179 1288 ex
1195 1259 1295 1288 colica
1317 1259 1487 1298 hysterica,
1502 1260 1574 1295 203,
1595 1260 1676 1292 582:
1701 1270 1719 1289 a

948 1301 1029 1331 lecto
1056 1301 1151 1331 nimis
1183 1302 1382 1338 abstinendo,
1409 1301 1442 1331 in
1475 1301 1560 1331 febre
1583 1302 1717 1342 epidcm.

947 1354 1021 1373 ann.
1038 1344 1198 1378 ’73—’75,
1215 1345 1288 1374 211.

992 1386 1247 1426 Idiosyncrasiae
1269 1387 1301 1416 in
1319 1385 1484 1416 affectione
1502 1386 1622 1427 hyster.
1640 1387 1718 1417 ratio

949 1428 1106 1465 habenda,
1123 1431 1195 1459 385.

993 1471 1083 1510 Ignis
1107 1482 1195 1501 sacer
1209 1471 1312 1510 qualis
1334 1471 1475 1507 morbus,
1496 1472 1551 1501 101
1571 1484 1576 1506 ;
1605 1472 1668 1501 sere
1684 1477 1720 1502 ut

947 1514 1129 1553 pestilentia
1150 1514 1282 1549 invadit,
1304 1515 1382 1547 101;
1407 1524 1425 1543 a
1447 1519 1535 1553 peste
1559 1515 1719 1553 quomodo

947 1556 1078 1592 differat,
1093 1558 1149 1586 101
1164 1569 1170 1591 ;
1191 1557 1334 1586 Naturae
1347 1565 1405 1595 ope
1418 1556 1588 1586 discutitur
1601 1557 1634 1586 in
1651 1567 1718 1586 cor-

946 1599 1031 1638 poris
1048 1605 1170 1639 partem
1188 1599 1348 1638 quandam
1365 1603 1541 1634 externam,
1561 1600 1632 1629 101.

991 1641 1116 1671 ILIACA
1137 1641 1222 1681 (De)
1246 1641 1432 1678 PassmNss,
1450 1641 1639 1677 578—580;
1676 1642 1716 1672 cf.

948 1683 1088 1714 62—65.

991 1727 1080 1757 Ileus
1103 1737 1159 1756 seu
1181 1726 1277 1756 iliaca
1298 1726 1404 1766 passio
1428 1726 1504 1766 quid
1528 1726 1578 1763 sit,
1596 1727 1649 1763 62,
1665 1727 1716 1763 63,

947 1770 1019 1805 501,
1037 1771 1110 1806 502,
1123 1770 1184 1802 578
1197 1782 1203 1804 ;
1228 1769 1348 1809 duplex
1360 1769 1497 1809 ponitur,
1511 1779 1604 1800 verus
1615 1775 1645 1800 et
1660 1781 1716 1800 no-

947 1812 1034 1848 thus,
1049 1814 1108 1847 63;
1134 1822 1228 1842 verus
1245 1812 1341 1842 totius
1357 1817 1478 1842 tracms
1494 1812 1716 1843 intestinorum

945 1854 1110 1884 inversum
1126 1860 1252 1884 motum
1268 1854 1368 1894 ponit,
1384 1855 1442 1889 63;
1467 1854 1542 1884 hinc
1566 1855 1718 1894 clyster-es

947 1906 1002 1936 per
1030 1907 1064 1927 os
1091 1897 1289 1936 rejiciuntur,
1307 1897 1369 1931 64:
1397 1907 1471 1926 eum
1495 1898 1627 1927 curandi
1652 1908 1716 1928 me-

947 1939 1064 1969 thodus
1094 1939 1185 1969 nulla
1214 1939 1276 1969 fere
1307 1939 1435 1979 cognita
1460 1939 1595 1970 Auctori
1621 1940 1717 1970 habe-

946 1981 1049 2018 batur,
1080 1983 1140 2016 63,
1180 1981 1315 2012 colicam
1351 1981 1496 2011 biliosam
1534 1982 1718 2022 insequens,

951 2025 1028 2059 195,
1054 2035 1071 2054 a
1095 2024 1365 2061 calefacientibus,
1379 2024 1412 2054 in
1436 2024 1522 2054 febre
1544 2035 1627 2055 nova
1649 2025 1716 2065 epi-

947 2067 1042 2103 dem.‚
1059 2068 1140 2102 502;
1164 2067 1324 2107 quomodo
1347 2067 1542 2102 tractandus,
1558 2069 1620 2097 502
1637 2080 1643 2103 ς
1662 2079 1715 2098 ca-

947 2109 1035 2139 tulus
1051 2109 1161 2140 vivens
1182 2109 1268 2139 nudo
1287 2109 1390 2139 ventri
1407 2110 1562 2149 quamdiu
1585 2120 1715 2140 accum-

946 2152 1079 2188 bendus,
1102 2154 1160 2187 64;
1199 2152 1295 2182 iliaca
1319 2152 1441 2182 affectio
1468 2152 1567 2182 notha
1591 2153 1630 2183 ab
1659 2154 1715 2183 ob-

947 2194 1121 2225 structione
1139 2195 1184 2230 fit,
1202 2195 1260 2230 63;
1285 2204 1349 2225 non
1371 2195 1468 2224 totius
1490 2195 1716 2226 intestinorum

947 2237 1071 2274 ductus,
1090 2238 1145 2268 sed
1160 2237 1291 2268 illorum
1307 2242 1434 2268 tantum
1450 2247 1531 2277 quae
1554 2248 1650 2278 supra
1668 2249 1716 2269 se-

947 2280 1019 2310 dem
1049 2280 1275 2311 obstructionis
1306 2285 1390 2316 sunt,
1418 2280 1631 2311 inversionem
1662 2292 1717 2321 po-

946 2323 1003 2359 nit,
1021 2323 1080 2357 63;
1105 2323 1204 2353 ileum
1232 2323 1386 2353 mentitur
1412 2323 1573 2362 hysterica
1602 2324 1716 2361 affect..

947 2367 1021 2402 366,
1038 2366 1118 2401 372;
1142 2366 1175 2395 in
1191 2365 1285 2395 iliaca
1300 2365 1446 2405 passione
1463 2366 1636 2396 cathartica
1651 2377 1716 2396 me-

946 2408 1126 2439 dicamenta
1152 2409 1185 2438 in
1213 2408 1348 2438 emetica
1373 2413 1551 2445 transeunt,
1569 2419 1627 2439 nec
1651 2419 1714 2439 non

946 2457 1101 2487 enemata,
1129 2452 1180 2487 64,
1208 2452 1278 2487 195,
1304 2451 1384 2485 578:
1421 2451 1532 2481 iliacae
1558 2451 1716 2491 passionis

945 2504 1051 2530 causa,
1077 2495 1135 2529 63:
1164 2503 1227 2534 quo
1249 2498 1341 2534 pacto
1358 2494 1554 2533 producitur,
1572 2495 1623 2531 63,
1640 2496 1714 2531 501,

945 2537 1026 2571 502,
1051 2537 1183 2572 curatio,
1201 2537 1254 2572 64,
1271 2538 1344 2572 502,
1361 2536 1442 2571 579,
1467 2537 1590 2576 argenti
1604 2537 1667 2567 vivi
1684 2542 1715 2568 et

945 2579 1150 2618 globulorum
1179 2579 1211 2609 in
1243 2579 1340 2619 hujus
1376 2579 1539 2609 curatione
1569 2589 1713 2616 censura,

989 2664 1235 2704 Imaginationis
1257 2664 1362 2694 laesae
1385 2673 1440 2704 per
1455 2664 1600 2695 cardiaca
1620 2665 1711 2695 resti—

945 2712 1032 2737 tutae
1048 2707 1243 2747 exemplum,
1261 2708 1310 2738 92.

989 2749 1206 2780 Indicationes
1231 2749 1392 2780 curativae
1413 2749 1514 2780 bonae
1539 2759 1574 2780 ac
1599 2754 1713 2787 certae,

944 2793 1029 2822 unde
1052 2793 1217 2833 petendae,
1233 2793 1316 2827 465;
1349 2793 1389 2822 ad
1411 2793 1633 2832 phaenomena
1655 2803 1713 2824 na-

944 2835 1060 2865 turalia
1073 2836 1256 2866 morborum
1272 2835 1442 2875 diligenter
1457 2836 1659 2873 advertendo,
1674 2839 1711 2871 4:

945 2883 1196 2919 symptomatum
1212 2878 1423 2919 peculiarium
1435 2879 1648 2919 perceptione,
1664 2881 1712 2915 12,

948 2922 984 2951 13
998 2934 1005 2956 :
1028 2931 1067 2952 ex
1082 2921 1187 2952 causis
1208 2921 1389 2961 conjunctis
1404 2926 1435 2952 et
1449 2921 1613 2962 proximis,
1631 2931 1712 2965 quae

876 2972 960 3011 4121
