1985 3308
391 165 478 206 274
562 163 698 205 ΤΗΟ.
734 162 1076 204 SYDENHAM
1107 162 1290 204 EPIST.
1324 163 1360 203 I.
1394 160 1682 203 RESPONS.

199 280 361 310 Rossnnn
393 269 481 310 dem
501 273 702 320 extracta,
723 267 957 323 infusiones,
979 273 1017 309 et
1047 282 1098 308 eoe
1117 267 1386 320 infusionibus
1394 268 1576 320 julapia,
1605 272 1644 308 et
1665 270 1849 310 emulsio-

187 322 377 395 ΕῗιζζὲἔΑ
392 351 462 378 nes
483 337 698 390 conficiunt
710 355 723 385 ,·
755 338 899 391 quibus
919 337 1049 377 modis
1072 350 1115 377 se
1144 350 1223 376 non
1249 340 1406 375 tantum
1426 335 1757 387 Intermittentes‚
1779 337 1854 377 sed

393 410 432 446 et
460 406 684 447 Continuas
704 406 901 458 quasdam
923 409 1030 445 certo
1052 417 1197 444 curare
1229 404 1465 457 affirmant:
1496 417 1686 456 maynum
1703 405 1855 457 procul

392 475 500 514 omni
531 474 649 514 dubio
680 474 722 513 in
753 473 946 513 curandis
974 471 1340 512 Intermittentibus
1375 475 1435 511 est
1465 472 1699 512 remedium.
1759 473 1851 525 Eyo

393 542 551 595 quidem
573 555 654 593 per
688 541 832 593 riqinti
858 541 957 592 plus
990 540 1123 579 minus
1158 552 1286 578 annos
1316 538 1469 578 dictum
1504 540 1704 580 Corticem
1732 541 1852 580 varia

381 609 524 662 forma
557 613 594 649 et
624 609 838 660 multiplici
861 607 1183 659 praeparatione
1213 607 1390 646 maoeimo
1421 619 1510 646 cum
1533 620 1717 648 successu
1738 608 1852 647 eoehi-

394 679 563 718 bendum
599 678 752 718 curavi.
815 678 861 717 Si
896 690 989 717 vero
1014 677 1227 729 peculiare
1259 677 1467 729 quippiam
1498 677 1547 717 de
1583 691 1656 717 usu
1687 679 1852 730 hujusce

396 747 571 786 Corticis
603 746 721 795 nosti,
743 746 807 785 vel
829 745 930 797 quid
958 745 1100 784 melius
1122 744 1412 797 proqrediente
1443 746 1693 797 experientia
1713 745 1854 798 fueris

393 814 568 862 edoctus,
592 813 638 852 id
655 826 703 852 ne
719 813 1070 865 97·ave1·isprecor
1089 813 1132 851 in
1153 813 1278 852 lucem
1291 811 1494 864 proferre.

449 882 500 921 In
521 882 729 921 curatione
749 881 1046 921 Rheumatismi
1068 880 1200 934 [Soet.
1223 881 1276 921 vi.
1298 895 1386 935 cap.
1408 883 1447 922 5.
1471 883 1492 937 ᾧ
1513 880 1573 935 4.]
1595 881 1853 936 frequentem

384 949 715 1001 phlebotomiam,
738 952 776 989 et
798 949 916 1001 larqa
941 962 1064 989 manu
1091 949 1347 999 celebratam,
1371 953 1565 1002 tanquam
1584 951 1854 991 necessariam

384 1018 651 1069 proposuisti.
736 1017 980 1064 Quaererem
1016 1030 1087 1070 eqo
1130 1030 1275 1067 annon,
1311 1018 1464 1070 rejecta
1505 1022 1591 1059 tam
1631 1032 1771 1059 severa
1815 1023 1854 1060 et

392 1085 548 1125 crudeli
576 1085 773 1134 methodo,
796 1086 881 1124 alia
911 1098 990 1125 non
1017 1085 1183 1125 humani
1212 1086 1424 1138 sanquinis
1445 1086 1545 1126 adeo
1567 1087 1760 1140 prodiya,
1782 1100 1855 1128 nec

392 1153 524 1193 minus
545 1157 670 1203 certa,
692 1153 863 1193 inveniri
880 1153 1029 1205 possit.
1089 1154 1199 1193 Dum
1229 1154 1329 1193 haec
1358 1154 1462 1206 ayis,
1485 1154 1735 1206 Diqnissinze
1767 1155 1852 1205 Vir,

391 1222 675 1261 malevolorum
683 1221 844 1274 juryia,
867 1225 904 1262 et
926 1221 1153 1261 invidorum
1173 1222 1368 1273 stiqtizata
1389 1225 1509 1274 atque
1529 1223 1766 1272 calumnias,
1788 1226 1854 1263 sat

391 1302 588 1342 superque
603 1290 832 1341 persenties
844 1306 857 1337 ;
889 1303 1013 1342 neque
1042 1302 1149 1329 nunc
1169 1291 1299 1330 minus
1329 1303 1449 1342 quam
1473 1290 1569 1330 olim
1594 1291 1747 1330 nomini
1771 1291 1854 1332 Tuo

393 1361 465 1396 aut
483 1356 628 1409 famae
649 1360 838 1408 parcent,
871 1357 965 1396 licet
999 1357 1185 1409 ingenuis
1203 1356 1298 1409 fere
1332 1357 1515 1397 omnibus
1545 1358 1786 1410 displiceant
1815 1362 1854 1399 et

393 1424 710 1474 candidioribus,
752 1424 865 1476 apud
901 1436 999 1476 quos
1037 1425 1197 1464 solenne
1237 1428 1297 1464 est
1336 1425 1565 1464 istiusmodi
1605 1425 1856 1466 detractores

394 1492 611 1544 despicere.
669 1491 749 1531 Isti
778 1504 885 1542 vero,
906 1491 943 1530 si
972 1491 1162 1531 Febrium
1184 1491 1398 1532 historiam
1421 1493 1537 1544 lonqo
1567 1505 1643 1533 usu
1673 1506 1854 1545 compro-

394 1560 544 1610 batam,
560 1560 625 1600 veZ
643 1559 859 1599 earundem
881 1560 1088 1610 essentias,
1112 1572 1269 1610 causas,
1292 1564 1331 1600 et
1353 1559 1619 1612 differentias,
1636 1561 1700 1600 vel
1717 1574 1855 1600 veram

393 1628 556 1668 tandem
576 1628 760 1668 medendi
776 1628 1017 1678 methodum,
1041 1629 1245 1680 expiscari
1272 1629 1422 1678 volunt,
1450 1629 1503 1668 Te
1528 1628 1668 1668 ducem
1688 1632 1727 1669 et
1746 1629 1855 1669 viam

384 1699 783 1748 praemonstrantem
816 1696 928 1748 sequi
956 1708 1111 1735 necesse
1143 1695 1291 1735 habent
1307 1713 1319 1742 ;
1353 1709 1442 1735 cum
1478 1696 1560 1746 vix,
1598 1699 1670 1736 aut
1701 1709 1751 1736 ne
1785 1697 1856 1737 vioe

394 1764 563 1816 quidem,
597 1764 693 1813 alia,
733 1764 798 1803 vel
835 1776 974 1803 earum
1014 1767 1205 1803 naturam
1245 1763 1531 1816 investiqandi,
1567 1764 1632 1804 vel
1668 1765 1854 1814 curandi,

393 1832 502 1871 ratio
515 1832 648 1883 possit
676 1831 894 1884 assiqnari.
955 1832 1098 1871 Macte
1128 1831 1265 1884 itaque
1286 1835 1382 1882 esto,
1405 1835 1444 1872 et
1470 1844 1615 1884 sperne
1640 1833 1856 1872 sciolorum

395 1900 566 1939 dicteria
580 1916 593 1945 ;
624 1899 873 1938 sincerorum
903 1899 1107 1939 hominum
1141 1900 1304 1952 inqenia
1335 1900 1499 1946 eoecita;
1537 1900 1598 1940 Tu
1627 1900 1857 1940 methodum

395 1967 644 2017 monstrasti,
666 1970 704 2006 et
724 1967 761 2006 si
786 1967 871 2006 Tua
898 1980 977 2006 non
995 1968 1149 2019 placet,
1171 1968 1240 2020 qui
1261 1972 1433 2020 carpunt
1455 1968 1551 2008 dent
1562 1968 1796 2020 politiorem
1817 1972 1856 2009 et

396 2035 525 2087 maqis
549 2034 731 2086 firmam.
801 2035 910 2085 Vale,
957 2035 1030 2075 Vir
1060 2035 1337 2087 Inteqerrime,
1371 2036 1439 2089 qui
1471 2037 1581 2076 hisce
1606 2036 1857 2089 perayendis

396 2106 522 2143 totam
538 2103 793 2143 Medicorum
815 2103 975 2144 turbam
997 2104 1140 2143 merito
1162 2103 1375 2154 devincies,
1398 2105 1506 2144 inter
1527 2104 1704 2157 reliquos
1725 2117 1834 2155 vero,

1040 2199 1130 2240 Tibi
1138 2200 1239 2253 jure
1259 2200 1478 2253 meritoque
1498 2199 1797 2250 amicissimum,

1554 2279 1607 2319 R.
1639 2279 1853 2320 BRADY.

448 2334 701 2379 Cantabriyiae‚

399 2392 556 2428 Decemb.
573 2395 628 2427 30.
651 2396 748 2427 1679.
