1985 3308
181 273 235 302 DE
256 272 366 301 Vam-

178 324 257 344 oms
277 315 368 344 Cox-

197 366 346 386 FLUENT.

183 415 366 445 Incommo-

181 458 221 487 da
237 468 254 487 a
270 468 347 497 pus-

181 500 258 530 tulis
275 510 366 539 prae-

179 552 312 582 propere

181 585 305 617 elicitis

182 1898 273 1928 Lecti
285 1897 370 1928 calor

183 1946 331 1980 quantus.

383 156 469 195 340
801 157 1058 199 THOMAE
1093 158 1437 200 SYDENHAM

385 262 500 315 aegri
517 261 633 303 alvus
654 261 872 316 hucusque
892 268 940 304 ut
956 264 1187 317 plurimum
1208 264 1423 314 adstricta,
1437 263 1707 317 pustularum
1724 276 1849 316 erup-

385 329 559 380 tionem,
598 344 734 371 seram
773 330 886 381 licet,
924 337 1084 372 certam
1118 336 1264 372 tamen
1304 331 1394 371 fore
1430 330 1648 383 spondeat.
1710 331 1791 371 Ast
1826 344 1850 371 e

386 398 610 448 contrario,
639 403 741 451 quot
779 399 1010 452 quantique
1042 399 1159 439 letho
1189 403 1337 452 patent
1370 397 1522 448 aditus,
1556 398 1720 451 quoties
1751 411 1850 451 pus-

385 466 500 506 tulae
543 466 840 519 intempestive
885 472 927 506 et
971 466 1103 506 nimio
1144 479 1269 519 opere
1313 465 1568 518 exiguntur!
1650 464 1851 518 Longum

385 535 493 576 foret
521 550 667 577 omnes
692 548 936 589 percurrere
950 551 961 584 ;
989 534 1236 588 praecipuos
1263 534 1353 588 jam
1372 533 1715 586 indigitavimus:
1749 536 1851 572 sunt

386 609 530 645 autem
565 604 623 654 hi,
657 605 711 643 1⁰.
744 603 927 643 nimium
963 607 1113 642 auctus
1149 601 1499 641 exanthematum
1530 613 1748 650 numeruS,
1782 599 1851 640 cui

386 686 436 713 ex
464 686 597 725 aequo
628 670 854 724 respondet
883 670 1012 711 febris
1043 669 1205 710 ultimis
1238 669 1387 710 diebus
1419 668 1683 710 succedentis
1713 668 1851 722 majus

384 741 578 781 minusve
606 739 856 788 discrimen,
901 740 958 779 2⁰.
990 738 1145 778 mictus
1177 737 1437 790 sanguineus
1465 741 1507 778 et
1534 735 1725 777 maculae
1752 749 1850 788 pur-

384 822 551 863 pureae,
595 822 776 861 quorum
806 812 1038 859 utrumque
1077 805 1128 847 ab
1161 810 1424 847 extravasato
1456 803 1663 857 sanguine
1704 803 1850 853 oritur,

386 876 458 930 qui
487 876 582 929 plus
608 876 725 929 justo
753 879 1001 915 attenuatus
1029 879 1071 915 et
1099 874 1220 927 quasi
1245 887 1346 927 prae
1375 877 1496 914 aestu
1521 871 1739 921 ferociens,
1768 870 1851 911 dis-

384 945 521 998 ruptis
561 958 755 985 vasorum
796 942 1020 996 repagulis,
1067 945 1092 963 “
1109 955 1191 995 qua
1232 941 1332 981 data
1370 944 1505 994 porta,
1539 938 1655 979 ruit''
1709 938 1849 992 [Virg.

384 1016 487 1054 Aen.
504 1014 531 1053 i.
551 1012 640 1065 83.]
655 1029 667 1062 3
699 1013 757 1051 3⁰.
773 1015 823 1051 ut
845 1024 972 1064 supra
987 1010 1031 1065 [ξ
1050 1009 1136 1063 15.]
1153 1009 1316 1049 dictum
1337 1014 1413 1059 est,
1432 1007 1600 1048 debitae
1617 1005 1851 1060 eruptionis

385 1081 621 1135 suppressio
650 1079 804 1129 totah’s,
828 1092 852 1118 a
881 1077 1009 1118 nimis
1038 1077 1184 1118 sedulo
1213 1076 1260 1116 in
1286 1075 1603 1130 praecipitanda
1630 1073 1851 1128 eruptione

384 1148 607 1189 conamine
620 1164 631 1197 3
675 1160 757 1200 quo
788 1160 876 1186 non
906 1145 1042 1198 magis
1070 1159 1220 1198 scopus
1248 1144 1420 1185 Medico
1450 1143 1689 1197 'propositus
1721 1141 1849 1182 attin-

386 1217 513 1269 gitur,
543 1230 671 1269 quam
702 1215 736 1254 si
758 1213 851 1268 quis
878 1213 921 1253 id
953 1227 1082 1266 agens
1108 1218 1158 1254 ut
1186 1213 1317 1254 densa
1342 1212 1568 1253 hominum
1594 1210 1735 1261 turba,
1757 1224 1850 1264 spa-

384 1282 503 1323 tiosis
532 1282 706 1323 aedibus
733 1281 908 1332 inclusa,
938 1281 1126 1322 seriatim
1147 1287 1189 1321 et
1218 1287 1380 1322 servato
1408 1281 1555 1322 ordine
1575 1280 1675 1321 inde
1703 1279 1849 1330 exiret,

385 1350 584 1391 machina
604 1350 824 1391 chartacea
843 1349 964 1404 pyrio
984 1349 1156 1402 pulvere
1180 1349 1335 1390 referta
1362 1363 1409 1389 ac
1430 1349 1476 1388 in
1502 1349 1643 1390 medio
1665 1348 1851 1402 displosa

385 1432 520 1471 usque
556 1418 660 1458 adeo
691 1431 838 1458 omnes
872 1417 1132 1471 percelleret,
1160 1422 1209 1456 ut
1241 1416 1419 1468 singulis
1451 1415 1503 1456 ad
1534 1420 1701 1469 portam
1732 1415 1849 1456 omni

386 1499 465 1538 ope
501 1484 872 1534 contendentibus,
909 1484 1169 1537 proindeque
1205 1484 1441 1536 constipato
1478 1484 1648 1537 agmine
1677 1483 1724 1523 in
1759 1483 1849 1536 ejus

386 1551 578 1593 faucibus
608 1552 823 1603 haerente,
853 1551 990 1591 exitus
1017 1550 1235 1601 universis,
1265 1551 1384 1604 quasi
1414 1565 1550 1591 cuneo
1577 1551 1702 1602 facto,
1730 1565 1848 1605 prae-

387 1620 640 1661 cluderetur.

448 1686 557 1742 [20]
597 1689 695 1729 Jam
724 1688 758 1728 si
784 1689 877 1741 quis
904 1694 1038 1741 roget,
1067 1703 1269 1742 quorsum
1297 1688 1441 1729 debita
1467 1689 1670 1730 materiae
1699 1689 1848 1731 Vario-

387 1754 498 1795 losae
531 1756 737 1808 separatio
769 1770 856 1796 non
890 1756 1066 1809 perinde
1097 1756 1244 1809 primis
1279 1756 1395 1796 hisce
1432 1756 1581 1797 diebus
1614 1757 1849 1810 promoveri

386 1822 530 1874 possit,
569 1823 603 1862 si
639 1837 763 1876 aeger
795 1823 1014 1863 moderato
1048 1823 1196 1864 lectuli
1232 1823 1368 1864 calore
1400 1823 1605 1874 foveatur,
1640 1838 1689 1865 ac
1721 1825 1756 1865 si
1796 1825 1848 1866 ab

388 1889 536 1930 eodem
559 1895 779 1940 arceatiu'3
812 1890 1056 1931 sciscitabor
1083 1905 1161 1944 ego
1190 1904 1241 1931 ex
1270 1891 1457 1942 adverso,
1481 1906 1536 1932 an
1556 1905 1645 1932 non
1665 1896 1850 1933 testetur

388 1956 658 2009 experientia,
682 1957 913 2010 quemlibet
933 1957 1044 1998 lecto
1072 1958 1287 1999 inclusum
1312 1963 1502 2012 tempore
1522 1959 1719 2010 brumali,
1743 1965 1848 2001 stra-

387 2024 497 2077 gulis
518 2024 682 2065 modice
703 2030 961 2075 contectum,
978 2025 1071 2066 foco
1090 2039 1178 2066 non
1195 2040 1383 2074 accenso,
1401 2027 1537 2080 magis
1552 2027 1847 2080 percalescere,

387 2106 514 2144 quam
536 2092 570 2132 si
590 2092 703 2133 idem
724 2093 854 2146 probe
875 2094 1053 2134 vestitus
1083 2094 1129 2133 in
1157 2094 1306 2135 eodem
1333 2094 1527 2136 cubiculo
1551 2100 1670 2136 extra
1689 2096 1849 2137 lectum

386 2164 588 2200 versetur.
652 2160 816 2202 Quodsi
847 2161 899 2201 de
930 2161 1171 2202 differentia
1200 2162 1381 2203 notabih'
1412 2163 1512 2203 satis
1543 2168 1721 2214 constet,
1743 2169 1849 2206 tunc

388 2227 466 2267 erit
490 2227 793 2281 quaerendum,
817 2242 1026 2281 quaenam
1048 2243 1099 2269 ex
1119 2229 1186 2269 his
1207 2229 1420 2270 methodis
1440 2231 1576 2283 magis
1598 2235 1698 2284 apta
1718 2231 1772 2272 sit
1794 2231 1848 2272 ad

387 2295 701 2347 reprimendam
734 2295 1039 2336 exuberantem
1070 2296 1270 2337 fermenti
1300 2297 1341 2336 V
1344 2297 1511 2338 ariolosi
1543 2298 1846 2350 agitationem,

389 2362 441 2402 ad
463 2377 588 2415 quam
610 2368 770 2403 metam
795 2363 845 2415 (si
868 2363 969 2416 quid
989 2368 1136 2404 nostra
1163 2363 1432 2405 mediocritas
1448 2365 1682 2418 judicando
1702 2366 1843 2419 valet,)

388 2444 412 2469 a
440 2430 624 2480 Medico,
653 2430 883 2483 incipiente
912 2430 1072 2480 morbo,
1101 2431 1325 2484 praecipue
1353 2431 1656 2472 collimandum
1683 2437 1771 2483 est3
1804 2438 1846 2474 et

388 2503 513 2551 prout
545 2499 596 2539 ab
626 2499 773 2539 eadem
797 2499 892 2552 plus
922 2499 1115 2539 minusve
1142 2499 1177 2538 is
1209 2498 1477 2550 aberraverit,
1505 2500 1567 2541 ita
1597 2514 1694 2541 cum
1725 2501 1846 2542 malis

388 2566 560 2606 bonisve
583 2567 698 2619 aegri
719 2567 845 2607 rebus
866 2566 1122 2607 medicinam
1141 2566 1302 2607 fecerit.

454 2634 562 2687 [21]
601 2634 918 2675 Incautioribus
938 2634 983 2674 id
1003 2648 1101 2674 vero
1120 2634 1371 2688 praesertim
1391 2634 1470 2676 hac
1498 2634 1544 2674 in
1564 2647 1609 2674 re
1630 2634 1844 2688 imposuit,

389 2702 500 2754 quod
522 2702 678 2742 scilicet
701 2701 1076 2742 animadverterint
1107 2714 1281 2753 aegrum
1310 2705 1458 2754 suapte
1483 2704 1632 2753 sponte
1653 2700 1700 2740 in
1721 2700 1845 2742 sudo-

388 2783 453 2808 res
476 2770 712 2821 proclivem,
737 2770 808 2822 qui
839 2783 936 2810 cum
963 2768 1125 2822 jugiter
1155 2772 1392 2818 manarent,
1416 2768 1580 2821 quoties
1610 2767 1719 2808 lecto
1745 2781 1845 2808 con-

389 2835 598 2876 tineretur
619 2850 755 2888 aeger,
778 2841 918 2876 aestus
939 2835 1108 2876 febriles
1128 2834 1243 2875 haud
1264 2848 1415 2888 parum
1436 2834 1701 2885 minuebant,
1725 2848 1844 2875 secus

390 2914 435 2939 ac
468 2901 512 2939 in
543 2901 592 2941 iis
625 2903 695 2954 qui
724 2917 809 2943 non
842 2902 1064 2943 sudabant.
1128 2902 1321 2943 Primum
1357 2906 1499 2942 autem
1531 2902 1842 2956 perpendamus
