1985 3308
202 1247 336 1276 Morbus

202 1289 232 1318 N

200 1342 353 1361 conamen

201 1374 233 1403 in
251 1374 336 1413 aegri

200 1413 361 1446 salutem.‘¹

202 1719 310 1749 Morbi

200 1762 317 1801 partim
332 1763 371 1792 ab

201 1806 283 1840 ae'rc,

201 1985 316 2024 partim
334 1996 352 2015 a

201 2027 287 2057 varia
305 2028 366 2057 ser-

201 2074 326 2099 menta-

199 2111 295 2146 tione,
313 2116 344 2141 et

201 2154 374 2184 humorum

202 2197 361 2235 putrefac-

203 2239 296 2269 tione.

638 402 1026 462 THOMAE
1102 400 1636 459 SYDENHAM

705 559 1182 597 OBSERVATIONUM
1214 558 1558 595 MEDICARUM

427 703 558 745 CIRCA
592 701 844 744 MORBORUM
878 700 1120 742 ACUTORUM
1155 699 1403 742 HISTORIAM
1436 699 1492 740 ET
1525 697 1839 740 CURATIONEM⁸

914 829 1122 870 SECTIO
1153 829 1364 869 PRIMA.

983 1058 1180 1099 CAPUT
1217 1057 1274 1099 I.b

797 1149 861 1188 De
883 1149 1045 1188 Morbis
1066 1149 1213 1188 Aczctz's
1234 1150 1277 1188 in
1302 1149 1467 1189 Genere.

462 1238 634 1277 chrA‘r
657 1236 783 1277 Ratio
813 1236 863 1289 (si
885 1236 984 1289 quid
1007 1251 1085 1290 ego
1106 1237 1176 1277 hie
1193 1237 1367 1291 judico,)
1393 1237 1611 1287 Morbum,
1635 1241 1862 1291 quantum-

239 1294 346 1319 ²¹t¹¹¹a⁰
400 1305 504 1345 libet
541 1305 631 1358 ejus
672 1318 823 1344 causae
863 1304 1053 1344 humano
1095 1305 1260 1358 corpori
1301 1305 1591 1354 adversentur,
1624 1305 1731 1345 nihil
1772 1319 1862 1346 esse

402 1372 518 1413 aliud
541 1386 669 1425 quam
690 1372 905 1412 Naturaec
927 1386 1148 1422 conamen,
1171 1372 1374 1412 materiae
1402 1372 1645 1413 morbificae
1666 1373 1863 1413 extermi-

404 1441 624 1481 nationem
650 1440 697 1479 in
724 1440 840 1492 aegri
870 1440 1051 1480 salutem
1079 1440 1196 1480 omni
1223 1454 1300 1494 ope
1325 1440 1555 1480 molientis.
1617 1441 1727 1481 Cum
1749 1441 1864 1481 enim

402 1508 628 1548 hominum
647 1521 782 1560 genus
803 1507 878 1558 (ita
897 1507 1067 1547 volente
1084 1508 1292 1561 Supremo
1313 1522 1457 1548 rerum
1479 1507 1672 1548 omnium
1687 1508 1864 1549 Arbitro

403 1590 452 1616 ac
473 1575 759 1625 Moderatore,
783 1575 933 1627 DEO,)
957 1575 1081 1615 variis
1103 1575 1465 1629 imp1·essionibuS‚
1487 1576 1720 1617 forinsecus
1742 1576 1864 1617 adve-

402 1642 634 1693 nientibus,
650 1642 906 1696 excipiendis
929 1647 1077 1695 aptum
1097 1648 1249 1683 natum
1271 1644 1325 1683 sit
1339 1661 1350 1693 ς
1379 1644 1470 1684 fieri
1491 1658 1579 1684 non
1599 1648 1740 1697 potest
1762 1643 1865 1696 quin

404 1711 519 1751 idem
540 1711 664 1751 variis
695 1711 825 1751 etiam
851 1710 974 1751 malis
1001 1711 1129 1751 fucrit
1158 1711 1412 1752 obnoxium:
1450 1726 1557 1765 quae
1579 1712 1751 1765 quidem
1771 1726 1865 1765 par-

403 1778 483 1818 tim
515 1777 567 1818 ab
598 1777 691 1818 istis
728 1777 834 1818 ae'ris
870 1778 1087 1831 particulis
1118 1784 1366 1829 nascuntur,
1401 1793 1520 1832 quae,
1553 1793 1650 1819 cum
1681 1779 1865 1833 corporis

404 1845 656 1886 humoribus
678 1846 788 1886 male
810 1846 1111 1886 convenientes
1132 1847 1178 1886 in
1198 1846 1311 1887 idem
1335 1861 1378 1886 se
1402 1847 1725 1897 insinuaverint,
1748 1847 1865 1888 nudo

405 1913 605 1966 sanguini
633 1913 860 1966 permistae
889 1927 1040 1967 corpus
1069 1928 1194 1954 omne
1220 1914 1438 1954 morbifico
1467 1915 1612 1954 afflant
1641 1915 1839 1968 contagio
1853 1932 1864 1965 ;

403 1980 561 2033 partim
593 1994 617 2020 a
646 1980 771 2020 variis
802 1980 1183 2021 fermentationum
1212 1981 1449 2034 generibus,
1471 1982 1537 2022 vel
1564 1982 1694 2022 etiam
1720 1987 1864 2035 putre-

404 2048 663 2088 factionibus
695 2048 938 2099 humorum,
970 2049 1041 2102 qui
1074 2049 1119 2089 111
1152 2063 1324 2103 corpore
1356 2049 1470 2090 ultra
1497 2050 1664 2103 justum
1695 2054 1865 2103 tempus

403 2115 499 2156 ideo
521 2119 622 2156 sunt
645 2116 907 2165 commorati,
932 2116 1030 2169 quja
1051 2116 1210 2157 scilicet
1230 2117 1381 2157 iisdem
1404 2117 1645 2170 digerendis
1665 2117 1864 2171 primum,

404 2183 503 2223 dein
531 2183 821 2233 excernendis,
844 2184 910 2224 vel
931 2184 984 2224 ob
1006 2184 1185 2225 nimiam
1207 2185 1441 2226 eorundem
1467 2186 1623 2226 molem
1644 2186 1709 2226 vel
1731 2186 1863 2239 quali-

402 2254 537 2291 tatem
559 2251 854 2303 incongruam,
878 2266 1033 2305 suppar
1053 2252 1168 2293 idem
1188 2267 1276 2293 non
1297 2253 1392 2293 fuit.
1461 2253 1539 2306 [2]
1570 2253 1700 2294 Hisce
1720 2267 1864 2293 rerum

404 2318 733 2359 circumstantiis
760 2319 822 2359 ita
848 2319 1000 2360 intime
1022 2320 1230 2360 essentiae
1254 2320 1467 2360 humanae
1487 2320 1729 2361 intertextis
1751 2335 1863 2361 com-

403 2387 651 2440 plicatisque
678 2391 728 2427 ut
755 2401 882 2428 nemo
915 2388 1137 2441 quisquam
1169 2402 1213 2433 se
1245 2388 1296 2429 ab
1327 2382 1411 2428 illi's
1441 2389 1488 2429 in
1521 2389 1704 2430 solidum
1735 2394 1862 2442 queat

403 2454 596 2504 liberare,
637 2455 810 2494 Natura
850 2454 902 2495 de
943 2455 1152 2508 ejusmodi
1195 2455 1397 2496 methodo
1438 2470 1487 2496 ac
1527 2461 1863 2510 symptomatum

405 2521 755 2561 concatenatione
796 2521 876 2562 sibi
910 2522 1138 2576 prospexit,
1172 2522 1325 2575 quibus
1360 2524 1583 2564 materiam
1615 2528 1863 2577 peccantem

405 2592 531 2640 atque
553 2588 748 2639 alienam,
771 2603 878 2642 quae
899 2589 1031 2630 totius
1052 2589 1236 2631 fabricae
1257 2604 1506 2644 compagem
1527 2591 1649 2632 aliter
1670 2592 1861 2641 solveret,

404 2666 426 2693 e
453 2654 537 2694 suis
565 2655 721 2696 finibus
752 2656 884 2709 possit
915 2657 1149 2698 excludere.
1213 2657 1461 2700 Quamlibet
1489 2662 1634 2699 autem
1664 2658 1861 2712 frequen-

449 2762 461 2774 ¹³
487 2760 607 2789 observ.
627 2761 736 2790 Medic.
761 2761 831 2801 effa]
861 2762 915 2792 Sic
943 2763 1012 2794 edd.
1039 2763 1102 2799 ¹76,
1208 2768 1219 2781 ⁶
1245 2763 1333 2795 Quid
1352 2774 1406 2804 per
1420 2765 1563 2794 Naturae
1587 2773 1703 2794 nomen
1723 2763 1860 2804 intelligi

407 2799 475 2833 ’85;
501 2801 585 2839 prior
615 2807 681 2831 erat
708 2803 824 2833 titulus
852 2805 1014 2835 Methodus
1042 2807 1101 2835 Cu-
1163 2806 1241 2836 velit
1256 2806 1343 2846 Syd„
1357 2807 1429 2836 vide
1445 2806 1500 2836 inf.
1519 2806 1549 2836 ii.
1565 2808 1593 2836 2.
1607 2808 1657 2837 48.

405 2843 494 2870 randi
522 2843 633 2872 mres
663 2845 801 2883 Propriis
841 2848 1103 2878 observationibus
1207 2850 1223 2871 d
1245 2850 1409 2878 Elenclmm
1420 2850 1541 2885 Rerum,
1556 2858 1650 2888 quem
1663 2848 1698 2878 in
1711 2848 1774 2878 fine
1785 2848 1859 2878 libri

405 2884 627 2920 S'‘.'¹‘'r⁸fr¹¹0¹(1·
1164 2890 1239 2930 Syd.
1270 2896 1428 2930 posuerat,
1462 2891 1496 2920 in
1520 2891 1665 2929 margine
1691 2891 1858 2926 distribui3

448 2923 462 2941 ἲ)
487 2925 584 2955 Deest
599 2926 656 2956 hoc
674 2938 740 2966 cap.
759 2929 791 2957 in
809 2929 877 2960 cdd.
897 2931 958 2967 ‘66‚
973 2933 1035 2961 ’68.
1162 2933 1194 2961 in
1209 2933 1276 2963 edd.
1296 2933 1358 2969 ’66,
1377 2934 1428 2963 ’68
1445 2933 1574 2963 omnino
1590 2933 1686 2963 deest.
