1985 3308
499 141 838 185 PROCESSUS
872 141 1141 182 INTEGRI.
1461 142 1546 182 579

156 252 234 307 [2.]
249 259 268 289 1>
299 251 504 293 Mittatur
524 250 696 305 sanguis
717 264 740 292 e
760 249 931 291 brachio
958 248 1107 290 dextro
1134 247 1188 288 ad
1217 247 1363 288 uncias
1392 260 1544 288 novem
1629 255 1682 285 DE

89 320 154 362 vel
176 321 322 361 decem
334 337 346 370 ς
378 324 473 374 post
494 319 654 374 aliquot
674 319 799 360 horas
821 317 1071 359 exhibeatur
1091 330 1272 370 sequens
1292 315 1427 369 pulvis
1443 332 1511 355 2—
1562 298 1747 370 Ρξζζῒζζη

1565 400 1739 430 Cunarum

89 443 222 484 [Form.
245 444 339 485 195.]
398 442 438 493 R
466 444 617 478 Resinae
637 443 862 483 Scammonii‚
880 454 988 487 grana
1007 441 1202 482 duodecim,

464 501 549 548 (vel,
566 501 705 536 defectu
721 502 808 546 ejus,
825 500 974 534 Resiuae
989 499 1011 533 J
1016 499 1162 544 alapae‚)

463 559 708 593 Calomelanos
724 559 754 592 T
757 558 888 602 orqueti
905 556 1105 600 scrupulum
1124 566 1232 588 unum
1246 567 1253 594 ;

275 614 410 655 Misce;
436 615 496 649 fiat
512 615 644 660 pulvis:
678 615 794 659 capiat
811 626 828 648 e
847 614 1017 648 cochleari
1042 625 1111 646 uno
1127 613 1228 646 lactis
1249 611 1402 652 vaccini5
1431 621 1546 655 super-

273 672 424 706 bibendo
442 672 597 717 ejusdem
614 672 714 706 lactis
732 671 912 706 cochleare
930 683 1039 705 unum
1057 671 1109 705 vel
1127 671 1286 704 alterum.

97 795 176 851 [3.]
218 793 310 847 Vel,
331 794 365 835 si
386 794 519 837 forma
539 794 764 850 pilularum
789 795 920 851 magis
942 794 1204 836 arrideat:—

92 925 225 970 [Form.
247 929 371 972 196.]q
396 923 437 968 R
466 925 658 960 Pilularum
677 937 721 959 ex
740 925 887 958 Duobus
903 924 1207 965 semidrachmam,

464 984 708 1018 calomelanos
725 983 893 1028 Torqueti
909 984 1109 1028 scrupulum
1127 995 1250 1024 unum,

462 1053 543 1075 cum
561 1041 755 1076 sufficiente
771 1042 967 1086 quantitate
986 1041 1143 1075 Balsami
1162 1042 1349 1075 Peruviani
1364 1055 1371 1080 ;

274 1099 381 1133 Fiant
392 1099 523 1144 pilulae
536 1105 694 1144 quatuor,
708 1098 897 1132 sumendae
911 1110 928 1132 e
942 1098 1113 1132 cochleari
1132 1110 1199 1131 uuo
1215 1098 1343 1144 Syrupi
1354 1097 1548 1131 violarum.

156 1213 238 1269 [4.]
279 1214 375 1254 Sinr
395 1218 539 1254 autem
561 1226 687 1266 aeger
708 1213 789 1254 hoc
815 1212 1051 1254 remedium
1072 1225 1147 1266 per
1167 1226 1213 1252 os
1233 1212 1439 1266 rejecerit,
1461 1212 1550 1252 lau-

95 1281 196 1323 daui
215 1282 367 1336 liquidi
397 1286 545 1335 guttae
574 1281 726 1335 viginti
759 1282 947 1335 quinque
978 1295 1111 1334 aquae
1142 1281 1401 1321 cinnamomi
1430 1280 1551 1322 fortis

94 1349 313 1390 semuncia
327 1349 558 1389 instillatae
574 1349 719 1390 statim
739 1348 1042 1402 propinentur:
1065 1362 1164 1388 cum
1178 1362 1276 1389 vero
1297 1348 1450 1389 horum
1470 1363 1552 1389 usu

91 1418 354 1459 vomituritio
376 1431 423 1458 ac
442 1418 602 1458 ventris
631 1417 794 1458 dolores
814 1416 1067 1466 remiserint,
1090 1416 1370 1457 catharticum
1391 1417 1553 1457 dictum

92 1487 251 1528 iterum
272 1486 534 1527 exhibeatur.
589 1486 753 1526 Verum
775 1485 822 1536 si,
845 1484 1141 1539 anodynorum
1160 1485 1318 1525 virtute
1340 1499 1387 1526 ac
1408 1485 1447 1525 vi
1463 1486 1553 1539 jam

92 1555 265 1610 penitus
295 1554 499 1603 infractis,
530 1553 794 1595 vomituritio
825 1567 873 1594 ac
904 1553 1023 1593 dolor
1052 1552 1210 1593 iterum
1239 1553 1457 1604 redierint,
1487 1568 1553 1594 ca-

91 1623 276 1665 thartico
308 1622 482 1664 interim
515 1622 562 1663 in
598 1635 770 1676 corpore
805 1621 1043 1671 restitante,
1077 1621 1131 1661 ad
1162 1635 1290 1661 usum
1321 1621 1555 1675 paregorici

98 1706 226 1746 supra
247 1690 444 1745 descripti
468 1690 782 1741 revertendum,
804 1689 1002 1743 idemque
1032 1703 1081 1729 eo
1107 1703 1243 1743 usque
1272 1689 1554 1744 repetendum

97 1764 249 1814 quarta.
276 1759 343 1800 vel
372 1763 492 1799 sexta
512 1772 678 1813 quaque
702 1758 808 1799 hora
828 1758 963 1798 donec
992 1757 1208 1798 intestinis
1233 1758 1349 1811 quies
1380 1758 1556 1799 omnino

91 1827 322 1868 inducatur
333 1843 344 1877 3
396 1841 480 1881 quo
515 1826 687 1880 quidem
720 1831 911 1880 tempore
946 1825 1227 1866 catharticum
1267 1825 1555 1879 operationem

101 1910 224 1938 suam
243 1909 318 1949 per
338 1895 457 1936 sedes
478 1900 633 1936 exeret.

161 1965 242 2020 [5.]
269 1964 363 2005 Nec
380 1978 481 2005 sane
503 1963 577 2005 abs
597 1977 643 2004 re
658 1962 800 2013 fuerit,
817 1961 959 2016 elapsa
977 1961 1082 2002 hora
1101 1975 1189 2002 una
1210 1966 1284 2003 aut
1306 1962 1439 2003 altera
1459 1967 1554 2016 post

95 2032 494 2082 venae-sectionem,
517 2031 741 2086 clysterem
769 2030 954 2083 aliquem
982 2044 1033 2070 ex
1057 2029 1108 2069 iis
1129 2029 1201 2083 qui
1221 2031 1437 2084 potentius
1459 2045 1556 2085 ope-

95 2107 248 2144 rantur
267 2102 440 2156 injicere
453 2119 464 2152 3
494 2101 663 2141 fumum
687 2100 847 2141 scilicet
873 2100 1114 2141 nicotianae
1142 2114 1193 2140 ex
1212 2100 1366 2141 tubulo
1392 2101 1558 2142 inverso

96 2185 172 2226 per
197 2171 380 2212 vesicam
402 2168 680 2223 majusculam
700 2168 747 2208 in
766 2167 972 2208 intestina
991 2167 1247 2208 validissime
1267 2167 1555 2209 insufflatum:

97 2253 206 2295 quae
227 2238 399 2292 quidem
424 2237 613 2291 operatio
636 2241 731 2290 post
759 2236 921 2290 aliquot
948 2235 1073 2276 horas
1100 2235 1292 2276 reiterari
1313 2235 1453 2286 debet,
1475 2235 1559 2276 nisi

98 2308 224 2350 citius
243 2311 410 2348 meatus
432 2306 631 2347 deorsum
651 2309 808 2359 pateat.

163 2376 242 2431 [6.]
282 2375 425 2417 Finita
456 2375 700 2429 operatione
731 2372 966 2424 cathartici,
989 2378 1130 2413 sumat
1161 2377 1410 2427 sequentem
1429 2372 1555 2413 haus-

94 2450 191 2487 tum
206 2462 274 2486 :—

101 2551 242 2594 [Form.
263 2549 356 2590 197.]
414 2548 455 2602 E
482 2550 603 2594 Aquae
621 2549 846 2583 Cinnamomi
863 2548 959 2582 fortis
975 2549 1116 2582 unciam
1133 2559 1252 2589 unam,

476 2606 636 2640 Laudani
655 2605 798 2651 Liquidi
816 2612 934 2652 guttas
951 2607 1076 2651 viginti
1093 2607 1247 2650 quinque
1261 2619 1268 2645 3

287 2665 421 2705 Misce3
439 2664 500 2698 fiat
516 2664 680 2698 haustus:

99 2766 173 2821 qui
201 2780 326 2821 porro
357 2765 612 2820 repetendus
643 2770 707 2806 est
736 2765 815 2816 bis,
846 2770 924 2816 ter,
956 2765 1022 2806 vel
1052 2765 1216 2819 saepius
1247 2765 1292 2806 in
1323 2765 1403 2816 die,
1426 2766 1560 2808 donec

99 2834 362 2876 vomituritio
393 2840 435 2875 et
466 2834 586 2875 dolor
614 2833 786 2888 penitus
816 2833 1070 2875 cessaverint
1087 2851 1098 2884 ς
1150 2838 1277 2887 atque
1310 2835 1438 2875 etiam
1468 2835 1560 2876 istis

124 2928 142 2949 Ρ
168 2919 216 2951 Cf.
235 2921 338 2950 Sched.
358 2920 466 2950 Monit.
486 2921 510 2949 Ι.
529 2921 543 2958 ᾗ
563 2921 602 2949 30
619 2929 665 2959 sq.
711 2924 728 2947 (1
754 2919 802 2950 Cf.
821 2919 911 2950 form.
933 2921 1004 2950 112.
1055 2923 1068 2940 ¹¹
1092 2920 1311 2961 Sin—pateat]
1330 2931 1393 2952 om.
1409 2921 1458 2952 ed.
1476 2923 1539 2953 ¹93.
