1985 3308
273 144 796 188 OBSERVATIONUM
826 145 1206 188 MEDICARUM
1238 157 1271 191 Ι.
1297 164 1331 194 5.
1465 150 1521 190 93

65 252 245 306 longum
264 255 445 305 tempus,
466 265 600 304 usque
629 251 732 292 dum
759 252 943 305 perfecte
973 252 1246 293 convaluerit.
1316 253 1411 292 Hac
1435 266 1522 292 me·
1564 264 1701 296 Fssnnns

66 320 200 361 thodo
234 320 445 369 humores,
485 319 556 371 qui
589 319 634 359 in
674 320 754 360 hoe
784 319 932 360 morbo
963 320 1118 360 mentis
1150 334 1289 360 arcem
1319 320 1523 373 impetere
1542 307 1724 380 sffssfflffissm

67 388 263 437 solerent,
298 387 454 427 sensim
486 387 533 426 in
572 386 791 428 inferiores
831 386 951 428 sedes
992 387 1247 437 dilabentur,
1282 387 1365 427 alia
1405 386 1524 439 quasi
1570 393 1701 423 'fil-¹64.

66 454 176 510 ῥοπῇ
197 454 255 494 eis
276 453 464 494 inducta.

131 521 239 574 [59]
277 520 439 561 Diebus
472 534 497 560 a
531 521 784 574 purgatione
817 520 961 562 liberis
1001 535 1076 575 per
1116 525 1257 562 totum
1299 520 1524 560 decursum

67 588 294 630 electuario
315 588 521 641 sequenti,
542 589 608 629 vel
629 589 710 630 alio
731 589 1041 630 medicamento
1057 588 1206 630 eadem
1226 588 1384 630 virtute
1405 601 1523 642 prae-

67 656 169 706 dito,
190 660 339 697 utatur
354 672 424 696 :—

69 744 202 790 [Fortu.
224 744 294 788 18.]
346 742 387 793 R
426 745 622 779 Conservae
640 745 814 779 Absinthii
834 745 996 787 Romani,

419 802 648 847 [Conservae]
668 803 813 844 Ambos,

416 859 607 893 Theriacae
624 860 872 900 Andromachi,
889 870 956 894 ana
974 860 1113 894 unciam
1131 871 1250 901 unam,

416 917 613 950 Conscrvac
631 917 810 950 flavedinis
828 917 1087 958 Aurantiorum,

415 974 605 1018 Angelieae
623 974 792 1015 conditae,

415 1031 527 1064 Nucis
553 1031 757 1065 Moschatae
782 1031 953 1071 conditae,
972 1042 1040 1064 ana
1065 1031 1291 1071 semunciam,

414 1098 493 1120 cum
512 1089 706 1131 quantitate
725 1088 916 1121 sufficiente
936 1088 1062 1132 Syrupi
1080 1088 1390 1132 Caryophyllorum
1407 1101 1414 1127 3

252 1143 333 1178 Fiat
350 1144 593 1178 electuarium:
630 1145 746 1189 capiat
768 1145 811 1178 ad
833 1145 1115 1189 magnitudinem
1141 1145 1239 1178 nucis
1256 1145 1454 1179 moschatae
1471 1146 1525 1180 bis

251 1202 288 1234 in
314 1201 380 1242 die,
397 1200 649 1245 superbibendo
670 1201 874 1235 haustulum
892 1202 963 1235 vini
982 1201 1161 1243 Canai-ini,
1179 1202 1235 1234 cui
1252 1200 1383 1236 suerint
1399 1202 1524 1247 frigide
1543 1211 1654 1242 Febris

248 1257 357 1291 infusi
376 1256 480 1291 flores
500 1257 714 1302 Paralyseos.
1543 1254 1703 1326 Ctontinlua

1541 1307 1559 1325 a
1576 1306 1637 1336 que
1673 1307 1710 1326 n-

129 1331 238 1385 [60.]
277 1331 423 1372 Febris
460 1331 677 1373 Continua
708 1335 834 1385 atque
865 1331 1211 1373 Intermittentes
1254 1346 1356 1386 quas
1398 1346 1524 1386 supra
1542 1340 1719 1387 tennitten-

65 1398 360 1452 descripsimus
392 1399 469 1440 soli
496 1399 627 1440 ferme
659 1404 780 1440 erant
804 1400 943 1441 morbi
971 1400 1204 1453 epidemici,
1228 1399 1312 1453 qui,
1342 1399 1523 1440 durante
1542 1382 1728 1463 ss‘ssssfflffede‘

63 1465 137 1507 illa
176 1466 483 1508 constitutione
525 1481 632 1520 quae
663 1481 739 1521 per
774 1481 908 1509 annos
944 1468 1067 1518 1661,
1096 1467 1220 1517 1662,
1255 1467 1380 1516 1663,
1412 1467 1523 1506 1664
1543 1465 1714 1496 SOIiffflne

63 1533 283 1587 regnabat,
309 1535 542 1575 emicuere:
575 1539 678 1588 quot
698 1539 811 1575 retro
842 1535 965 1575 annis
987 1549 1086 1575 eum
1111 1534 1385 1575 obtinuerant
1406 1534 1521 1587 priu-
1539 1513 1727 1590 {issgissffs

63 1602 263 1655 cipatum,
285 1615 374 1643 non
393 1602 531 1642 habeo
553 1602 714 1651 dicere3
745 1602 791 1642 id
811 1607 925 1643 certo
947 1602 1044 1653 scio,
1063 1602 1175 1656 quod
1196 1601 1248 1643 ab
1271 1615 1382 1643 anno
1407 1602 1518 1642 1664<
1536 1593 1711 1666 {Iiu‘llgfflffff

64 1668 118 1709 ad
148 1683 310 1710 annum
349 1684 484 1724 usque
522 1671 657 1711 1677Χ
687 1669 925 1711 rarissimae
965 1670 1139 1711 omnino
1175 1668 1362 1710 Londini
1401 1682 1512 1709 eom-
1529 1660 1728 1726 ’62‚'’63‚'6i‚

59 1750 250 1790 paruere·
1535 1730 1704 1752 emlcuere.

128 1806 236 1859 [61.]
273 1806 516 1847 Dicendum
543 1805 649 1846 mihi
677 1805 806 1846 etiam
837 1809 927 1846 erat
959 1804 1011 1846 de
1040 1803 1237 1854 Variolis,
1271 1803 1517 1857 qualesnam
1535 1773 1725 1846 ffifdeldi-ab

64 1873 223 1915 scilicet
250 1879 372 1915 erant
401 1874 507 1915 istae
539 1888 645 1927 quae
675 1878 769 1915 tum
795 1873 1116 1926 contingebant,
1144 1876 1340 1926 respectu
1371 1871 1518 1912 habito
1536 1859 1723 1941 ᾗὲᾳὲῗέἷζξ]

63 1941 118 1982 ad
139 1942 488 1983 constitutionem
509 1942 626 1982 illam
639 1959 650 1991 3
683 1941 1027 1994 quandoquidem
1053 1941 1115 1993 (ut
1132 1941 1223 1994 jam
1246 1939 1299 1993 [c.
1324 1941 1361 1979 1.
1385 1943 1405 1992 §
1429 1938 1516 1993 16.]
1534 1944 1714 1993 ra1-issin3ae

66 2009 357 2062 subindicavi‚)
389 2010 502 2050 vario
525 2008 755 2049 admodum
787 2022 830 2049 se
859 2008 1021 2049 habent
1042 2008 1169 2048 modo
1190 2022 1265 2061 pro
1285 2007 1400 2048 varia
1420 2021 1517 2048 con·
1537 1986 1677 2069 3³32?

65 2077 288 2118 stitutione
311 2092 393 2131 qua
422 2077 664 2117 incessunt:
699 2076 772 2116 sed
803 2090 901 2116 cum
925 2090 1012 2116 non
1045 2076 1146 2116 satis
1178 2079 1342 2116 attente
1375 2088 1449 2128 per
1474 2074 1519 2114 id
1535 2081 1638 2135 mer&
1677 2125 1684 2131 ι

65 2145 266 2199 temporis
289 2145 479 2185 animum
503 2144 557 2185 ad
578 2158 647 2184 cas
670 2143 907 2197 adjecerim,
922 2143 1071 2183 missas
1089 2143 1179 2196 jam
1200 2142 1331 2183 facio:
1360 2142 1404 2181 id
1424 2146 1518 2182 tan·
1536 2123 1721 2205 ffsehlujqff‘

64 2217 160 2254 tum
180 2213 346 2253 tradam
367 2213 450 2253 illis
470 2212 694 2266 peculiare,
718 2211 828 2265 quod
851 2211 1021 2260 scilicet,
1044 2210 1094 2250 iis
1117 2210 1238 2250 annis
1263 2208 1519 2259 labentibus,
1539 2210 1693 2280 fflifitsim-

65 2281 144 2322 sub
165 2281 289 2322 initio
312 2280 420 2321 Maii
441 2279 774 2321 confertissimae
794 2278 1066 2329 invadebant,
1090 2276 1405 2332 supervenienti
1424 2290 1521 2317 vero
1538 2294 1703 2324 nonnulla.

66 2349 394 2403 epidemicorum
416 2348 730 2389 autumnalium
753 2347 916 2388 cohorti
937 2347 1132 2399 (Febrem
1148 2346 1241 2386 volo
1259 2345 1520 2385 Continuam

65 2421 192 2470 atque
213 2416 587 2468 Intermittentes,)
613 2417 754 2456 locum
777 2416 874 2456 dare
903 2414 1108 2455 solebant.
1171 2414 1226 2453 In
1250 2413 1521 2466 pustularum

67 2485 311 2525 summitate
337 2485 523 2525 foveolae
555 2483 763 2538 quaedam
796 2483 850 2523 ad
877 2482 1012 2522 instar
1042 2481 1231 2535 capitum
1264 2480 1521 2520 anicularum

65 2552 280 2593 minorum
309 2552 558 2606 plerumque
586 2551 887 2600 subsidebant,
921 2554 1047 2604 atquc
1077 2550 1123 2590 in
1155 2549 1335 2589 discreto
1367 2561 1520 2601 genere

64 2633 191 2673 aeger
220 2625 366 2662 octavo
396 2634 594 2661 maxume
625 2620 693 2660 die
722 2619 1043 2673 periclitabatur
1058 2635 1069 2667 ;
1103 2631 1185 2671 quo
1214 2622 1418 2670 tempore,
1448 2616 1519 2656 ab·

65 2692 191 2742 rupto
219 2688 446 2742 derepente
475 2688 547 2741 qui
575 2687 794 2740 hucusque
824 2687 1112 2727 dimanavcrat
1140 2685 1224 2725 sive
1253 2683 1405 2724 sudore
1435 2683 1520 2724 sive

65 2756 248 2807 madore,
286 2761 460 2797 externa
501 2755 812 2805 exarescebant,
850 2768 929 2795 nec
962 2753 1145 2794 revocari
1185 2756 1352 2806 poterat
1392 2750 1521 2792 sudor

109 2866 124 2880 ¹
146 2873 253 2893 annum
274 2874 363 2902 nsque
390 2863 487 2903 1677]
512 2866 586 2893 Imm·
604 2875 692 2903 usquc
709 2875 763 2902 qun
867 2867 878 2885 >¹
904 2861 1028 2900 [annum
1047 2871 1137 2899 usqne
1154 2858 1223 2898 ’77]
1248 2861 1324 2888 hunc
1349 2868 1439 2897 usque
1463 2868 1517 2886 αη-

68 2906 138 2935 haec
154 2907 266 2935 edimus
279 2906 325 2935 ed.
345 2906 404 2938 70.
825 2917 890 2934 num
909 2916 964 2943 quo
981 2906 1052 2933 hacc
1068 2905 1181 2933 edimus
1197 2901 1268 2932 edd.
1287 2902 1349 2936 76,
1369 2902 1431 2931 ’85.
