1985 3308
607 239 892 272 DOCTISSIMO
916 240 1031 270 VIRO

435 334 724 383 THOMAE
780 334 1027 393 sHORT,
1070 333 1193 380 MJ).

617 460 712 482 com..
731 460 815 482 MED.
833 460 937 481 LOND.
955 459 1024 481 SOC-

148 553 249 594 EN
264 554 366 603 Tibi,
389 554 690 595 Humanissime
716 556 799 603 Vir,
826 555 1109 596 Tractatulum
1124 555 1171 594 de
1191 554 1384 608 Podayra
1400 560 1438 594 et
1455 554 1548 608 Hy-

89 622 222 676 drope,
246 623 326 662 loco
350 625 547 677 spissioris
577 624 784 663 voluminis
805 625 911 678 quod
938 625 1071 664 animo
1101 624 1388 663 destinaveram
1402 641 1416 671 ‚·
1448 623 1550 662 His-

91 692 234 731 toriam
265 691 437 744 intelliqo
467 691 703 731 Morbos-mn
745 690 1043 739 Cleronicorum,
1077 703 1211 730 eorum
1242 691 1410 729 maxime
1440 690 1548 728 circa

90 773 187 814 quos
218 773 304 798 mea
338 759 490 798 Pravis
512 760 763 812 potissimum
803 765 960 798 versata
1000 765 1066 798 est.
1135 758 1237 799 Cum
1276 773 1366 798 vero
1401 771 1551 797 omnem

90 827 291 881 coyitandi
323 828 402 866 vim
437 833 554 881 atque
581 841 711 866 omnes
746 842 883 866 nervos
922 827 984 866 liis
1024 827 1139 866 rebus
1164 826 1259 879 plus
1292 827 1390 866 satis
1421 827 1550 865 inten-

90 896 227 944 dendo,
273 896 505 934 atrociorem
550 895 757 948 podaqrae
801 909 1088 949 parooeysmum
1129 895 1228 934 milii
1274 894 1546 933 accersit-erim

90 978 210 1018 quam
232 977 308 1017 quo
328 963 432 1003 alias
451 963 518 1016 (ut
528 962 842 1017 puto,)fueram
865 962 1142 1008 mulctandus;
1178 975 1238 1000 res
1258 962 1347 1014 ipsa
1369 960 1550 1000 monebat

91 1038 137 1071 ut
162 1032 237 1073 lias
267 1032 557 1071 lucubrationes
587 1030 651 1070 vel
682 1031 828 1069 invitus
852 1043 1050 1082 ponerem,
1083 1035 1120 1068 et
1150 1029 1247 1067 milii
1276 1027 1434 1067 tandem
1464 1027 1548 1080 ipse

91 1100 341 1148 consulerem,
378 1100 447 1138 lios
479 1104 634 1138 tantum
675 1097 826 1137 morbos
864 1097 962 1136 duos
1002 1096 1279 1150 quadantenus
1311 1094 1549 1147 eoepedivisse

90 1173 303 1207 contentus.
373 1166 535 1216 Quoties
562 1167 663 1205 enim
690 1165 747 1204 ad
771 1165 866 1203 liaec
896 1163 1032 1203 studia
1063 1177 1123 1202 me
1153 1161 1402 1215 recipiebam,
1435 1161 1546 1199 toties

91 1240 130 1274 et
151 1234 338 1288 poda-ora
370 1233 607 1272 recurrebat.
669 1232 762 1271 Hoc
791 1233 924 1286 itaque
954 1232 1092 1284 operis,
1115 1229 1232 1284 quale
1256 1228 1373 1283 quale
1393 1228 1550 1267 demum

90 1302 136 1342 id
156 1308 224 1350 est,
246 1303 422 1355 accipere
445 1301 630 1355 diqneriS,
652 1300 759 1354 quod
786 1299 879 1338 Tibi
904 1299 1059 1338 duabus
1082 1298 1333 1351 potissimum
1354 1296 1401 1335 de
1421 1296 1552 1334 causis

90 1370 305 1410 dicandum
336 1384 491 1408 censeo:
524 1368 723 1415 Primum,
752 1367 858 1421 quod
886 1381 1023 1406 earum
1051 1379 1153 1420 quas
1159 1367 1253 1418 jam
1279 1364 1369 1403 olim
1391 1365 1432 1402 in
1450 1363 1552 1416 pub-

92 1438 211 1478 licum
240 1437 330 1476 dedi
358 1437 683 1483 observationum,
705 1450 731 1474 a
759 1435 993 1488 quibusdam
1024 1434 1309 1486 despectarum,
1342 1431 1550 1470 utilitatem

91 1506 282 1560 aliquam,
314 1518 391 1544 non
421 1509 576 1543 tantum
608 1518 667 1542 me
699 1517 832 1542 coram
864 1507 983 1556 atque
1012 1502 1054 1540 in
1085 1515 1138 1548 os,
1170 1499 1239 1539 sed
1266 1500 1385 1538 etiam
1416 1512 1551 1537 coram

91 1573 194 1621 aliis,
212 1586 422 1626 aynoscere
435 1577 553 1626 atque
569 1585 740 1611 asserere
757 1570 889 1610 nullus
905 1570 1146 1608 dubitaveris
1153 1583 1168 1616 ‚-
1200 1567 1370 1615 Deinde,
1385 1567 1492 1621 quod
1505 1581 1551 1606 ex

90 1642 229 1696 aliqua
259 1641 535 1681 consuetudine
564 1654 685 1694 quam
716 1645 895 1679 mutuam
926 1638 1149 1685 habuimus,
1182 1636 1345 1676 consilia
1372 1636 1414 1674 in
1447 1649 1551 1674 com-

92 1724 207 1750 mune
231 1723 311 1763 pro
342 1723 553 1762 aeyrorum
589 1708 798 1747 commodis
831 1707 1082 1760 conferentes,
1119 1720 1187 1760 eqo
1223 1705 1358 1744 Tuum
1389 1704 1550 1758 gremium

90 1779 409 1833 deprehenderim
439 1778 496 1817 ad
512 1778 674 1817 Praoein
696 1777 901 1817 Medicam
932 1777 1114 1830 apprime
1126 1776 1321 1828 factum,·
1355 1774 1548 1828 quodque,

93 1849 250 1888 tametsi
268 1847 450 1886 doctrina
471 1848 597 1886 omnis
616 1846 772 1900 ¹qeneris
791 1844 1043 1892 inclarescas,
1075 1843 1134 1882 Te
1154 1849 1285 1883 tamen
1306 1841 1474 1881 Natura
1495 1840 1552 1880 ad

92 1930 159 1955 eas
185 1916 320 1968 potius
354 1913 590 1954 subtilitates
624 1913 942 1952 determinaverit
975 1925 1077 1965 quae
1108 1925 1127 1950 e
1157 1911 1284 1964 praxi
1313 1914 1547 1955 nascuntur,

92 1997 212 2038 quam
229 1982 286 2022 ad
304 1984 441 2021 inanes
460 1981 742 2034 speculationes
754 1993 931 2033 3-quae
950 1979 1028 2018 duo
1049 1978 1161 2017 haud
1179 1978 1324 2016 minori
1342 1975 1550 2016 intervallo

93 2065 119 2090 a
139 2065 180 2089 se
199 2051 362 2089 invicem
393 2049 554 2096 distant,
577 2062 698 2102 quam
729 2048 951 2101 sapientum
976 2060 1038 2085 res
1066 2045 1192 2084 seriae
1212 2059 1261 2084 ac
1283 2045 1449 2083 maximi
1467 2057 1550 2082 mo-

93 2119 214 2157 menti
240 2132 267 2157 a
292 2117 550 2172 puerulorum
582 2116 674 2156 ludo
703 2130 752 2155 ac
782 2114 1007 2168 crepundiis
1033 2113 1374 2159 disterminantur,
1397 2116 1435 2150 et
1454 2111 1550 2162 for-

94 2193 198 2228 tasse
227 2185 327 2240 (nisi
355 2200 415 2226 me
432 2187 560 2239 fallit
587 2186 803 2225 observatio
824 2181 944 2237 mea,)
960 2195 1131 2235 perraro
1161 2182 1203 2220 in
1233 2181 1362 2220 eodem
1383 2179 1551 2231 subjecto

93 2256 337 2295 conveniunt.
420 2254 534 2304 Quae
576 2254 669 2293 Tua
700 2253 912 2307 sayacitas,
936 2253 1085 2304 juncta
1113 2249 1402 2303 opportunitati
1430 2261 1550 2302 quam

102 2323 197 2363 Tibi
228 2323 496 2376 suppeditavit
526 2324 661 2376 inqens
696 2320 1016 2362 medicandorum
1051 2320 1165 2372 copia
1199 2318 1256 2357 acl
1288 2319 1551 2371 experimenta

94 2390 342 2438 stabilienda,
385 2390 443 2429 Te
481 2391 537 2430 ad
566 2392 678 2430 Artis
710 2395 867 2429 nostrae
886 2388 1104 2443 fastiyium
1136 2387 1287 2434 evexit;
1327 2391 1365 2424 et
1397 2399 1551 2424 morum

95 2461 260 2499 comitas
279 2473 414 2498 versus
434 2474 564 2499 omnes
584 2459 698 2499 haud
715 2458 893 2512 vulyaris
913 2457 1247 2504 eoeistimatz‘onem,
1269 2469 1388 2510 quam
1411 2460 1552 2495 nactus

95 2541 146 2574 es,
156 2526 288 2579 facile
308 2527 490 2566 tuebitur.
533 2527 582 2566 Si
601 2541 704 2582 quae
724 2527 807 2566 lieic
827 2526 1006 2572 disserui,
1030 2538 1150 2578 neque
1182 2523 1285 2571 Tibi,
1308 2524 1374 2562 cui
1393 2524 1469 2562 ista
1490 2523 1552 2562 in-

94 2594 233 2642 scribo,
256 2608 325 2633 nec
340 2595 486 2648 paucis
506 2594 598 2642 illis,
619 2600 665 2634 at
692 2600 891 2647 spectatae
904 2593 1118 2646 probitatis
1148 2592 1257 2639 viris,
1279 2604 1376 2644 quos
1405 2591 1552 2629 amicos

95 2661 228 2710 liabeo,
250 2663 343 2701 vitio
373 2662 467 2701 dari
489 2664 655 2716 possint,
678 2662 790 2702 haud
817 2661 984 2700 multum
1012 2661 1111 2700 alios
1132 2659 1326 2706 morabor,
1350 2659 1422 2712 qui
1440 2657 1552 2698 nulla

96 2730 179 2770 alia
199 2730 247 2770 de
267 2744 390 2770 causa
412 2731 510 2770 milii
528 2731 785 2784 infensissimi
803 2735 907 2777 sunt,
930 2730 1009 2768 nisi
1027 2729 1133 2783 quod
1151 2727 1267 2767 aliter
1287 2732 1368 2766 tam
1389 2726 1437 2765 de
1456 2727 1553 2779 ipsis

95 2799 239 2838 morbis
259 2813 379 2853 quam
410 2799 457 2838 de
487 2814 618 2839 eorum
651 2799 920 2838 curationibus
945 2799 1123 2846 sentiam,
1147 2803 1265 2851 atque
1285 2795 1344 2836 illi
1367 2797 1548 2836 sentiant.

105 2865 224 2916 Quod
252 2874 297 2907 ut
322 2870 379 2907 ita
411 2883 487 2908 non
503 2869 640 2920 fieret,
657 2882 777 2922 penes
807 2882 866 2907 me
891 2865 999 2907 nullo
1029 2867 1142 2906 modo
1153 2867 1274 2919 fuit,·
1305 2865 1466 2920 quando
1495 2866 1552 2904 sic
