1985 3308
422 560 713 592 AMPLISSIMO
739 559 1127 593 DOCTISSIMOQUE
1145 559 1262 590 VIRO

427 667 725 718 ROBERT
768 667 1042 728 BRADY,
1086 667 1244 729 M.D.,

295 790 540 842 COLLEGH
567 790 1113 826 CAlo-GONEVILLENSIS
1140 788 1375 829 01151001,

145 902 361 934 NEC—NON
386 904 537 936 REGIO
564 904 616 934 IN
642 903 887 934 MEDICINA
912 902 1041 933 APUD
1067 900 1518 934 CANTABRIGIENSES

484 997 722 1023 PROFESSORI
744 996 874 1023 LONGE
895 995 1190 1021 CELEBERRIMO.

165 1122 244 1163 ME
276 1129 403 1175 certe,
428 1124 507 1165 Vir
538 1123 872 1174 Humanissime,
900 1123 934 1163 si
965 1123 1067 1178 quid
1096 1124 1143 1164 in
1169 1122 1415 1164 morborum
1443 1136 1564 1163 cura-

106 1190 224 1232 tione
247 1193 474 1246 profecero,
497 1193 550 1233 ad
575 1207 701 1234 omne
728 1192 773 1232 id
797 1191 927 1232 cuivis
953 1191 1204 1244 efflagitanti
1230 1190 1564 1245 impertiendum

105 1272 206 1312 prae
227 1261 415 1311 caeteris,
434 1261 506 1314 qui
527 1275 643 1301 nunc
660 1265 760 1300 sunt
781 1259 987 1309 homines,
1006 1259 1255 1300 facillimum
1277 1272 1367 1299 esse
1388 1258 1564 1299 omnino

104 1340 180 1380 par
201 1332 288 1368 est:
322 1328 357 1368 si
378 1329 493 1368 enim
514 1342 564 1369 ea
583 1333 755 1369 tantum
783 1328 889 1368 mihi
909 1327 1182 1368 innotescant
1199 1341 1306 1380 quae
1327 1330 1370 1367 et
1390 1326 1565 1379 reliquis

103 1395 367 1447 mortalibus,
395 1396 521 1450 (quod
552 1396 659 1437 mihi
690 1397 785 1450 plus
813 1395 915 1436 satis
943 1395 1139 1447 constat,)
1164 1395 1283 1435 nullo
1310 1399 1434 1448 pacto
1459 1394 1566 1435 mihi

104 1462 289 1504 obfuerit
319 1464 549 1505 levidensia
578 1465 660 1505 ista
691 1469 733 1505 et
765 1478 787 1504 e
817 1463 952 1504 triviis
983 1463 1209 1516 desumpta
1239 1462 1436 1515 evulgare
1449 1479 1461 1512 5
1498 1462 1566 1503 sin

104 1536 248 1572 autem
262 1537 478 1573 assecutus
496 1533 575 1573 sim
597 1532 756 1586 aliquid
777 1531 890 1585 quod
911 1545 933 1572 e
956 1532 1019 1571 Re
1032 1530 1205 1571 Medica
1217 1530 1285 1580 sit,
1302 1534 1345 1571 et
1366 1529 1419 1571 ad
1441 1530 1565 1570 certi-

104 1613 221 1640 orem
236 1600 483 1641 morborum
499 1599 747 1653 therapeian
760 1599 900 1649 faciat,
915 1613 1004 1639 non
1019 1602 1108 1639 tam
1124 1598 1232 1638 mihi
1245 1597 1363 1638 laudi
1378 1597 1564 1650 dabitur,

104 1681 232 1720 quam
257 1667 348 1708 aliis
374 1668 547 1709 daretur
573 1667 846 1721 quibuslibet,
872 1680 922 1707 ea
945 1666 991 1706 in
1016 1667 1154 1707 lucem
1184 1680 1455 1720 expromere,
1489 1665 1564 1720 qui

104 1740 146 1776 et
168 1750 193 1776 a
212 1736 399 1790 podagra
414 1736 505 1790 jam
526 1736 578 1777 ab
601 1735 724 1776 annis
745 1736 839 1789 plus
855 1735 997 1775 minus
1010 1734 1190 1787 triginta
1201 1740 1230 1785 ³,
1245 1739 1288 1776 et
1305 1735 1466 1775 calculo
1488 1735 1563 1775 diu

105 1804 213 1844 male
235 1805 456 1855 multatus,
478 1804 599 1845 facile
620 1818 789 1844 mecum
810 1808 962 1856 reputo
989 1817 1116 1856 quam
1138 1803 1246 1844 serio
1272 1803 1502 1856 gauderem
1528 1803 1563 1843 si

105 1873 218 1927 quod
256 1873 361 1913 meis
408 1872 528 1912 malis
567 1872 761 1912 levamen
807 1872 986 1912 aliorum
1026 1871 1184 1911 indicio
1228 1871 1361 1925 possit
1408 1871 1562 1912 afferri.

112 1941 191 1994 [2.]
234 1941 345 1981 Cum
386 1944 529 1980 autem
568 1939 832 1992 paucissimis
877 1939 1030 1992 ingens
1076 1939 1184 1979 illud
1223 1938 1493 1992 privilegium
1539 1953 1565 1980 a

106 2008 226 2050 DEO
244 2008 418 2061 Optimo
434 2007 625 2047 Maximo
642 2006 911 2056 concedatur,
928 2011 977 2046 ut
998 2005 1168 2059 publico
1185 2006 1405 2046 commodo
1421 2006 1500 2046 hac
1517 2006 1563 2046 in

104 2090 149 2117 re
177 2075 377 2116 inservire
406 2079 577 2128 queant,
604 2074 738 2127 iisque
766 2079 936 2114 tantum
965 2073 1118 2127 quibus
1144 2087 1166 2114 e
1196 2073 1407 2114 “meliore
1434 2074 1560 2114 luto'’

104 2158 231 2198 quam
258 2143 364 2183 1111111
395 2142 556 2182 “finxit
586 2141 829 2195 praecordia
849 2141 1018 2191 Titan,''
1055 2141 1227 2194 [Juven.
1251 2141 1340 2182 Sat.
1362 2141 1443 2182 xiv.
1464 2141 1556 2195 34]

103 2212 210 2253 votis
240 2210 453 2265 agendum
482 2215 558 2260 est,
586 2210 699 2263 quod
726 2223 871 2262 reapse
899 2209 1099 2249 effectum
1127 2208 1225 2249 dare
1252 2223 1340 2249 non
1368 2209 1470 2250 satis
1497 2215 1562 2250 est

102 2280 267 2321 virium.
332 2279 507 2332 Semper
542 2279 655 2318 enim
692 2277 927 2318 existimavi
967 2277 1119 2330 (neque
1153 2277 1198 2317 id
1239 2277 1329 2317 sine
1363 2277 1558 2331 ratione‚)

103 2348 273 2402 majoris
304 2361 393 2388 esse
427 2346 655 2397 felicitatis,
687 2350 845 2386 certam
876 2345 942 2385 vel
976 2344 1175 2385 levissimi
1211 2345 1388 2398 alicujus
1423 2345 1561 2385 morbi

105 2415 345 2456 debellandi
365 2415 614 2455 methodum
642 2414 777 2467 aegris
804 2412 1054 2454 mortalibus
1081 2412 1326 2466 prodidisse,
1349 2427 1476 2466 quam
1496 2413 1562 2454 vel

110 2484 271 2523 Tantali
320 2482 448 2536 (quod
492 2482 642 2534 aiunt,)
691 2482 758 2522 vel
807 2482 946 2522 Croesi
992 2481 1213 2521 thesauros
1260 2481 1560 2522 accumulasse.

102 2552 339 2592 Feliciorem
373 2550 452 2591 hoc
486 2550 609 2591 illum
641 2550 740 2600 dixi,
775 2550 912 2590 dicam
947 2554 990 2590 et
1023 2550 1226 2589 meliorem
1256 2550 1559 2601 sapientiorem-

104 2633 178 2672 qzce
192 2637 203 2658 .·
238 2618 351 2672 quod
377 2619 492 2659 enim
512 2618 684 2659 uberius
707 2623 749 2659 et
771 2617 1002 2671 sapientiae
1023 2623 1065 2658 61
1082 2617 1286 2658 bonitatis
1308 2631 1407 2658 suae
1429 2618 1560 2671 speci-

102 2701 203 2728 men
236 2687 328 2741 quis
363 2692 502 2741 potest
536 2687 671 2737 edere,
705 2700 845 2740 quam,
878 2700 975 2726 611111
1009 2699 1052 2726 se
1088 2700 1109 2726 6
1140 2686 1358 2726 communi
1393 2686 1559 2739 generis

102 2756 279 2797 humani
301 2762 457 2796 natura
477 2755 665 2796 decisum
688 2754 1010 2804 animadvertat,
1029 2768 1078 2794 ea
1098 2767 1205 2807 quac
1226 2754 1400 2795 molitur
1416 2755 1560 2795 omnia

103 2823 156 2865 ad
175 2824 388 2879 publicam
410 2824 545 2878 magis
568 2823 759 2864 omnium
782 2823 1025 2872 utilitatem,
1048 2837 1175 2876 quam
1197 2823 1249 2863 ad
1272 2837 1391 2864 suam
1412 2822 1558 2878 ipsius,

618 2917 631 2932 ⁸
656 2909 705 2940 (fs.
728 2910 827 2939 Tracl.
845 2910 869 2938 I.
888 2910 920 2947 §Q
944 2909 968 2942 l,
988 2909 1037 2940 70.
