1985 3308
355 161 438 201 362
770 159 1027 201 ΤΗΟΜΑΕ
1060 158 1401 200 SYDENHAM

156 277 208 306 In:
228 276 338 305 vAm-
357 280 454 306 vero
489 266 600 306 idem
641 266 826 306 amicitia
865 266 968 306 mihi
1009 265 1061 305 sit
1103 263 1484 317 conjunctissimus,
1522 267 1682 315 quanto
1717 276 1815 303 cum

154 318 340 391 ‘’ssfigss'ff
359 334 489 374 animi
519 334 712 388 prolubio
743 340 783 374 et
817 334 981 374 veritati
1015 338 1057 373 et
1090 332 1179 372 Viri
1213 330 1508 371 Amantissimi
1541 330 1677 371 famae
1712 331 1817 370 mihi

359 402 570 443 litandum
596 402 715 442 erat?
770 401 853 441 Hic
881 401 994 441 enim
1015 401 1084 440 ille
1111 405 1187 448 est,
1211 398 1295 451 qui,
1317 412 1411 438 cum
1434 398 1557 451 pauci
1587 398 1817 439 admodum

360 484 428 510 me
441 470 507 511 vel
522 469 748 510 minimum
766 469 866 522 quid
887 469 931 508 in
947 469 1009 508 Re
1026 467 1196 507 Medica
1218 466 1301 506 sive
1317 465 1571 518 indaganda,
1589 465 1673 506 sive
1690 466 1818 507 etiam

360 538 600 588 excolenda,
624 537 846 591 profecisse
872 549 1055 576 asserere
1077 534 1294 583 auderent,
1317 533 1618 574 maledicorum
1639 533 1820 574 torrenti

360 619 403 646 se
424 606 611 646 medium
632 604 812 657 objicere
835 603 1046 652 sustinuit,
1070 606 1196 654 atque
1225 615 1293 641 me
1313 601 1405 654 pari
1426 601 1514 642 zelo
1536 616 1583 642 ae
1605 602 1686 642 fide
1707 607 1819 642 tuta-

361 675 497 724 batm·,
531 687 612 726 quo
643 678 863 726 parentem
894 671 1018 710 filius.
1081 669 1408 711 Quantumlibet
1441 675 1583 710 autem
1614 670 1820 710 beneficio

360 748 449 782 tam
479 740 636 793 insigni
667 739 897 787 dexinetus,
929 751 1151 791 nunquam
1181 742 1326 777 tamen
1357 736 1440 776 nisi
1475 751 1544 778 eas
1576 752 1678 791 quas
1709 752 1820 778 com-

362 809 515 850 meruit
546 808 693 848 laudes
724 806 1022 860 praedicarem,
1049 819 1146 846 cum
1176 804 1351 858 perinde
1381 804 1468 845 fere
1499 805 1551 845 sit
1581 805 1821 859 improbum

363 878 446 917 sive
477 871 816 929 opprobrio'sive
846 873 1090 914 laudatione
1124 873 1322 926 indignos
1354 872 1530 923 afficere,
1561 873 1821 927 quandoqui-

365 945 461 986 dem
482 944 681 996 utrinque
703 957 726 982 a
747 942 922 982 veritate
952 941 1203 981 discedatur.
1264 940 1406 981 Nemo
1427 941 1568 994 itaque
1596 941 1699 981 mihi
1719 941 1822 982 vitio

365 1019 513 1063 vertat,
537 1013 571 1053 si
598 1012 750 1052 Virum
781 1012 894 1052 1111110
925 1025 1003 1064 ego
1035 1010 1197 1051 nemini
1223 1010 1336 1051 inter
1363 1024 1432 1050 eos
1458 1010 1530 1063 qui
1557 1011 1660 1051 mihi
1680 1011 1823 1052 hacte-

366 1097 447 1122 nus
463 1082 697 1130 innotuere,
715 1079 927 1134 probitate
949 1079 1181 1119 secundum
1202 1078 1384 1119 fidenter
1405 1079 1711 1129 affirmaverim,
1726 1093 1825 1119 cum

365 1151 410 1190 in
439 1155 503 1190 tot
537 1163 745 1189 annorum
778 1147 912 1201 spatio
950 1147 1101 1200 quibus
1133 1160 1182 1187 eo
1213 1146 1474 1187 familiariter
1503 1162 1605 1187 usus
1633 1147 1725 1197 sim,
1747 1161 1826 1188 nec

367 1218 480 1258 dicto
503 1230 760 1271 quemquam
781 1215 960 1265 laedere,
984 1220 1143 1268 quanto
1168 1214 1310 1254 minus
1326 1213 1450 1263 facto,
1473 1214 1553 1255 sibi
1574 1215 1823 1268 permiserit.

369 1286 591 1327 Quantum
616 1298 713 1325 vero
740 1284 786 1324 111
814 1298 863 1324 ea
891 1298 1018 1337 quam
1039 1284 1263 1337 profitetur
1290 1283 1397 1323 Arte
1418 1284 1655 1336 praecellat,
1686 1283 1827 1336 (modo

367 1354 525 1395 DEUS
548 1353 677 1393 vitam
699 1352 736 1392 ei
753 1351 1033 1403 concesserit,)
1053 1351 1170 1391 brevi
1191 1351 1290 1391 satis
1307 1351 1513 1391 elucescet
1528 1368 1540 1401 3
1570 1365 1667 1391 cum
1689 1351 1827 1392 erudi-

367 1422 474 1462 tioni
493 1421 609 1462 haud
629 1420 805 1473 vulgari,
829 1434 911 1473 qua
933 1433 1079 1460 omnes
1100 1418 1342 1459 Medicinae
1367 1423 1456 1459 tam
1479 1419 1677 1472 antiquae
1699 1433 1827 1473 quam

368 1490 596 1530 modernae
642 1492 802 1528 tractus
848 1487 1179 1541 perlustraverit,
1223 1486 1593 1540 exquisitissimam
1639 1487 1683 1527 in
1729 1487 1827 1527 sub-

367 1558 576 1598 tilioribus
611 1569 790 1609 praxeos
820 1555 1012 1595 minutiis
1057 1554 1311 1607 indagandis
1347 1554 1560 1595 solertiam
1596 1554 1701 1607 (sine
1748 1569 1830 1608 qua

370 1639 496 1666 nemo
529 1638 718 1677 unquam
755 1623 1016 1664 Medicinam
1046 1623 1199 1663 merita
1231 1636 1329 1662 011111
1364 1622 1489 1662 laude
1519 1622 1672 1674 faciet,)
1709 1626 1829 1663 catus

371 1693 588 1734 attulerit:
632 1693 745 1732 unde
773 1692 901 1732 etiam
942 1706 1163 1745 aegrorum
1203 1705 1377 1731 suorum
1406 1691 1513 1731 votis
1543 1691 1681 1732 bonus
1711 1691 1830 1732 felix-

373 1776 453 1816 que
475 1776 572 1802 cum
592 1760 739 1815 primis
760 1760 1000 1814 respondet.

166 1843 351 1884 Nonphan-
438 1830 545 1885 [56]
586 1830 705 1870 Haec
736 1828 909 1869 demum
940 1833 1039 1869 sunt
1069 1841 1175 1881 quac
1202 1828 1290 1882 ipse
1317 1827 1368 1868 de
1388 1827 1468 1869 hoc
1498 1828 1647 1870 morbo
1678 1829 1828 1880 sentio,

165 1886 339 1922 tasme’sed
376 1913 481 1952 quae
504 1912 592 1938 non
617 1896 721 1936 mihi
747 1896 955 1949 suggessit
986 1896 1235 1949 phantasiae
1265 1896 1569 1949 imaginati-icis
1599 1897 1830 1947 temeritas,

164 1930 227 2001 1¹:151?
230 1939 341 2011 1112Ῐέὶὲ
376 1966 450 2006 sed
479 1965 773 2019 phaenomena
802 1963 987 2016 practica
1017 1962 1234 2003 edocuere.
1294 1963 1448 2017 Neque
1477 1977 1577 2004 sane
1608 1963 1726 2017 capio
1759 1963 1833 2017 qui

168 2013 335 2086 Ἇῖξῇἒᾷἢῐ
376 2032 465 2073 fieri
486 2031 616 2085 possit
638 2036 686 2071 ut
707 2030 879 2070 fallatur
899 2030 947 2080 is,
971 2030 1042 2083 qui
1063 2030 1341 2083 cogitationes
1362 2045 1458 2070 suas
1479 2044 1627 2071 omnes
1646 2044 1764 2071 mera
1785 2044 1834 2072 ac

375 2100 491 2140 nuda
511 2099 601 2152 ejus
624 2098 708 2139 sive
730 2097 831 2138 artis
853 2097 937 2138 sive
950 2097 1163 2138 facultatis
1184 2098 1303 2151 praxi
1323 2098 1478 2139 limitat
1500 2103 1542 2139 et
1564 2098 1831 2149 determinat,

376 2182 502 2221 quam
536 2166 615 2207 sibi
649 2165 972 2220 perdiscendam
1008 2170 1050 2206 et
1081 2179 1181 2206 cum
1213 2165 1339 2206 laude
1376 2166 1651 2207 exercendam
1683 2180 1833 2220 propo-

377 2236 485 2284 suit3
518 2239 591 2274 aut
633 2248 654 2274 e
685 2237 845 2284 contra,
879 2233 951 2287 qui
981 2234 1112 2287 possit
1147 2234 1238 2274 fieri
1267 2240 1316 2274 ut
1347 2249 1435 2275 non
1465 2239 1555 2275 tam
1590 2234 1636 2274 in
1666 2235 1757 2288 ipso
1789 2248 1833 2275 se

378 2317 503 2356 quam
525 2303 571 2342 111
593 2302 684 2342 aliis
706 2301 965 2355 decipiendis
987 2316 1133 2342 omnes
1153 2302 1263 2342 vitae
1285 2316 1418 2342 annos
1440 2302 1636 2356 prodigat
1655 2302 1739 2353 ille,
1763 2302 1835 2356 qui

378 2372 422 2411 111
456 2371 507 2410 115
541 2369 829 2423 excogitandis
860 2383 1030 2423 operam
1060 2369 1276 2423 disperdit,
1309 2384 1416 2424 quae
1451 2385 1549 2411 cum
1579 2371 1698 2424 praxi
1726 2370 1836 2411 nihil

379 2454 549 2494 prorsus
580 2438 741 2478 habent
772 2451 1009 2479 commune.
1072 2438 1129 2478 Et
1158 2438 1282 2478 sicuti
1313 2438 1645 2493 haudquaquam
1671 2438 1835 2479 faustus

381 2509 587 2562 probusvc
608 2508 725 2548 navis
747 2508 801 2548 ad
821 2508 985 2548 clavum
1007 2507 1266 2560 gubernator
1286 2508 1411 2548 fuerit
1439 2508 1522 2559 ille,
1546 2508 1615 2561 qui
1638 2522 1726 2548 non
1746 2513 1836 2548 tam

382 2577 434 2616 ad
465 2576 607 2617 brevia
634 2582 676 2617 et
698 2591 796 2617 saxa
824 2576 1067 2617 submarina
1095 2576 1363 2629 agnoscenda
1387 2577 1679 2630 evitandaque,
1710 2589 1837 2630 quam

382 2644 434 2684 ad
455 2658 601 2684 causas
622 2644 759 2684 fluxus
787 2645 1054 2698 refluxusque
1081 2644 1209 2684 maris
1231 2645 1518 2698 speculandas,
1543 2645 1733 2685 animum
1765 2642 1839 2683 ad·-

382 2712 553 2752 verterit
566 2729 577 2762 3
611 2713 739 2766 (quod
771 2713 955 2766 quidem,
978 2726 1076 2753 cum
1100 2712 1349 2766 philosopho
1381 2712 1432 2753 sit
1455 2712 1762 2766 dignissimum,
1784 2711 1837 2752 ab

179 2785 272 2833 Pfqbi
290 2784 360 2815 Me-
383 2793 432 2819 eo
452 2786 597 2820 tamen
617 2795 821 2834 perquam
849 2786 913 2822 est
935 2781 1131 2831 alienum,
1161 2781 1228 2821 cui
1248 2780 1291 2820 id
1318 2786 1487 2821 tantum
1510 2780 1671 2834 negotii
1692 2780 1840 2820 datum

177 2828 274 2901 {¹212ssss
277 2828 324 2857 ffi'
384 2853 447 2887 est
472 2852 518 2887 ut
545 2849 661 2888 navis
691 2863 779 2890 non
810 2850 1105 2902 submergatur
1118 2850 1146 2901 ς)
1171 2849 1231 2889 ita
1260 2863 1397 2902 neque
1426 2848 1633 2898 Medicus,
1655 2847 1721 2888 cui
1750 2861 1839 2888 non

384 2915 463 2955 alia
485 2930 606 2969 quam
631 2917 913 2958 curandorum
934 2917 1181 2959 morborum
1201 2917 1413 2971 provincia
1435 2916 1686 2968 decernitur,
1706 2929 1837 2970 quan-
