1985 3308
205 282 259 312 Dr.
279 281 387 310 Vnu-

204 333 283 354 0L1s
296 324 388 353 Cox-

227 375 373 396 FLL'ENT.

408 169 494 209 350
825 170 1083 212 THOMAE
1118 169 1458 212 SYDENHAM

409 275 561 330 aliquo,
582 281 632 318 ut
661 291 910 331 pernoscere
933 278 1147 318 valeamus
1177 282 1325 317 utrum
1356 277 1468 317 dosis
1494 276 1648 317 ultima
1676 275 1722 316 id
1752 275 1866 330 quod

409 345 650 398 quaerimus
682 346 954 400 praestiterit,
990 351 1221 399 antequam
1256 359 1365 385 nova
1398 345 1632 397 ingeratur.
1699 345 1759 385 At
1791 344 1867 385 ubi

409 414 539 454 semel
578 415 708 455 finem
756 415 1020 468 propositum
1071 413 1396 463 obtinuerimus,
1433 412 1545 453 dosis
1585 412 1784 467 anodyni,
1820 412 1867 453 in

406 480 545 521 morbi
589 495 816 535 progressu
857 480 1098 530 exhibendi,
1134 480 1225 533 jam
1272 480 1412 520 minor
1451 494 1528 534 pro
1566 494 1613 521 re
1652 486 1756 521 nata
1795 480 1866 521 de-

406 549 595 589 finienda
621 549 714 589 erit.

472 617 580 671 [34]
618 617 824 670 Exempla
849 616 964 656 haud
988 629 1122 669 pauca
1147 615 1195 655 in
1218 618 1420 668 promptu
1445 614 1552 655 mihi
1577 619 1691 665 sunt,
1715 615 1868 669 quibus

407 686 466 726 eis
502 699 609 738 quae
644 685 850 725 hactenus
885 684 1043 724 tradidi
1078 683 1206 724 fidem
1234 683 1465 734 adstruam,
1498 688 1541 723 at
1580 683 1757 724 unicum
1788 684 1868 724 im-

407 753 742 806 praesentiarum
769 752 990 792 adducam.
1052 752 1212 805 Aprilis
1241 754 1308 803 13,
1331 766 1445 793 anno
1468 753 1593 802 1681,
1617 752 1825 806 quaedam
1845 767 1868 794 e

407 826 554 860 nostra
582 819 745 870 vicinia,
777 820 950 860 nomine
982 819 1144 870 Crosse,
1177 819 1231 860 ad
1261 833 1329 860 me
1365 819 1567 860 accedens
1604 825 1731 874 atque
1761 821 1868 861 flens

409 887 562 928 obnixe
596 887 718 941 petiit
754 892 802 928 ut
834 887 970 928 filium
1004 888 1095 941 ejus
1132 887 1365 927 decennem
1401 887 1576 938 adirem,
1612 889 1698 941 qui,
1737 902 1762 929 a
1802 888 1869 929 die

409 961 560 1008 quarto
587 956 696 995 male
726 956 901 1006 habens,
928 955 1111 996 Variolis
1143 957 1206 1009 (ut
1237 956 1328 1009 ipsa
1354 955 1604 1009 metuebat‚)
1634 957 1725 1010 jam
1751 955 1868 997 labo-

406 1023 541 1064 rabat.
602 1024 695 1076 Ego
724 1037 748 1063 a
773 1023 972 1077 podagra,
996 1037 1104 1077 quae
1131 1037 1198 1063 me
1223 1027 1330 1064 tunc
1356 1023 1557 1077 temporis
1585 1023 1867 1076 excruciabat,

407 1092 619 1142 detentus,
651 1092 1041 1146 Pharmacopolam,
1075 1106 1157 1146 quo
1187 1092 1251 1132 uti
1283 1092 1408 1142 soleo,
1439 1091 1584 1145 rogavi
1613 1097 1663 1132 ut
1694 1106 1870 1145 aegrum

407 1160 617 1211 inviseret,
642 1174 690 1201 ac
717 1159 824 1200 mihi
855 1160 906 1201 dc
937 1161 1027 1214 ejus
1060 1165 1176 1201 statu
1199 1159 1388 1200 referret.
1447 1160 1633 1200 Rediens
1662 1160 1733 1200 ille
1763 1160 1870 1201 mihi

408 1227 605 1278 narravit,
628 1228 750 1281 pueri
770 1233 952 1268 matrem
978 1229 1015 1281 (e
1036 1229 1180 1269 nescio
1211 1229 1333 1282 cujus
1356 1227 1630 1268 mulierculae
1661 1227 1866 1281 consilio,)

406 1296 621 1349 pulverem
657 1296 919 1346 Comitissae,
953 1301 995 1337 ct
1031 1296 1114 1337 alia
1148 1296 1346 1337 calidiora
1375 1295 1575 1346 remedia,
1606 1295 1693 1336 filio
1723 1296 1863 1350 propi-

405 1378 553 1413 nasse3
597 1364 700 1417 quin
731 1369 773 1404 et
810 1364 998 1418 stragula
1026 1365 1236 1418 adjecerat
1272 1364 1422 1404 matris
1455 1363 1737 1416 indulgentia,
1774 1363 1868 1416 (sub

405 1432 558 1485 quibus
584 1431 702 1485 quasi
728 1431 917 1472 defossus
948 1432 1107 1472 latebat
1139 1433 1292 1485 aeger,)
1318 1438 1365 1472 ut
1397 1432 1551 1471 horum
1579 1431 1767 1484 pondere
1799 1445 1867 1471 su-

404 1499 525 1539 dores
562 1499 630 1551 (ad
663 1514 778 1553 quos,
813 1514 890 1540 ceu
926 1500 978 1540 ad
1015 1514 1178 1540 sacram
1215 1500 1444 1540 anchoram
1458 1506 1490 1549 ¹¹,
1522 1499 1567 1539 in
1602 1500 1682 1540 hoc
1718 1499 1868 1540 morbo

404 1566 612 1607 foeminae
643 1567 926 1620 confugiunt,)
959 1568 1237 1621 exprimeret,
1270 1567 1323 1608 ad
1347 1568 1450 1608 haec
1480 1582 1682 1620 magnam
1711 1568 1870 1621 posseti

405 1638 581 1678 calentis
602 1638 699 1687 vim,
723 1637 895 1677 fioribus
917 1637 1162 1677 calendulae
1185 1643 1227 1677 et
1249 1651 1382 1677 cornu
1403 1637 1513 1677 cervi
1533 1637 1723 1687 incoctis,
1741 1651 1868 1691 aegro

404 1705 642 1756 infuderat,
675 1705 790 1745 unde
812 1705 991 1745 adaucto
1013 1704 1142 1744 febris
1167 1705 1316 1754 calore,
1340 1709 1506 1744 tantam
1528 1704 1746 1758 spiritibus
1767 1719 1867 1746 con-

404 1773 614 1813 fusionem
640 1773 878 1823 induxerat,
904 1778 952 1812 ut
978 1777 1146 1825 praeter
1172 1771 1349 1812 modum
1378 1772 1573 1813 deliraret
1602 1786 1739 1826 aeger,
1764 1773 1867 1814 totis

405 1841 668 1881 adstantium
693 1840 851 1880 viribus
874 1840 940 1879 vix
961 1840 1117 1880 lectulo
1143 1840 1303 1890 affixus,
1327 1854 1374 1880 ac
1400 1839 1619 1880 incondita
1646 1840 1866 1894 quaedam,

403 1908 638 1949 furentium
660 1908 713 1948 ad
738 1909 884 1958 instar,
908 1907 1274 1948 submurmurans.
1335 1907 1543 1948 Nondum
1569 1913 1716 1949 tamen
1735 1909 1782 1949 in
1801 1909 1871 1950 lu-

405 1989 496 2016 cem
526 1975 754 2029 prodibant
786 1974 1101 2025 exanthemata,
1130 1975 1196 2015 vel
1227 1975 1378 2015 saltem
1413 1975 1603 2026 obscure,
1633 1975 1707 2016 sed
1737 1976 1867 2017 denso

405 2043 573 2096 agmine
601 2044 734 2083 cutim
763 2043 1028 2096 impetebant
1042 2060 1053 2093 3
1085 2043 1270 2083 inhibita
1299 2043 1424 2096 plane
1453 2043 1675 2097 eruptione
1703 2044 1756 2085 ab
1786 2045 1867 2086 hac

404 2111 608 2151 methodo
629 2111 888 2161 violentiore,
908 2125 1014 2164 quae
1036 2111 1089 2151 ad
1110 2125 1203 2151 eam
1225 2111 1536 2152 sollicitandam
1558 2111 1866 2152 destinabatur.

405 2179 432 2218 J
435 2178 545 2219 ubeo
570 2184 619 2219 ut
641 2193 663 2219 e
683 2179 794 2219 lecto
821 2179 1030 2219 eximatur
1058 2184 1217 2232 quanto
1245 2193 1386 2234 ocyus,
1409 2193 1548 2233 neque
1576 2180 1759 2220 eundem
1784 2180 1868 2220 nisi

403 2252 534 2287 noctu
554 2247 821 2300 ingrediatur
842 2252 941 2287 ante
958 2248 1147 2300 elapsum
1170 2253 1337 2287 sextum
1359 2247 1471 2288 diem
1488 2265 1495 2288 z
1529 2247 1628 2288 dein
1647 2252 1696 2288 ut
1721 2248 1866 2302 syrupi

405 2314 456 2354 de
487 2315 679 2355 meconio
705 2315 877 2355 unciam
908 2315 1127 2355 dimidiam
1158 2315 1303 2355 statim
1334 2320 1499 2365 sumat;
1533 2329 1616 2368 quo
1643 2329 1698 2356 ne
1727 2315 1867 2356 hilum

403 2382 661 2435 proficiente,
684 2388 778 2436 post
799 2383 928 2423 horae
950 2383 1134 2436 spatium
1157 2383 1335 2422 eandem
1358 2383 1481 2423 dosin
1500 2387 1659 2436 repeto,
1684 2387 1727 2423 at
1747 2383 1865 2423 nullo

404 2464 502 2491 611111
531 2451 687 2499 fructu,
710 2451 864 2505 quippe
890 2451 1002 2504 quod
1034 2451 1206 2504 sanguis
1228 2456 1317 2491 tam
1338 2452 1517 2492 immani
1537 2451 1705 2492 furebat
1722 2465 1865 2505 orgas-

404 2533 486 2569 mo,
516 2524 565 2560 ut
599 2534 687 2560 non
717 2519 800 2559 nisi
833 2519 970 2559 unciis
1002 2519 1166 2560 duabus
1197 2534 1295 2560 cum
1327 2520 1503 2560 dimidia
1536 2520 1688 2574 (spatio
1717 2526 1865 2561 tamen

403 2586 514 2627 inter
550 2587 737 2641 singulas
771 2587 1023 2628 semiuncias
1058 2588 1294 2641 interjecto,
1327 2602 1410 2642 quo
1442 2588 1622 2642 liqueret
1655 2587 1758 2642 quid
1790 2601 1864 2642 po-

405 2662 560 2697 strema
577 2657 687 2698 dosis
703 2658 1000 2711 praestiterat,)
1018 2658 1381 2712 intro-assumptis
1397 2657 1581 2698 fraenari
1596 2662 1737 2712 posset
1744 2675 1756 2708 ;
1780 2671 1864 2711 quo

404 2724 528 2775 facto,
544 2725 717 2765 unciam
738 2726 956 2766 dimidiam
977 2731 1149 2766 tantum
1171 2726 1349 2780 singulis
1365 2725 1563 2766 noctibus
1583 2725 1865 2766 hauriendam

404 2794 651 2847 praescripsi
683 2808 817 2848 usque
845 2795 899 2835 ad
924 2795 1053 2835 finem
1082 2794 1231 2846 morbi,
1265 2809 1372 2848 quae
1400 2794 1571 2849 quidem
1598 2794 1716 2835 illam
1742 2793 1861 2848 spiri-

449 2904 462 2916 “
486 2903 527 2929 ad
540 2912 655 2930 sacram
673 2902 850 2942 anchoram]
869 2903 886 2932 i.
903 2914 927 2933 6.
945 2905 986 2933 ad
1004 2909 1101 2933 mtre-
1167 2904 1193 2933 l.
1209 2905 1264 2937 24:
1292 2903 1451 2939 Gaissord‚
1470 2904 1604 2933 Parocm.
1627 2904 1732 2933 Gracc.
1749 2903 1781 2933 in
1803 2901 1860 2941 ἄγ-

405 2953 482 2971 mmn
505 2946 698 2980 praesidinm.
738 2945 785 2975 Cf.
807 2945 934 2975 Erasmi
960 2948 1059 2985 „mag
1084 2946 1103 2975 i.
1165 2957 1241 2985 κυρα
1259 2943 1331 2984 ἱερά.
