1985 3308
371 179 456 220 386
750 181 1006 223 THOMAE
1042 182 1381 224 SYDENHAM

196 295 249 324 De
267 294 334 324 Af·
434 289 555 332 Quae
584 290 754 344 quidem
779 290 1080 345 idiosyncrasia
1111 291 1214 332 adeo
1242 290 1421 343 insignis
1449 303 1497 330 ac
1524 289 1723 343 frequens
1751 293 1829 338 est,

176 337 357 409 ’ἓτεέζζῖἶῖ
377 357 501 411 quod,
523 362 716 411 respectu
744 358 797 398 ad
819 372 911 399 eam
933 372 1021 398 non
1047 358 1205 407 habito,
1229 370 1379 410 aegrae
1399 356 1446 396 in
1471 356 1699 397 discrimen
1719 355 1830 396 vitae

375 426 526 480 conjici
546 427 708 480 possint
721 443 732 476 3
754 426 881 480 idque
901 439 990 466 non
1016 426 1151 466 solum
1174 424 1311 478 quoad
1334 424 1573 478 Hystericam,
1596 424 1670 465 sed
1692 423 1831 477 quoad

374 494 511 534 multa
537 494 723 534 remedia
751 494 853 534 alia:
886 493 1007 547 cujus
1034 492 1431 546 impraesentiarum
1457 492 1708 532 instantiam
1735 491 1830 531 uni-

375 575 467 602 cam
499 561 698 602 adferam.
760 561 987 602 Foeminac
1013 560 1258 610 nonnullae,
1286 559 1452 600 variolis
1480 560 1736 610 laborantes,
1765 573 1830 613 sy-

374 629 470 683 rupi
492 629 543 670 de
563 629 756 670 meconio
784 643 910 668 usum
940 628 1048 668 ferre
1076 642 1163 667 non
1184 632 1375 681 possunt,
1397 632 1545 681 utpote
1576 643 1600 668 a
1630 642 1713 681 quo
1740 641 1830 669 ver-

374 697 542 750 tigines,
565 696 915 745 vomituritiones,
938 701 980 735 et
1008 695 1052 736 id
1081 709 1216 748 genus
1247 701 1532 750 symptomata
1559 696 1612 736 ad
1636 696 1830 737 Affectus

377 764 621 818 Hystericos
642 764 914 818 pertinentia,
943 769 1226 814 accersantur,
1252 763 1405 817 quibus
1430 769 1575 805 tamen
1595 764 1830 805 laudanum

176 841 335 890 instantia
374 832 583 885 liquidum
605 832 792 885 apprime
821 831 1057 872 conveniat.
1120 831 1247 872 Quod
1272 836 1314 872 et
1340 831 1441 872 dum
1470 832 1575 872 haec
1603 831 1830 873 scriberem

170 884 358 965 fizffffjfgfflw
375 900 420 939 in
449 900 762 940 adolescentula
789 899 921 940 nobili
949 898 1176 950 observavi,
1204 900 1273 940 cui
1300 899 1465 940 variolis
1491 899 1704 940 laboranti
1731 913 1830 939 cum

171 969 336 1016 syrupifle
375 971 492 1008 sexta
523 981 570 1007 ac
601 967 780 1020 septima
809 972 935 1008 nocte
965 981 1169 1020 syrupum
1200 967 1362 1008 (lictum
1393 967 1690 1018 exhibuissem,
1718 982 1828 1022 sym-

172 1021 326 1092 ζῗὲξὲῐὲἓ-
374 1039 564 1088 ptomata
593 1035 710 1088 prius
740 1040 974 1076 memorata
1001 1034 1169 1087 singula
1199 1034 1458 1076 exhibitione
1489 1035 1527 1076 ei
1556 1034 1828 1088 ingruebant,

171 1100 265 1126 rente.
374 1115 512 1155 neque
537 1101 804 1154 pustularum
825 1101 1104 1142 inflammatio
1132 1101 1274 1142 debito
1295 1101 1420 1142 modo
1444 1101 1698 1156 procedebat
1711 1118 1723 1151 ;
1755 1101 1829 1142 sed

373 1185 470 1211 cum
504 1170 550 1210 in
583 1175 800 1224 posterum
840 1170 1025 1211 laudano
1065 1174 1272 1220 uteretur,
1314 1184 1339 1211 a
1371 1169 1664 1224 symptomatis
1705 1169 1829 1210 dictis

370 1252 540 1291 prorsus
561 1237 763 1278 immunis
785 1243 887 1288 erat,
910 1238 1031 1279 faciei
1063 1244 1231 1278 tumore
1252 1251 1300 1278 ac
1320 1238 1502 1291 pustulis
1521 1237 1659 1278 indies
1680 1251 1827 1291 auges-

371 1305 578 1355 centibus,
596 1310 638 1346 et
663 1305 790 1358 (quod
810 1320 898 1346 non
918 1306 1061 1346 minus
1081 1306 1181 1346 laeti
1203 1305 1355 1346 ominis
1377 1307 1497 1358 erat‚)
1523 1305 1713 1345 anxietas
1732 1305 1827 1355 ista,

371 1386 468 1413 cum
495 1373 791 1426 inquietudine
820 1374 1002 1427 quadam
1029 1379 1120 1414 tam
1147 1374 1303 1415 mentis
1332 1388 1459 1428 quam
1484 1374 1680 1428 corporis,
1706 1374 1828 1427 (quae

371 1440 489 1494 quasi
519 1454 794 1494 paroxysmus
824 1441 1075 1482 variolarum
1106 1442 1211 1483 solet
1242 1443 1361 1494 esse,)
1396 1455 1565 1495 prorsus
1595 1441 1826 1490 tolleretur,

370 1508 533 1561 quoties
554 1509 845 1562 paregoricum
866 1509 946 1549 hoc
967 1509 1286 1562 propinabatur,
1309 1523 1434 1562 aegra
1454 1522 1551 1549 mox
1571 1508 1679 1549 vires
1701 1513 1828 1561 atque

368 1575 559 1616 animum
580 1576 732 1617 exinde
752 1576 995 1630 recipiente.
1058 1576 1173 1618 Hocf
1191 1577 1339 1618 obiter.

433 1643 569 1697 [108]
606 1645 751 1697 Atque
778 1645 839 1685 ita
868 1645 1083 1698 Hysterici
1109 1645 1303 1685 Affectus
1331 1643 1470 1697 quoad
1498 1644 1731 1697 plurimum
1763 1657 1826 1684 sa-

367 1715 540 1761 nantur,
562 1716 611 1752 ut
642 1717 683 1752 et
714 1712 938 1766 pleraeque
968 1714 1179 1753 mulierum
1219 1713 1337 1766 (quas
1368 1712 1612 1765 appellant‚)
1648 1711 1826 1752 obstruc-

369 1780 497 1819 tiones
510 1797 522 1826 ,·
551 1786 594 1820 at
616 1794 715 1833 prae
738 1781 913 1821 caeteris
935 1781 1134 1821 chlorosis
1156 1795 1230 1821 seu
1255 1779 1400 1834 pallidi
1420 1779 1634 1833 w'rginum
1654 1779 1825 1830 colores,

167 1849 198 1878 Si
209 1849 341 1898 0¹¹³]be
369 1847 433 1888 uti
454 1849 582 1888 etiam
603 1849 814 1890 mensium
835 1850 1150 1903 suppressiones
1172 1849 1522 1903 qualescunqueg.
1564 1849 1771 1889 Attamen
1793 1849 1828 1888 si

165 1892 338 1974 331(sser
370 1916 543 1969 sanguis
574 1931 707 1970 usque
738 1917 842 1958 adeo
878 1918 1055 1958 effoetus
1085 1917 1226 1967 fuerit,
1258 1921 1463 1970 tantaque
1493 1916 1671 1970 proinde
1707 1916 1826 1970 spiri-

165 1983 288 2049 232(ῗὲῑέ
301 1978 351 2049 ἓξ]
369 1989 493 2023 tuum
515 1983 679 2036 ἀταξία,
700 1989 750 2025 ut
771 1985 945 2039 chalybs
965 1985 1224 2039 praescripta
1242 1984 1444 2026 methodo
1464 1988 1693 2038 usurpatus
1714 1983 1826 2025 malo

165 2072 247 2100 quae
263 2062 324 2091 mi-
368 2051 574 2092 vincendo
595 2066 671 2105 par
691 2067 779 2093 non
800 2053 866 2103 sit,
890 2053 1110 2094 adeundae
1136 2067 1268 2107 aquae
1294 2052 1520 2093 minerales
1541 2052 1705 2106 aliquae
1725 2051 1827 2092 ferri

167 2103 295 2134 nerales.
368 2119 531 2159 minera
556 2126 736 2171 saturae,
761 2121 904 2174 quales
933 2126 1035 2162 sunt
1062 2126 1232 2162 nostrae
1252 2121 1595 2174 Tunbrigienses‚
1618 2125 1692 2160 aut
1720 2119 1826 2161 aliae

368 2201 505 2240 nuper
535 2194 738 2241 repertae.
813 2188 1007 2229 Harumh
1043 2190 1157 2230 enim
1192 2189 1324 2230 virtus
1356 2188 1616 2243 chalybeata,
1646 2193 1741 2229 tum
1771 2187 1824 2229 ob

368 2255 580 2308 insignem
606 2257 890 2309 quantitatem
919 2271 1002 2310 qua
1025 2257 1294 2308 hauriuntur,
1315 2263 1409 2297 tum
1442 2257 1569 2297 etiam
1594 2256 1647 2297 ob
1673 2269 1824 2297 earun-

370 2323 466 2363 dem
489 2337 585 2364 cum
601 2325 771 2366 Natura
792 2325 1142 2375 convenientiam,
1164 2326 1358 2366 intimius
1383 2325 1581 2378 sanguini
1601 2324 1824 2378 permisce-

369 2397 452 2440 tur,
479 2396 521 2432 et
545 2393 763 2444 potentius
792 2393 962 2434 morbos
987 2399 1215 2447 expugnat,
1239 2407 1365 2447 quam
1386 2392 1545 2433 ferrum
1574 2405 1826 2447 quocunque

370 2458 540 2499 demum
569 2460 746 2501 artificio
772 2461 1058 2511 nobilitatum,
1080 2466 1128 2501 ut
1152 2461 1297 2501 volunt
1320 2459 1553 2501 ciniflonesi
1578 2460 1823 2514 impruden-

367 2525 508 2567 tiores.

167 2595 342 2668 dOab—{sffigssn-
434 2593 601 2647 [109.]¹<
624 2595 719 2636 Hoc
736 2601 880 2637 autem
900 2610 1000 2649 prae
1021 2597 1197 2637 caeteris
1213 2596 1325 2636 inter
1345 2595 1581 2637 bibendum
1601 2596 1823 2638 observan-

165 2679 347 2712 bibendum.
370 2659 472 2700 dum
485 2678 496 2711 3
529 2662 564 2702 si
585 2663 806 2716 aegritudo
829 2664 996 2717 quaevis
1019 2664 1071 2704 ad
1093 2669 1378 2718 symptomata
1393 2664 1642 2706 Affectionis
1665 2664 1823 2719 Hyste-

371 2727 481 2767 ricae
497 2729 719 2770 referenda
740 2731 915 2781 accidat,
931 2731 1012 2772 hoc
1033 2732 1078 2772 in
1095 2746 1194 2772 casu
1214 2746 1289 2786 per
1310 2732 1422 2773 diem
1434 2747 1571 2773 unum
1592 2733 1823 2773 alterumve

416 2825 423 2842 ἕ
450 2828 793 2870 Hoc—qualescunque]
811 2841 872 2861 om.
897 2831 943 2861 ed.
962 2833 1022 2861 '82
1127 2835 1204 2863 unde
1221 2834 1341 2863 illarum
1358 2835 1453 2863 virtus
1468 2835 1646 2871 chalybeum
1662 2832 1709 2862 ed.
1726 2833 1787 2862 ’82

419 2866 432 2883 ‘³
459 2870 506 2898 (Ὺ.
522 2872 656 2901 Process.
671 2873 730 2902 Ine.
749 2883 773 2902 c.
791 2874 842 2908 46,
860 2874 910 2904 47.
1173 2880 1178 2892 ¹
1200 2875 1309 2915 cimfl.]
1337 2876 1384 2906 Cf.
1405 2875 1514 2905 Horat.
1533 2877 1596 2905 Sat.
1614 2875 1633 2906 i.
1652 2876 1680 2904 2.
1699 2875 1748 2904 98.

416 2911 428 2929 '¹
452 2913 864 2954 llarun1—com·enierztinn1]
896 2917 957 2945 His
991 2919 1067 2946 enim
1171 2916 1183 2935 ¹‘
1210 2918 1336 2947 Desunt
1353 2920 1386 2956 ἓξ
1408 2919 1570 2948 109—111
1591 2918 1622 2947 in
1639 2917 1685 2947 ed.
1704 2917 1765 2946 '82

364 2952 483 2991 serrum
501 2957 592 2984 inesse
610 2958 726 2985 ridetur
739 2960 767 2986 in
781 2961 942 2995 principiis
953 2961 1067 2995 solutis,
