1985 3308
364 144 452 184 404
577 144 714 186 ΤΗΟ.
750 145 1091 187 SYDENHAM
1123 145 1388 187 DISSERT.
1422 145 1605 186 EPIST.

187 262 241 293 DE
262 263 325 294 Ar-
368 251 404 291 si
423 255 540 293 recta
560 265 611 293 ex
632 252 763 292 animi
785 252 958 294 arbitrio
979 258 1022 293 et
1043 253 1199 294 virtute
1220 257 1322 293 nata
1338 252 1608 305 excipiamus,
1634 251 1828 305 (quorum

166 307 350 381 ‘SETCETIQIIJJO'
368 333 457 360 non
478 323 542 361 est
563 333 694 374 capax
708 320 934 362 brutorum
951 322 1135 373 natura,)
1155 320 1232 361 hos
1253 320 1379 375 plane
1396 323 1634 373 exaequant
1649 319 1830 369 belluae,

321 388 456 429 ‘imo
486 392 528 429 et
557 389 659 430 alios
684 403 831 430 omnes
863 390 934 443 qui
959 403 1047 430 11011
1079 388 1290 429 eum'sibi
1330 387 1440 428 vitae
1475 401 1647 441 scopum
1680 402 1830 442 propo-

370 462 497 507 nunt,
514 462 563 497 ut
584 457 749 511 prosint
771 471 898 511 quam
919 457 1126 510 plurimis.
1189 455 1550 496 Commendatum
1571 469 1640 496 me
1659 455 1831 506 habeas,

371 539 487 579 rogo,
504 526 592 566 viro
615 525 753 579 sagaci
781 530 824 566 et
855 524 1156 574 eruditissimo,
1179 524 1259 564 Du⁰
1281 523 1458 565 Doctori
1480 524 1714 574 Kendrick,
1737 523 1833 564 Tibi

371 593 562 647 mihique
590 593 842 634 amicissimo
855 609 867 643 ς
899 597 1048 646 utpote
1076 591 1146 632 cui
1174 590 1351 632 debeam
1384 591 1498 645 quod
1519 591 1661 632 Tuum
1690 592 1737 632 in
1763 605 1833 632 me

374 662 436 703 ita
456 675 713 715 propensum
736 661 927 700 animum
956 659 1208 710 resciverim,
1232 673 1411 714 eamque
1434 673 1517 713 qua
1536 674 1605 701 me
1626 659 1832 714 complec-

375 730 477 770 teris
492 729 724 770 amicitiam
739 742 787 769 60
807 727 1080 768 internuncio
1102 727 1335 768 didicerim.
1389 727 1599 778 Conabor,
1623 732 1830 781 quantum

375 797 421 837 iu
449 811 517 837 me
546 801 621 847 est,
650 801 822 836 mutuas
850 795 1083 836 officiorum
1110 795 1221 836 vices
1249 795 1440 846 reddere,
1474 800 1516 836 et
1546 810 1622 849 par
1649 795 1741 850 pari
1769 809 1834 836 re-

373 865 495 915 ferre,
517 868 665 919 utpote
688 865 759 918 qui
780 864 860 904 sim
876 864 972 917 ι11116
992 863 1242 917 meritoque,

775 933 855 973 Vir
876 932 1150 986 Dignissime,

947 1001 1043 1042 Tibi
1065 1001 1416 1052 devinctissimus,

1017 1069 1182 1123 Tuique
1204 1083 1369 1123 semper
1390 1068 1735 1121 studiosissimus,

1188 1137 1326 1178 ΤΗΟ.
1362 1137 1717 1179 SYDENHAM.

418 1204 580 1247 Londini,

369 1262 450 1295 Jan.
468 1264 525 1294 20.
546 1264 686 1295 1681-2.
