1985 3308
220 287 348 317 Puer.

199 330 262 360 En.
274 330 380 360 TER-r.

403 171 459 210 22
819 169 1077 210 THOMAE
1111 169 1451 210 SYDENHAM

399 276 509 318 bene
530 277 582 318 de
609 291 654 318 re
681 276 847 318 medica
873 277 1089 327 meruisse,
1113 291 1241 330 quam
1272 277 1307 317 si
1334 277 1546 330 pomposis
1576 277 1862 318 remediorum

401 344 594 386 formulis
615 345 760 385 omnia
780 345 1051 398 implevisset.

465 412 573 466 [31.]
612 412 667 452 In
688 412 831 453 animo
856 417 946 453 erat
969 417 1011 452 et
1036 412 1333 454 chronicorum
1353 411 1600 453 morborum
1623 412 1862 453 Historiam

399 479 580 530 tradere,
603 494 751 521 eorum
781 481 932 521 saltem
958 494 1061 533 quos
1082 480 1423 533 frequentissime
1449 485 1730 521 tractaveram
1743 498 1754 530 3
1787 480 1863 521 sed

401 561 499 588 cum
520 548 734 601 operosius
765 548 809 588 id
837 548 904 598 sit,
927 561 1109 601 cumque
1133 548 1286 588 harum
1315 562 1418 601 quas
1443 549 1534 602 jam
1565 548 1644 589 edo
1665 548 1861 589 lucubra-

399 615 568 656 tionum
589 616 807 656 fortunam
837 615 1016 669 experiri
1040 615 1227 668 primum
1254 615 1440 666 libuerit,
1463 616 1862 670 impraesentiarum

401 683 760 737 supersedendum
782 684 889 724 mihi
910 697 999 724 esse
1022 683 1135 724 duxi.

596 1141 958 1193 PRAEFATIO
1004 1141 1343 1192 EDITIONIS
1390 1142 1657 1192 PRIMAE.

462 1298 554 1339 QUI
578 1297 821 1338 Medicinae
842 1296 914 1338 dat
937 1311 1121 1351 operam,
1137 1296 1241 1338 haec
1262 1311 1406 1338 secum
1426 1300 1476 1338 ut
1498 1296 1606 1338 serio
1626 1296 1861 1350 perpendat

403 1370 581 1419 oportet.
643 1365 800 1415 Primo,
823 1379 867 1405 se
895 1365 947 1405 de
975 1379 1198 1417 aegrorum
1220 1365 1307 1405 vita
1326 1364 1459 1418 ipsius
1488 1379 1613 1405 curae
1639 1364 1864 1405 commissa

402 1433 610 1474 rationem
642 1433 870 1486 aliquando
903 1433 1111 1486 Supremo
1143 1433 1170 1473 J
1174 1446 1303 1473 L'DICI
1339 1432 1621 1473 redditurum.
1682 1432 1863 1483 Deinde,

404 1501 603 1554 quiequid
624 1501 726 1541 artis
754 1506 828 1541 aut
857 1500 1058 1541 scientiae
1088 1501 1244 1542 Divino
1271 1500 1492 1544 beneficio
1508 1505 1761 1542 consecutus
1786 1505 1864 1551 est,

404 1568 611 1622 imprimis
633 1568 686 1609 ad
709 1569 876 1609 Summi
902 1568 1115 1609 Nmuxls
1143 1568 1315 1609 laudem
1343 1574 1470 1622 atque
1498 1569 1677 1609 humani
1698 1568 1865 1622 generis

407 1636 587 1677 salutem
608 1650 698 1676 esse
724 1636 994 1689 dirigendum
1008 1653 1020 1686 3
1051 1636 1279 1689 indignum
1309 1642 1454 1677 autem
1483 1650 1573 1677 esse
1600 1641 1647 1677 ut
1668 1636 1868 1677 coelestia

407 1704 479 1744 illa
505 1704 617 1744 dona
644 1704 708 1745 vel
733 1704 933 1745 avaritiae
953 1704 1020 1744 vel
1040 1703 1226 1744 ambitus
1247 1704 1388 1744 studio
1409 1704 1654 1745 inserviant.
1717 1704 1863 1756 Porro,

408 1785 451 1812 se
486 1786 574 1812 non
604 1771 802 1824 ignobilis
834 1771 1011 1825 alicujus
1043 1776 1117 1812 aut
1149 1771 1452 1812 contemnendi
1489 1771 1683 1812 animalis
1719 1785 1866 1812 curam

408 1840 663 1893 suscepisse:
714 1844 763 1879 ut
809 1839 924 1879 enim
969 1839 1148 1879 humani
1195 1839 1362 1892 generis
1405 1839 1592 1893 pretium
1647 1853 1865 1893 agnoscas,

409 1907 698 1948 Umonmrrs
727 1907 816 1947 Dm
847 1907 1006 1947 F1L1cs
1035 1907 1162 1948 homo
1189 1907 1327 1948 factus
1355 1912 1432 1958 est,
1456 1907 1644 1961 adeoque
1665 1912 1866 1948 naturam

407 1980 667 2028 assumptam
689 1989 765 2015 sua
786 1975 1033 2028 dignatione
1054 1973 1309 2015 nobilitavit.
1353 1974 1564 2028 Denique,
1586 1988 1666 2015 nec
1687 1988 1731 2015 se
1752 1988 1865 2016 com-

406 2043 528 2083 muni
559 2048 671 2083 sorte
702 2047 946 2096 exemptum
974 2056 1076 2092 esse,
1100 2042 1172 2083 sed
1200 2042 1351 2082 iisdem
1380 2042 1546 2096 legibus
1576 2042 1865 2094 mortalitatis,

405 2111 555 2151 iisdem
576 2110 742 2151 casibus
759 2116 801 2151 et
818 2111 1032 2151 aerumnis
1049 2110 1282 2151 obnoxium
1300 2115 1427 2164 atque
1445 2110 1696 2164 expositum,
1712 2111 1866 2165 quibus

405 2179 476 2219 alii
499 2178 675 2232 quilibet
688 2196 699 2228 3
723 2192 808 2234 quo
825 2178 1085 2232 diligentius,
1104 2182 1146 2219 et
1164 2178 1337 2232 quidem
1353 2178 1554 2219 teneriori
1575 2192 1675 2219 cum
1695 2179 1865 2230 affectu,

404 2247 492 2300 ipse
513 2247 637 2300 plane
659 2245 915 2298 ὁμοιοπαθής
936 2246 1257 2300 aegrotantibus
1281 2261 1404 2300 opem
1424 2247 1534 2287 ferre
1555 2251 1746 2288 conetur.

469 2314 548 2367 [2.]
587 2314 749 2355 Verum
777 2314 975 2355 nonnulli
999 2315 1113 2355 hisce
1139 2314 1468 2367 cogitationibus
1498 2314 1674 2355 minime
1704 2328 1747 2355 se
1774 2315 1865 2369 regi

404 2383 640 2435 patiuntur,
662 2382 706 2422 id
728 2382 840 2435 quod
862 2396 912 2422 ex
933 2396 1079 2423 eorum
1106 2382 1226 2436 praxi
1251 2381 1427 2435 ipsoque
1454 2382 1564 2422 vitae
1587 2396 1742 2435 genere
1763 2383 1866 2424 satis

404 2450 678 2490 manifestum
700 2455 787 2490 est:
823 2450 907 2490 sive
935 2449 1047 2503 quod
1073 2450 1185 2490 fastu
1207 2449 1370 2503 turgidi
1392 2455 1519 2503 atque
1541 2451 1743 2491 scientiae
1765 2464 1865 2492 suae

405 2518 601 2570 opinione
617 2518 767 2568 infiati,
783 2518 835 2558 ad
852 2518 1020 2558 minuta
1034 2517 1139 2558 haec
1159 2519 1222 2570 (ut
1239 2518 1412 2571 quidem
1427 2518 1510 2558 illis
1527 2518 1754 2571 videntur)
1776 2533 1864 2560 non

405 2586 495 2625 siue
516 2591 765 2639 contemptu
793 2586 976 2639 quodam
1003 2585 1291 2638 negligentius
1320 2585 1594 2637 descendant,
1617 2600 1772 2640 susque
1793 2586 1864 2627 de-

405 2666 485 2705 que
512 2653 718 2694 habentes
741 2654 842 2707 quid
870 2654 922 2695 de
950 2654 1114 2695 miseris
1141 2654 1393 2695 mortalibus
1421 2654 1495 2694 fiat
1516 2654 1705 2708 ipsorum
1735 2668 1862 2695 curae

405 2720 668 2770 concreditis,
707 2728 834 2775 atque
864 2722 1038 2762 interim
1069 2721 1120 2762 de
1155 2721 1362 2775 Supremo
1388 2722 1587 2763 Nimim-2
1616 2722 1681 2763 vel
1710 2736 1863 2776 parum

405 2789 638 2841 cogitantes
669 2792 733 2831 vel
765 2791 879 2832 Illud
909 2792 1018 2832 forte
1045 2791 1113 2831 vix
1145 2805 1373 2844 agnoscere
1405 2791 1595 2845 dignati,
1633 2791 1718 2832 sive
1750 2791 1864 2845 quod

403 2856 519 2896 lucro
551 2872 718 2909 prorsus
746 2859 903 2899 intenti
931 2864 1058 2912 atque
1086 2859 1314 2909 inhiantes,
1338 2865 1411 2900 aut
1440 2859 1640 2913 gloriolae
1662 2858 1860 2913 cupidine

404 2923 579 2978 abrepti,
617 2939 665 2966 eo
700 2933 870 2967 tautum
907 2932 1099 2980 spectant
1140 2933 1189 2968 ut
1231 2928 1441 2969 ditescant
1477 2927 1569 2981 ipsi,
1607 2932 1680 2968 aut
1718 2927 1859 2968 nescio
