1985 3308
352 128 437 170 532
767 127 1024 170 THOMAE
1058 129 1400 172 SYDENHAM

159 244 333 317 Εέζτιὲξιε
351 234 488 288 risque
514 234 810 287 symptomatis,
832 235 957 276 etiam
987 235 1216 276 astantibus
1236 236 1383 289 palam
1403 239 1476 287 est,
1497 237 1537 275 et
1566 234 1706 287 aperte
1727 228 1815 282 diq-

165 339 210 360 An
231 330 317 359 Lec-

178 382 308 404 Toum.
354 371 586 423 scrupulose
606 371 864 412 immediatas
885 373 924 410 et
941 371 1159 423 proximas
1179 371 1409 412 morborum
1430 382 1588 420 causas,
1611 369 1706 409 dum
1726 365 1819 406 Me-

352 304 547 344 noscitur.
608 302 720 343 Hinc
742 303 907 356 saepius
931 304 1078 344 mirari
1105 304 1226 354 subit,
1249 304 1507 357 quamobrem
1537 302 1660 343 anoeie
1686 300 1748 340 ita
1777 301 1817 338 et

358 439 536 479 dicinam
548 438 891 491 pertractandam
910 438 1149 490 suscipiunt,
1165 437 1363 490 indayare
1383 440 1589 490 satagunt,
1612 439 1651 476 et
1671 448 1692 475 e
1713 438 1821 474 tene·

359 506 444 547 bris
478 507 570 546 istis
601 506 744 559 quibus
779 505 947 545 Natura
982 504 1164 556 obduxit,
1197 507 1318 546 irrito
1352 506 1446 546 licet
1476 508 1636 554 conatu,
1667 514 1821 550 eruere,

355 575 477 628 yravi
510 578 549 614 et
581 574 747 614 subacto
769 573 932 625 judicio
962 573 1055 621 viri,
1087 577 1126 614 et
1157 573 1202 614 in
1228 574 1365 614 Praxi
1399 573 1668 614 versatissimi
1677 588 1690 618 ;
1721 570 1825 610 satis

359 643 525 683 interim
553 643 677 695 9nari
698 654 740 681 se
771 642 898 682 latere
924 642 989 682 vel
1007 629 1175 695 quaevis
1197 642 1314 683 obvia
1329 660 1340 682 :
1373 642 1479 682 unde
1503 642 1610 682 enim
1640 640 1825 680 dimanat

357 712 561 766 yraminis
587 710 746 760 viridis,
769 713 842 750 aut
869 710 984 750 albus
1004 711 1109 751 nivis
1134 711 1244 751 color
1259 712 1280 751 ,2
1311 711 1411 764 quid
1435 714 1495 751 est
1523 708 1630 763 quod
1647 709 1826 748 humana

363 783 501 822 anima
522 781 767 822 ratiocinari
787 785 958 834 nequeat
975 781 1069 821 dum
1090 781 1223 821 adbuc
1242 780 1421 833 infantes
1437 783 1509 819 aut
1521 778 1644 832 pueri
1656 789 1793 818 sumus
1805 775 1827 815 ,2

363 851 469 892 unde
479 850 623 903 forma
645 853 716 890 tua
737 848 927 902 specifica
941 849 961 888 .?
993 849 1136 889 Satius
1156 852 1258 889 esset
1274 848 1483 888 Medicum
1504 859 1624 899 quam
1640 845 1828 885 Philoso-

355 923 485 974 phum
515 933 647 973 aqere,
674 919 778 973 (quis
799 919 905 959 enim
928 932 1105 972 unquam
1130 919 1358 959 Cartesium
1381 918 1460 959 sibi
1480 917 1691 958 Medicum
1715 915 1830 956 volu-

366 989 445 1028 erit
459 988 494 1040 .?)
533 987 808 1027 minutissima
834 987 1118 1040 phaenomena
1149 988 1278 1041 plane
1312 991 1351 1027 et
1391 987 1471 1027 rite
1506 986 1755 1034 enumerare,
1790 986 1830 1024 et

365 1057 558 1106 remedia,
592 1056 735 1109 quibus
761 1057 1032 1110 unusquisque
1056 1057 1218 1097 morbus
1231 1056 1405 1109 facilius
1432 1055 1562 1106 cedat,
1585 1053 1759 1095 candido
1792 1056 1832 1094 et

365 1126 522 1166 sincero
537 1125 671 1165 animo
684 1138 916 1179 proponere
931 1141 944 1172 ;
975 1126 1037 1165 ita
1053 1125 1216 1166 tandem
1233 1125 1381 1165 limites
1400 1137 1494 1164 suos
1506 1126 1832 1176 praeteryressa,

368 1195 513 1248 quibus
535 1194 719 1247 anqustis
739 1194 861 1234 nimis
869 1194 964 1247 jam
985 1194 1222 1244 includitur,
1241 1194 1326 1234 Ars
1349 1193 1613 1242 nobilissima,
1636 1189 1831 1239 omnibus,

369 1276 690 1317 quaquaversum
712 1265 833 1315 patet
855 1262 975 1312 orbis,
992 1262 1205 1315 faeliciter
1224 1262 1327 1303 satis
1359 1265 1397 1302 et
1419 1272 1618 1314 prospere
1649 1258 1833 1307 salutem,

358 1332 467 1386 filiis
489 1335 625 1371 autem
644 1331 730 1370 suis
750 1331 920 1370 lzonores
940 1343 1127 1380 summos,
1150 1330 1397 1371 conciliabit.

428 1399 739 1440 Meditabatur0
752 1399 881 1452 paulo
903 1402 998 1439 ante
1019 1399 1169 1439 obitum
1187 1403 1409 1440 tractatum
1426 1398 1475 1439 de
1487 1397 1653 1438 Phthisi
1665 1394 1836 1449 peritis-

370 1470 497 1510 simus
517 1468 734 1514 Medicus‚·
765 1468 809 1508 in
820 1468 1097 1520 perquirendo
1118 1468 1307 1509 Naturae
1327 1468 1558 1509 methodum
1579 1481 1659 1522 qua
1679 1466 1839 1508 morbos

373 1537 538 1578 amoliri
576 1536 724 1586 studet,
765 1539 811 1575 ut
852 1536 1074 1588 adjutrices
1108 1537 1346 1590 porriqeret
1386 1549 1542 1585 manus,
1583 1538 1623 1576 et
1662 1534 1839 1574 miseriis

373 1607 580 1648 hominum
599 1605 841 1655 subveniret,
865 1605 936 1644 diu
963 1608 1159 1657 noctuque
1171 1605 1472 1657 pensitabundo
1494 1607 1533 1644 et
1558 1603 1682 1644 anxio
1704 1603 1840 1643 animo

375 1674 751 1723 eoeercitatissimus,
773 1672 883 1712 Hinc
893 1671 1192 1724 fidissimarum
1214 1673 1535 1715 observationum
1555 1672 1660 1713 serie
1679 1676 1719 1712 et
1740 1672 1843 1711 irre-

365 1743 575 1796 fragabili
602 1741 766 1782 edoctus
797 1741 1061 1793 eoeperientia,
1084 1741 1320 1781 ,Medicinae
1341 1741 1505 1781 Praoein
1532 1740 1695 1780 ornavit
1718 1742 1757 1780 et
1787 1737 1845 1778 ad

378 1812 562 1852 saniores
582 1810 747 1850 reduoeit
768 1809 950 1861 regulam
973 1808 1046 1848 sed
1061 1809 1149 1860 (vae
1170 1808 1322 1848 tabidis
1332 1810 1360 1861 !)
1387 1809 1481 1848 dum
1497 1807 1727 1861 hujusmodi
1742 1820 1843 1847 nun-

383 1893 505 1933 quam
525 1878 768 1918 intermissis
788 1877 938 1917 studiis
959 1876 1111 1916 detenti
1126 1880 1166 1917 et
1187 1876 1405 1929 defatigati
1424 1877 1595 1929 spiritus
1614 1876 1746 1916 solitis
1765 1887 1845 1915 non

379 1947 583 1988 vacabant
612 1945 804 1995 eoecubiis,
835 1945 1200 1985 truculentissimus
1230 1946 1370 1995 bostis,
1399 1945 1609 1997 Podayra,
1643 1957 1745 1997 quae
1765 1954 1848 1996 per

382 2016 530 2056 multos
555 2027 683 2054 annos
713 2013 926 2053 obsederat
956 2016 995 2053 et
1023 2013 1310 2054 debilitaverat
1340 2017 1468 2064 artus,
1491 2014 1644 2066 impetu
1654 2011 1773 2065 facto
1803 2011 1848 2051 in

381 2083 582 2124 interiora
602 2083 760 2122 viscera
780 2082 917 2131 irruit,
932 2094 1012 2133 per
1032 2082 1223 2122 vomitum
1244 2086 1283 2122 et
1303 2095 1500 2122 secessum
1521 2081 1766 2122 enormiores
1785 2079 1848 2118 in-

384 2155 546 2192 tentans
569 2154 751 2191 mortem.
819 2149 943 2190 Unico
969 2153 1103 2190 autem
1123 2150 1259 2191 morbo
1286 2151 1414 2191 nescit
1434 2150 1573 2191 cedere
1593 2149 1851 2189 Medicorum

384 2221 586 2272 Princeps
593 2236 605 2267 ;
627 2219 710 2270 sed,
728 2232 817 2259 cum
837 2219 1035 2259 malorum
1058 2219 1213 2259 cumulo
1231 2220 1400 2259 accessit
1421 2222 1459 2259 et
1472 2219 1629 2259 Renum
1649 2217 1850 2266 Calculus,

390 2289 475 2342 (qui
496 2288 674 2328 corrasis
694 2299 881 2327 vasorum
903 2287 1061 2337 osculis,
1083 2287 1320 2340 sanquinem
1341 2287 1561 2336 liberalius,
1579 2299 1699 2339 quam
1719 2296 1854 2325 senec-

387 2361 452 2397 tus
466 2357 572 2407 tulit,
586 2356 731 2396 urinae
734 2355 990 2408 permioetam
1007 2354 1180 2408 effudit,)
1197 2356 1342 2408 sejam
1356 2368 1435 2395 non
1449 2355 1622 2408 amplius
1638 2365 1853 2407 opponens,

388 2438 460 2465 nec
489 2426 610 2475 vitae,
633 2437 705 2464 nec
734 2424 878 2464 mortis
909 2423 1090 2476 cupidus,
1114 2424 1327 2476 placidam
1357 2427 1398 2464 et
1420 2427 1620 2476 pacatam
1651 2421 1856 2474 expiravit

391 2493 583 2533 animam.
644 2491 709 2533 Ne
734 2496 869 2532 tamen
893 2493 1048 2532 auoeilio
1065 2505 1241 2544 prorsus
1263 2491 1537 2532 destituantur
1561 2489 1720 2540 Tabidi,
1731 2487 1854 2540 fraq-

392 2565 528 2601 menta
550 2560 761 2613 quaedam,
784 2573 886 2613 quae
906 2560 1126 2600 Auctorem
1148 2560 1278 2600 ubivis
1298 2560 1476 2612 sapiu-nt,
1498 2559 1541 2598 in
1554 2558 1692 2611 primo
1713 2557 1858 2597 saltem

395 2629 525 2668 morbi
559 2627 694 2668 stadio
721 2628 961 2680 plerumque
987 2626 1190 2680 proficua,
1229 2627 1368 2680 (neque
1403 2627 1509 2667 enim
1537 2626 1612 2679 fas
1646 2628 1719 2675 est,
1753 2623 1861 2677 quod

398 2697 629 2749 aeyrotanti
646 2699 835 2749 proximo
857 2696 1090 2748 opituletur,
1113 2696 1274 2748 celare‚)
1300 2697 1342 2736 in
1355 2695 1566 2748 publicum
1579 2694 1798 2747 prodeunt,
1814 2695 1859 2732 ut

399 2765 544 2805 ea‘inde
568 2768 714 2817 pateat
737 2777 857 2817 quam
878 2768 1075 2805 accurata
1105 2768 1144 2804 et
1177 2764 1360 2804 omnibus
1393 2764 1572 2804 numeris
1600 2762 1785 2803 absoluta
1810 2760 1861 2812 (si

759 2921 769 2934 Β
796 2916 1283 2956 chdilahawr—phthisinlogia]
1302 2927 1364 2946 om.
1385 2917 1431 2946 cd.
1451 2917 1513 2945 ¹953,

1899 133 1903 138 '
1906 93 1911 99 ·
1889 0 1919 84 *ff'u‘d

1907 1182 1929 1241 ,„7.-.
1895 696 1927 1172 mammeam
1888 195 1925 688 Wo-
