1985 3308
414 157 702 199 EPISTOLA
734 157 769 197 Ι.
805 156 1234 198 RESPONSORIA.
1462 158 1541 196 281

95 264 244 318 gratia,
277 268 320 305 et
353 265 621 317 catharseos,)
655 262 925 304 incommoda
955 263 1149 316 (quarum
1179 267 1383 314 utraeque
1413 261 1545 301 relax·
1567 270 1620 300 Da
1634 270 1750 301 Mona.

94 332 206 373 ando
246 337 398 374 tonum
430 333 649 386 sanguinis
690 331 887 372 morbum
923 330 1208 384 protrahunt,)
1245 329 1347 369 dum
1380 342 1547 368 mecum
1584 313 1735 386 ¹³7¹5¹¹3g³3h

95 400 410 453 perpenderem,
428 400 691 441 Peruvianus
712 403 853 440 cortex
876 398 1153 439 certissimam
1172 397 1277 437 mihi
1298 410 1415 449 spem
1430 396 1530 436 fecit
1537 413 1547 445 3
1569 402 1721 443 caum-{is

96 467 148 507 de
175 481 257 520 quo
278 481 373 508 vere
401 468 607 508 affirmare
627 467 784 521 possim
808 467 911 518 (non
935 464 1132 506 obstante
1157 469 1246 504 tam
1271 463 1399 515 vulgi,
1423 477 1549 516 quam
1570 456 1715 536 gfftffffl

95 547 403 587 perpaucorum
424 549 446 576 e
468 535 616 585 doctis,
636 533 923 589 praejudicio,)
947 546 1016 573 me
1036 532 1144 572 nihil
1164 531 1265 572 mali
1287 531 1423 583 aegris
1445 530 1549 570 acci·
1569 540 1660 570 hunt.

97 601 208 642 disse
228 601 281 642 ab
312 602 403 656 ejus
430 616 511 643 usu
537 602 689 644 vidisse
716 615 920 655 unquam,
941 600 1007 641 vel
1032 613 1129 640 cum
1156 599 1322 640 ratione
1350 597 1552 651 suspicari
1571 592 1732 674 {22:32⁰-

96 668 308 722 potuisse3
345 669 449 710 nisi¹
484 670 597 723 quod
631 670 692 710 illi
729 669 801 722 qui
833 669 1011 721 longum
1042 672 1084 708 et
1119 666 1350 720 repetitum
1385 665 1552 706 corticis
1570 677 1666 717 longo
1682 685 1756 709 cort.

98 736 325 777 Peruviani
353 752 480 778 usum
511 738 673 792 experti
703 742 817 788 sunt,
845 737 908 790 (ut
937 736 984 776 in
1014 734 1151 790 capite
1183 736 1231 775 de
1251 734 1554 775 Rleeumatismo
1573 720 1757 802 Ξζέἔζςῑιω

105 804 291 858 [Observ.
306 805 420 845 Med.
435 806 488 846 vi.
507 806 642 859 5.13.]
670 803 1124 859 praemonstraverim,)
1149 803 1194 843 in
1217 802 1399 856 speciem
1421 815 1553 855 quan·
1572 806 1729 854 quaedam

99 872 198 913 dam
231 873 528 914 rheumatismi
564 874 790 914 scorbutici
826 886 1136 925 nonnunquam
1166 870 1377 911 incidunt.
1460 870 1555 910 Hoc
1572 848 1762 921 ᾏῗῗζιὲὲᾒξιιῗ

100 945 244 981 autem
276 941 438 981 malum
466 955 670 995 perquam
699 955 795 982 raro
825 954 876 981 ex
902 940 982 980 hac
1017 939 1236 981 occasione
1266 938 1470 988 nascitur,
1499 941 1554 988 et,
1573 933 1747 1006 {sagn-‘¹231

101 1009 272 1062 quando
293 1009 458 1059 accidit,
480 1010 679 1050 facillime
700 1008 897 1049 remediis
917 1007 1076 1048 ibidem
1098 1007 1318 1060 descriptis
1340 1006 1464 1047 cedit.
1575 999 1745 1067 rarissime,

165 1076 273 1129 [14]
311 1077 368 1117 Et
402 1077 590 1130 profecto
627 1077 661 1116 si
692 1081 782 1116 tam
823 1076 1072 1116 effectorum
1113 1074 1397 1124 durationem,
1432 1087 1559 1128 quam
1577 1061 1719 1134 ἓξιῖζξιζιξ

101 1144 267 1185 corticis
288 1145 452 1198 hujusm
474 1145 778 1194 innocentiam,
801 1145 1063 1198 exploratam
1090 1143 1304 1193 haberem,
1325 1142 1560 1196 principem
1579 1156 1696 1186 cortex
1712 1157 1761 1187 in-

100 1212 163 1252 illi
183 1212 324 1252 locum
343 1212 457 1253 inter
477 1212 633 1262 omnia,
657 1216 865 1266 quotquot
888 1216 1002 1262 sunt,
1023 1211 1211 1252 remedia
1231 1210 1396 1251 deferre
1416 1210 1560 1250 nullus
1578 1199 1750 1272 {ffiffissfflm

102 1279 368 1329 dubitarem3
400 1293 498 1320 cum
528 1293 616 1320 non
645 1284 818 1320 tantum
848 1279 895 1319 in
925 1280 1005 1320 hoc
1035 1279 1184 1319 morbo
1210 1278 1446 1332 insignium
1471 1291 1561 1318 esse
1579 1293 1641 1314 non
1658 1285 1690 1314 in
1707 1266 1766 1315 11οὲ

101 1347 255 1388 virium
291 1347 645 1401 deprehendatur,
675 1346 749 1387 sed
784 1352 827 1387 et
861 1347 908 1387 in
943 1346 1066 1396 uteri,
1090 1351 1132 1387 et
1164 1345 1390 1386 ventriculi
1420 1346 1560 1395 etiam,
1579 1330 1766 1406 {fflssffigjsed

102 1415 324 1457 affectibus
342 1432 350 1456 z
381 1420 553 1457 tantum
575 1415 693 1456 abest
721 1420 771 1456 ut
793 1415 845 1456 de
866 1415 956 1469 ejus
976 1414 1274 1456 insalubritate
1295 1414 1447 1455 merito
1469 1414 1562 1467 quis
1580 1412 1659 1441 etin
1673 1413 1765 1448 uteri,

1599 1458 1610 1474 4
1720 1455 1745 1479 ’-

103 1487 400 1537 conqueratur.
1580 1460 1763 1534 {ufg‘jgggc-

168 1552 276 1605 [15.]
315 1551 396 1592 His
418 1555 562 1592 autem
588 1552 857 1605 potissimum
886 1551 938 1592 de
962 1551 1100 1592 causis
1124 1551 1221 1604 (nisi
1248 1551 1399 1604 fallor,)
1425 1550 1563 1590 dictus
1581 1539 1676 1619 ἔξω·

105 1624 248 1661 cortex
276 1619 388 1660 male
422 1619 567 1660 audit:
618 1619 775 1670 Primo,
808 1619 907 1673 quia
946 1619 1129 1673 plurima
1161 1619 1235 1659 illa
1268 1618 1564 1671 horrendaque
1581 1600 1742 1680 pfaeijiffiie-

105 1691 391 1742 symptomata
417 1700 525 1740 quae
554 1686 692 1728 febres
722 1687 1057 1728 intermittentes
1083 1687 1174 1741 jam
1199 1686 1360 1727 diutius
1388 1699 1563 1739 aegrum
1582 1680 1752 1748 ξξέᾗξζξξ·

106 1761 343 1803 cruciantes
368 1761 641 1811 comitantur,
669 1761 799 1802 etiam
830 1760 905 1802 ubi
938 1774 993 1801 ne
1023 1761 1251 1801 minimum
1273 1760 1443 1813 quidem
1473 1773 1561 1800 cor·
1580 1770 1666 1790 mere
1683 1761 1738 1791 de-

105 1830 201 1871 ticis
237 1829 536 1883 degustaverit,
573 1829 720 1870 cortici
754 1829 820 1870 vel
855 1828 986 1869 semel
1020 1833 1238 1882 assumpto
1267 1829 1538 1882 imputantur
1550 1844 1561 1877 3
1579 1803 1769 1876 (ἐὲξῑὲῗζῃᾶ-

108 1897 307 1947 secundo,
330 1897 440 1950 quia,
463 1910 560 1937 cum
585 1897 752 1938 occulta
778 1897 819 1936 vi
840 1901 882 1937 et
903 1911 994 1937 non
1020 1910 1096 1950 per
1116 1896 1359 1937 sensibilem
1380 1896 1565 1949 aliquam
1582 1890 1611 1919 le
1627 1890 1727 1920 audit.

110 1963 429 2005 evacuationem
463 1964 661 2004 morbum
692 1968 954 2014 averruncet,
985 1968 1182 2004 statuunt
1217 1963 1406 2017 plerique
1433 1968 1566 2003 mate-

110 2031 217 2072 riam
233 2030 430 2072 morbum
453 2031 792 2072 committentem
810 2045 916 2084 quae
934 2031 1110 2085 propelli
1129 2031 1345 2080 debuerat,
1361 2035 1568 2084 tanquam

109 2099 277 2140 hostem
302 2099 416 2139 intra
443 2099 612 2139 moenia
639 2099 678 2139 vi
706 2099 872 2139 corticis
901 2099 1166 2151 astringente
1189 2099 1399 2139 inclusam
1422 2098 1568 2147 latere,

111 2180 240 2208 novos
262 2165 458 2207 daturam
485 2166 711 2216 tumultus,
735 2171 862 2219 atque
889 2179 1065 2219 aegrum
1091 2179 1178 2206 non
1201 2166 1370 2219 penitus
1392 2165 1570 2205 evasisse

112 2247 210 2274 cum
246 2233 384 2273 adhuc
412 2238 608 2274 catenam
643 2233 800 2274 trahat.
862 2233 943 2274 Ast
978 2233 1023 2273 hi
1054 2247 1142 2274 non
1183 2233 1285 2273 satis
1326 2232 1570 2281 attendunt,

112 2300 285 2341 sudores
301 2314 600 2354 paroxysmum
630 2301 828 2341 finientes
848 2301 893 2341 id
915 2314 1041 2341 omne
1072 2300 1185 2354 quod
1211 2300 1257 2340 in
1286 2299 1428 2340 lucido
1461 2300 1571 2340 sani-

111 2365 214 2408 tatis
247 2367 470 2408 intervallo
506 2367 855 2409 accumulabatur
895 2382 1065 2422 prorsus
1106 2367 1358 2418 eliminasse,
1399 2380 1572 2407 manere

113 2440 286 2476 tantum
324 2434 462 2476 morbi
506 2435 735 2476 seminium
774 2440 965 2489 tempore
1001 2434 1331 2485 maturandum;
1375 2434 1571 2488 quodque

115 2507 258 2543 cortex
282 2502 518 2555 fugientem
544 2516 846 2557 paroxysmum
877 2518 902 2544 a
930 2507 1051 2556 tergo
1072 2516 1242 2556 urgens,
1272 2506 1314 2543 et
1335 2502 1571 2556 intercepto

116 2569 188 2622 qui
213 2569 416 2611 debuerat
437 2570 752 2612 subministrari
776 2570 914 2612 morbi
935 2575 1175 2612 commeatu
1197 2570 1281 2612 sive
1302 2570 1462 2620 fomite,
1483 2584 1572 2611 non

115 2641 256 2690 potest
285 2636 331 2677 in
363 2638 569 2691 sanguine
599 2638 783 2680 retinere
815 2639 926 2692 quod
953 2639 1042 2692 jam
1073 2638 1118 2678 in
1148 2638 1221 2678 illo
1248 2652 1337 2679 non
1366 2637 1448 2678 nisi
1478 2642 1572 2678 tan-

118 2719 245 2758 quam
274 2705 321 2746 in
352 2706 526 2761 embryo
555 2707 778 2760 reperitur,
811 2720 859 2747 ac
895 2706 1072 2759 proinde
1103 2719 1241 2758 neque
1273 2705 1572 2758 strangulatio-

118 2787 223 2814 num
249 2788 386 2827 neque
417 2774 759 2815 obstructionum
791 2789 897 2828 quae
923 2774 1050 2827 vulgo
1082 2773 1356 2828 objiciuntur,
1383 2786 1479 2813 reus
1510 2778 1574 2813 est

118 2842 398 2895 peragendus.

208 2924 216 2943 ¹
236 2926 436 2967 nisi—cedit]
455 2937 517 2958 om.
536 2927 583 2957 ed.
602 2928 664 2957 ‘80.
947 2932 967 2945 ¹¹⁸
992 2929 1111 2957 corticis
1127 2925 1233 2966 hujus]
1251 2927 1344 2964 ipsius
1360 2925 1407 2955 ed.
1425 2926 1485 2955 '80.

783 2994 855 3020 00
