1985 3308
206 276 260 305 DE
279 273 393 303 Vam-

207 326 285 347 oms
301 316 394 346 Cox-

227 368 373 390 FLUENT.

214 1494 368 1531 Naturae,

212 1547 275 1566 non
293 1537 376 1574 Arti,

213 1589 283 1609 mos
299 1586 346 1610 est

211 1623 379 1661 gerendus.

407 157 495 197 344
823 157 1081 199 THOMAE
1115 157 1455 199 SYDENHAM

410 263 541 304 vitam
562 264 652 318 ipso
672 265 783 305 facto
805 265 1086 318 extinguant,)
1115 279 1241 318 quam
1263 265 1398 317 magis
1421 263 1560 304 dubiis
1582 277 1630 304 ac
1650 262 1870 304 fallacibus

412 332 609 373 Medicae
630 332 749 373 Artis
773 333 945 386 regulis.
1006 332 1203 385 Exempli
1225 331 1362 384 gratia
1380 348 1387 371 :
1419 330 1537 371 febre
1559 330 1734 371 ardente
1753 330 1869 371 labo-

410 414 510 442 rans
530 400 737 441 tenuioris
763 406 890 455 potus
910 400 1179 453 refrigerium
1203 398 1432 439 liberaliori
1458 412 1591 438 manu
1623 410 1871 438 concessum

409 467 463 507 iri
489 467 764 508 vehementer
795 467 998 520 efflagitat
1013 484 1024 516 ;
1070 466 1189 507 Artis
1218 466 1309 519 jam
1339 465 1617 515 theoremata,
1645 464 1874 518 hypothesi

411 533 537 574 alicui
556 534 715 584 innixa,
740 548 846 587 quae
869 534 948 574 sibi
970 534 1100 573 alium
1126 547 1301 586 scopum
1321 533 1533 586 proponit,
1557 546 1740 587 quocum
1763 547 1871 586 pug-

410 606 486 642 nat
517 601 691 656 liquoris
722 601 918 655 frigentis
948 601 1231 654 indulgentia,
1269 601 1478 654 appetitui
1508 601 1797 651 adversantur,
1829 605 1873 642 et

410 669 538 723 hujus
559 669 651 709 loco
672 669 1033 709 medicamentum
1055 668 1295 709 cardiacum
1316 669 1542 722 imperant.
1603 668 1726 708 Idem
1749 681 1873 721 aeger

412 737 604 777 alimenti
635 750 762 777 omne
794 750 942 789 genus,
973 736 1146 790 dempto
1178 741 1284 790 potu
1313 736 1448 786 tenui,
1476 736 1761 789 maximopere
1790 736 1874 776 fas-

411 805 510 845 tidit
523 821 535 854 3
577 804 646 844 hic
680 805 777 854 Ars,
806 804 990 844 maxime
1021 804 1094 844 illa
1127 818 1255 857 quam
1285 804 1542 857 profitentur
1572 803 1800 844 curatrices
1831 808 1875 844 et

413 872 538 912 amici
562 871 792 922 adstantes,
815 872 990 912 omnino
1018 871 1328 913 comedendum
1349 886 1439 912 esse
1465 871 1617 912 acriter
1638 871 1873 912 contendit.

412 940 548 990 Alter,
577 944 673 993 post
706 939 961 980 diuturnum
989 940 1042 981 ab
1071 940 1220 981 eadem
1251 954 1379 981 causa
1408 940 1672 994 languorem,
1702 939 1876 980 absurdi

413 1008 586 1062 aliquid,
604 1013 646 1049 et
669 1008 782 1062 quod
797 1008 907 1049 forte
927 1023 1080 1050 nocere
1099 1023 1222 1063 posse
1242 1009 1448 1060 videatur,
1466 1010 1620 1050 obnixe
1634 1009 1743 1063 petit
1758 1026 1770 1059 3
1791 1009 1876 1049 Ars

412 1076 570 1116 iterum
600 1077 781 1117 molesta
810 1091 853 1117 se
882 1077 1072 1131 opponit,
1096 1082 1139 1118 et
1169 1083 1352 1119 mortem
1379 1078 1567 1118 intentat
1598 1091 1760 1118 morem
1786 1091 1876 1118 non

414 1144 593 1197 gerenti,
625 1144 708 1184 nisi
732 1144 841 1185 forte
872 1145 988 1198 ipsus
1020 1145 1190 1186 Artifex
1219 1160 1371 1186 sanum
1399 1146 1522 1186 illum
1556 1145 1877 1200 prudentissimi

415 1212 688 1266 Hippocratis
708 1214 996 1266 Aplzorismum
1027 1214 1087 1268 [ii.
1111 1216 1179 1254 38.
1202 1219 1234 1255 t.
1257 1214 1315 1255 iii.
1338 1230 1378 1268 p.
1399 1215 1516 1269 717.]
1543 1215 1674 1268 probe
1700 1228 1876 1255 concox-

415 1280 508 1329 erit,
548 1279 627 1333 [Τὸ
659 1282 824 1336 σμικρῷ
852 1283 994 1337 χεῖρον
1024 1280 1094 1322 καὶ
1129 1281 1248 1333 πόμα
1278 1281 1349 1323 καὶ
1380 1283 1527 1333 σιτίον,
1563 1280 1678 1334 ἥδιον
1708 1280 1763 1330 δὲ,
1793 1282 1878 1322 τῶν

414 1346 646 1395 βελτιόνων
669 1347 757 1399 μὲν,
780 1347 1040 1404 ἀηδεστέρων
1071 1347 1124 1400 δὲ,
1153 1351 1322 1401 μᾶλλον
1343 1348 1536 1405 αἱρετέον,
1564 1351 1591 1390 i.
1608 1350 1664 1403 e.]
1697 1349 1818 1390 Cibus
1839 1353 1878 1389 et

407 1419 534 1466 potus
551 1416 681 1467 paulo
704 1415 894 1467 deterior,
915 1418 1082 1457 suavior
1103 1422 1249 1468 tamen,
1272 1418 1504 1458 melioribus
1530 1418 1702 1471 quidem,
1724 1418 1798 1458 sed
1815 1418 1877 1458 in-

415 1484 669 1523 suavioribus
689 1484 782 1535 (hoc
804 1489 880 1534 est,
903 1486 1036 1525 minus
1053 1486 1220 1538 grati-53)
1240 1490 1300 1526 est
1321 1486 1632 1538 anteponendus.
1685 1485 1793 1540 [27]
1822 1486 1878 1527 In

417 1551 482 1591 his
505 1552 702 1592 omnibus
723 1553 917 1593 Naturae
943 1554 1006 1606 (ut
1029 1553 1223 1607 videtur,)
1259 1554 1597 1595 aberrationibus
1629 1554 1806 1607 quilibet
1832 1554 1879 1594 in

417 1619 535 1673 praxi
568 1619 732 1660 medica
761 1620 827 1660 vel
862 1621 1131 1662 mediocriter
1161 1627 1364 1672 versatus,
1396 1622 1523 1662 modo
1560 1622 1752 1662 animum
1785 1621 1878 1662 dili-

417 1692 568 1741 genter
584 1688 824 1739 adverterit‚
840 1689 961 1730 facile
979 1690 1195 1740 concedet,
1213 1705 1360 1744 aegros
1375 1690 1492 1730 haud
1512 1704 1682 1744 paucos,
1698 1690 1774 1731 ubi
1793 1690 1878 1744 pri-

415 1770 534 1795 mum
556 1756 712 1809 (spreto
729 1757 889 1797 Medici
907 1757 1166 1810 dictamine,)
1186 1758 1311 1811 genio
1328 1772 1404 1798 suo
1421 1757 1816 1809 obsecundaverint,
1835 1772 1879 1799 se

415 1824 567 1864 melius
596 1824 807 1865 habuisse.
870 1826 1023 1879 Neque
1051 1826 1131 1867 hoc
1153 1841 1254 1867 sane
1281 1827 1520 1878 mirabitur,
1544 1827 1617 1881 qui
1649 1841 1792 1868 secum
1813 1841 1877 1868 re-

213 2309 397 2339 Morbiacu·

212 2353 235 2382 ti
252 2357 327 2382 sunt
343 2352 397 2392 qui

213 2395 353 2425 DEUM

210 2437 329 2468 habent
339 2448 395 2469 au-

210 2481 345 2516 thorem,

208 2524 291 2553 sicut
302 2524 388 2553 chro-

210 2566 274 2595 nici
291 2567 376 2607 ipsos

210 2618 277 2639 nos.

416 1892 641 1945 putaverit,
659 1893 1030 1946 Sapientissimum
1043 1908 1186 1935 rerum
1200 1896 1391 1936 omnium
1403 1895 1701 1936 Coxnlronmi
1719 1895 1879 1937 STATo-

418 1959 596 2013 REMque
627 1961 823 2002 universa
853 1966 942 2003 tam
974 1963 1184 2016 exquisito
1216 1964 1363 2005 ordine
1395 1964 1633 2014 absolvisse,
1661 1969 1724 2014 ut,
1754 1964 1879 2005 sicuti

416 2028 559 2068 omnia
579 2029 773 2070 Naturae
804 2030 916 2070 mala
937 2030 990 2071 ad
1018 2031 1362 2072 concinnandam
1391 2032 1525 2073 totius
1553 2032 1690 2086 operis
1710 2032 1878 2073 harmo-

415 2095 533 2136 niam
564 2097 732 2151 egregie
766 2098 1024 2152 conspirent,
1056 2099 1118 2140 ita
1149 2113 1296 2140 eorum
1325 2100 1494 2153 singula
1525 2099 1666 2141 divino
1695 2099 1879 2153 quodam

416 2164 605 2215 artificio,
637 2166 830 2219 propriae
861 2167 1068 2208 essentiae
1100 2168 1220 2221 quasi
1256 2168 1501 2218 intertexto,
1535 2167 1763 2218 donantur,
1795 2181 1879 2221 quo

416 2231 657 2286 subjectum
688 2234 836 2275 eadem
861 2235 974 2275 mala
1005 2249 1029 2275 a
1058 2249 1101 2276 se
1133 2236 1384 2285 amoliatur,
1418 2235 1530 2289 quod
1556 2235 1602 2275 in
1632 2234 1879 2276 morborum

416 2315 543 2353 quam
563 2301 754 2355 plurium
776 2307 999 2344 acutorum
1021 2303 1138 2343 exitu
1159 2303 1345 2343 naturali
1367 2303 1468 2343 satis
1495 2302 1695 2353 cernitur,
1723 2303 1879 2355 (acutos

417 2369 522 2419 dico,
539 2369 611 2423 qui
626 2375 675 2410 ut
690 2370 924 2423 plurimum
942 2371 1020 2412 DE
1027 2371 1120 2412 UM
1136 2370 1295 2425 habent
1315 2370 1551 2421 authorem,
1569 2370 1677 2411 sicut
1692 2370 1880 2411 chronici

416 2437 526 2490 ipsos
547 2438 655 2491 nOS,)
680 2439 746 2479 uti
767 2438 896 2479 etiam
922 2439 969 2479 in
994 2438 1346 2492 propensionibus
1376 2438 1466 2478 istis
1489 2451 1596 2491 quae
1616 2437 1722 2478 tales
1750 2437 1877 2478 comi-

416 2510 565 2546 tantur
599 2507 783 2558 morbos,
818 2511 861 2548 et
898 2507 952 2547 ad
992 2521 1168 2560 aegrum
1202 2506 1253 2547 ab
1287 2507 1358 2546 illa
1391 2506 1576 2560 pernicie
1609 2505 1878 2546 liberandum

415 2573 525 2613 viam
548 2579 734 2625 struunt,
758 2589 885 2628 quam
901 2575 984 2615 Ars
1007 2575 1156 2625 adfert,
1175 2575 1338 2628 quoties
1354 2574 1398 2614 iu
1420 2575 1559 2615 fatuos
1576 2574 1701 2615 cadit.
1733 2574 1877 2627 Atque

414 2642 461 2681 in
481 2642 560 2683 hoc
582 2657 683 2684 sane
707 2643 817 2684 bene
839 2657 937 2684 cum
957 2643 1202 2684 hominibus
1230 2642 1384 2696 agitur,
1417 2657 1598 2696 quorum
1620 2655 1753 2695 genus
1780 2640 1876 2681 uni-

414 2725 582 2751 versum
624 2712 747 2753 aliter
787 2727 830 2753 se
871 2727 1077 2766 perquam
1117 2711 1227 2752 male
1268 2710 1487 2751 habuisset
1527 2715 1622 2750 tum
1657 2723 1754 2750 cum
1793 2709 1877 2749 Ars

415 2778 587 2820 Medica
607 2781 723 2822 intra
742 2781 889 2822 breves
908 2780 1112 2822 Hellados
1134 2779 1342 2821 cancellos
1362 2784 1455 2820 tota
1475 2783 1606 2819 staret
1619 2795 1631 2828 ς
1665 2790 1771 2831 quae
1786 2776 1876 2830 qui-

416 2846 512 2886 ‹lcm
535 2862 627 2888 eam
648 2849 733 2890 fere
756 2850 808 2890 ad
829 2856 1039 2890 terrarum
1067 2849 1212 2890 orbem
1239 2848 1556 2902 proportionem
1582 2845 1724 2896 habet,
1748 2859 1876 2898 quam

416 2914 542 2956 habet
565 2916 763 2970 ignobilis
792 2919 930 2972 aliqua
950 2919 1048 2959 villa
1069 2919 1122 2959 ad
1143 2923 1331 2958 nostram
1353 2916 1463 2957 hanc
1485 2913 1765 2955 Britanniam.
1818 2911 1874 2952 Et
