1985 3308
481 130 803 174 SCHEDULA
833 129 1184 171 MONITORIA
1216 131 1251 170 I.
1510 134 1595 173 497

512 248 637 294 Syrupi
655 248 697 283 de
715 247 827 282 Succo
845 247 1034 281 Citriorum
1053 247 1285 291 quantitatem
1303 246 1529 280 sufficientem
1544 261 1551 285 ς

327 307 408 341 Fiat
425 307 663 346 electuarium,
681 304 723 338 de
740 316 807 349 quo
825 304 941 349 capiat
957 303 998 337 ad
1023 303 1304 348 magnitudinem
1323 304 1422 337 nucis
1437 303 1594 337 moscha-

326 369 382 398 tae
403 375 506 397 mane
525 368 560 397 et
575 362 660 396 hora
682 363 807 406 quinta
823 362 1029 407 vespertina,
1046 360 1300 406 superbibendo
1325 361 1395 394 vini
1421 361 1596 405 sequentis

325 421 517 455 cochlearia
536 420 690 464 quinque
703 432 756 453 :—

139 530 271 571 [Form.
294 535 413 576 llO.]z
440 531 479 584 H
515 532 657 566 Radicis
678 532 862 573 Paeoniae,

129 599 132 602 ⁴
513 590 692 635 [Radicis]
715 590 850 624 Euulae
868 591 1083 635 Campanae,

511 647 690 690 [Radicis]
711 647 971 692 Imperatoriae,

511 703 689 747 [Radicis]
709 704 911 748 Angelicae‚
928 715 994 737 ana
1014 704 1153 737 unciam
1173 715 1292 744 unam,

512 760 689 794 Foliorum
707 760 833 801 Rutae,

512 816 725 861 [Foliorum]
747 818 896 858 Salviae,

513 873 727 919 [Foliorum]
748 874 949 915 Betonicae,

511 930 726 975 [Foliorum]
747 931 1016 976 Chamaedryos,

511 986 724 1032 [Foliorum]
747 988 919 1022 Marrubii
937 990 1029 1029 Albi,

511 1044 764 1079 Summitatum
779 1046 960 1079 Centaurii
980 1046 1142 1087 Minoris,
1156 1057 1223 1080 ana
1237 1047 1454 1091 manipulum
1474 1058 1595 1088 unum,

511 1101 705 1135 Baccarum
723 1102 746 1135 J
752 1103 886 1146 uniperi
905 1102 1087 1136 drachmas
1105 1115 1176 1141 sex,

513 1159 669 1191 Coi-tices
686 1158 833 1192 duorum
853 1159 1103 1192 Aurantiorum
1119 1173 1126 1196 ς

324 1214 543 1255 Incidantur,
565 1221 600 1249 et
624 1215 853 1248 infundantur
874 1215 1000 1260 frigide
1024 1217 1060 1249 in
1087 1216 1170 1249 Vini
1196 1216 1363 1250 Canarini
1388 1217 1493 1250 libras
1518 1228 1597 1256 sex;

323 1272 457 1305 coletur
472 1272 714 1306 tantummodo
731 1278 885 1317 tempore
902 1285 995 1306 usus.

137 1383 270 1427 [Form.
292 1387 407 1430 lll.]z
433 1382 473 1434 R
510 1386 633 1429 Aquae
650 1385 765 1419 Rutae
782 1386 904 1419 uncias
922 1390 1083 1429 quatuor,

511 1442 633 1486 Aquae
652 1441 869 1486 Epilepticae
888 1442 1028 1486 Langfi,

510 1500 667 1544 [Aquae]
688 1500 861 1545 Bryoniae
879 1500 1113 1545 Conmositae,
1131 1511 1200 1533 ana
1216 1501 1357 1533 unciam
1376 1511 1496 1539 unam,

511 1556 636 1601 Syrupi
656 1556 830 1590 Paeoniae
848 1557 1030 1591 drachmas
1045 1568 1106 1591 sex
1122 1570 1129 1597 ;

324 1612 457 1653 Misce;
481 1613 543 1647 fiat
562 1613 754 1658 julapium:
777 1615 893 1659 capiat
906 1613 1099 1648 cochlearia
1112 1619 1260 1658 quatuor
1270 1614 1418 1658 singulis
1435 1614 1596 1647 noctibus

321 1671 479 1704 cubitum
496 1671 619 1717 iturus,
636 1670 838 1704 instillando
857 1670 1007 1715 Spiritus
1024 1671 1143 1704 Cornu
1161 1671 1264 1704 Cervi
1282 1677 1400 1716 guttas
1417 1677 1505 1704 octo.

134 1789 390 1843 Applicetur
409 1790 567 1843 plantis
587 1790 745 1844 pedum
765 1791 1044 1844 emplastrum
1065 1804 1087 1831 e
1108 1804 1306 1830 caranna.

203 1860 312 1914 [21.]
351 1859 526 1901 Quanto
546 1859 682 1912 magis
704 1859 956 1900 convalescit
978 1873 1115 1912 aeger,
1137 1863 1260 1898 tanto
1281 1857 1424 1898 minus
1444 1857 1596 1910 pedem

135 1929 278 1979 ducit3
319 1932 443 1969 tanto
482 1928 640 1981 pariter
675 1932 717 1968 et
754 1927 912 1968 diutius
948 1931 990 1968 et
1026 1926 1292 1968 constantius
1331 1940 1510 1966 manum
1549 1925 1595 1965 in

132 1997 282 2038 eodem
313 1996 400 2036 situ
429 1995 633 2045 continet,
663 1999 706 2035 et
737 1995 944 2049 scyphum
974 1995 1036 2035 ori
1066 1994 1202 2047 magis
1233 1994 1394 2034 directa
1423 1993 1490 2033 via
1521 1992 1593 2032 ad-

135 2069 302 2106 movet:
342 2077 448 2117 quae
481 2062 715 2103 certissima
745 2068 846 2102 sunt
872 2061 1029 2102 indicia
1059 2065 1268 2114 quantum
1300 2059 1523 2114 profecerit
1550 2059 1596 2100 in

136 2132 320 2173 sanitate
359 2130 702 2183 redintegranda.
763 2129 832 2170 Ad
873 2143 1001 2182 quam
1041 2128 1213 2182 quidem
1259 2127 1595 2168 consummatius

135 2198 451 2255 perficiendam,
477 2198 576 2238 licet
604 2197 758 2238 author
781 2211 870 2237 non
903 2197 983 2236 sim
1013 2200 1064 2236 ut
1095 2196 1190 2249 plus
1221 2200 1288 2236 ter
1320 2199 1520 2248 quaterve
1546 2199 1596 2235 ut

135 2267 369 2322 plurimum
391 2265 644 2319 sanguinem
660 2264 828 2305 emittat
849 2278 987 2317 aeger,
1011 2268 1202 2304 attamen
1222 2263 1408 2303 remedia
1429 2262 1595 2303 cathar-

133 2335 220 2376 tica
254 2339 297 2375 et
334 2333 559 2374 alterantia
594 2346 778 2386 eousque
812 2332 857 2372 in
892 2346 1015 2371 usum
1055 2335 1157 2372 sunt
1191 2331 1426 2372 revocanda
1461 2330 1596 2372 donec

134 2402 368 2444 rectissime
389 2401 564 2442 tandem
584 2401 733 2441 valeat.
794 2400 851 2440 Et
873 2398 1074 2452 quoniam
1103 2398 1176 2452 qui
1195 2398 1275 2438 hoc
1296 2398 1444 2438 morbo
1467 2398 1597 2438 semel

133 2470 351 2520 laboravit,
373 2470 495 2510 facile
515 2469 742 2509 recidivam
763 2468 852 2522 pati
873 2467 1018 2521 possit,
1041 2481 1063 2508 e
1083 2481 1128 2508 re
1149 2467 1238 2507 fore
1259 2466 1465 2517 existimo,
1482 2471 1532 2506 ut
1553 2471 1596 2506 et

133 2539 420 2593 pertundatur
440 2538 479 2578 ei
504 2551 624 2587 vena,
647 2541 689 2577 et
716 2536 770 2577 ad
796 2536 882 2577 dies
910 2536 1069 2589 aliquot
1097 2539 1316 2588 purgetur,
1338 2535 1404 2574 vel
1429 2548 1479 2574 ea
1504 2533 1596 2587 ipsa

133 2610 388 2660 tempestate
410 2605 512 2646 annj
533 2604 761 2658 sequentis,
778 2604 843 2644 vel
864 2604 990 2657 paulo
1012 2607 1243 2655 antequam
1264 2601 1438 2642 morbus
1458 2602 1594 2655 primo

133 2672 300 2713 invasit.
345 2672 479 2712 Sane*
498 2671 614 2712 haud
635 2671 818 2711 multum
840 2671 958 2711 abest
977 2670 1080 2724 qujn
1100 2670 1199 2710 huic
1220 2670 1421 2710 methodo
1439 2669 1592 2723 epilep-

134 2740 240 2781 siam
261 2740 503 2780 adultorum
529 2739 677 2780 cedere
704 2753 825 2793 posse
853 2743 1085 2788 autumem,
1107 2738 1234 2778 modo
1260 2737 1447 2778 remedia
1473 2752 1592 2791 prae-

134 2814 290 2868 scripta
325 2813 453 2854 aetati
494 2827 642 2854 eorum
676 2812 756 2853 rito
797 2811 1112 2865 adaequentur3
1159 2811 1341 2862 tametsi,
1373 2825 1469 2851 cum
1506 2826 1593 2852 non

177 2905 190 2921 2
215 2898 264 2928 Cf.
282 2899 407 2929 sor-mm.
430 2900 498 2934 183,
519 2900 588 2930 184,
1009 2901 1021 2914 '¹
1045 2896 1324 2936 Sane—capenas]
1342 2907 1403 2927 om.
1422 2897 1468 2928 ed.
1488 2897 1549 2928 ’86.

835 2952 861 2990 3
885 2964 903 2989 s

1614 251 1799 282 DssNovAn

1641 295 1770 325 Fennis

1619 337 1796 366 Isauri-:ssu

1615 2611 1676 2642 Cui
1693 2622 1760 2641 nic·-

1612 2654 1708 2685 thodo
1721 2656 1789 2695 cpi-

1610 2697 1746 2737 lepsiam

1611 2740 1794 2770 adultorum

1612 2783 1722 2812 cedere
1730 2793 1799 2822 pos-

1613 2836 1645 2855 se
1663 2826 1789 2855 Autlior

1613 2873 1768 2898 autumat.
1809 2867 1812 2870 ’
