1985 3308
416 149 500 190 166
828 148 1086 190 ΤΗΟΜΑΕ
1119 147 1461 190 SYDENHAM

224 262 396 291 Cnonmu
415 255 636 309 sanguinis
655 254 831 295 tandem
855 255 1054 296 humores
1075 255 1214 295 vitiosi
1234 255 1442 308 irrepunt,
1465 258 1593 306 atque
1622 252 1724 293 mali
1743 252 1872 293 moris

219 304 394 377 ἓξῗζιῖξξ
413 323 566 363 febrim
585 323 707 364 facile
729 323 981 373 accendunt,
998 323 1127 363 etiam
1149 322 1284 376 aegris
1307 321 1541 375 gravissimi
1560 320 1663 362 mali
1681 320 1872 361 taedium

413 391 659 445 procrearic.

479 458 557 511 [6.]
595 459 654 498 At
675 472 773 498 vero
794 458 1022 510 diligenter
1042 462 1105 498 est
1127 456 1566 506 animadvertendum,
1585 454 1710 509 quod,
1729 454 1764 494 si
1784 467 1874 494 non

414 526 635 567 accesserit
671 525 868 566 Medicus
901 525 983 565 nisi
1019 530 1245 578 postquam
1287 538 1412 577 aeger
1451 524 1616 564 vomitu
1655 536 1704 562 ac
1736 521 1873 575 dejec-

413 595 602 635 tionibus
644 594 698 634 ad
731 594 856 634 horas
889 593 1234 645 aliquammultas
1270 591 1531 633 continuatis
1571 592 1691 644 (puta
1726 589 1874 630 decem

211 672 319 712 Aegro
335 673 367 702 in
414 662 480 702 vel
510 661 763 712 duodecim,)
797 661 925 700 fuerit
959 660 1203 709 exhaustus,
1231 664 1273 699 et
1305 660 1395 713 jam
1425 659 1655 711 frigescant
1684 662 1874 698 extrema

211 716 363 787 ξζξζῗὲζῗ
415 729 703 769 membrorum
717 744 727 776 3
759 728 838 767 hoc
863 728 1083 779 (inquam,)
1109 740 1222 775 casu,
1245 726 1411 766 omissis
1431 726 1524 766 aliis
1548 725 1873 778 quibuscunque

211 805 300 829 sante
315 800 354 829 ad
416 796 593 845 auxiliis,
611 801 728 835 recto
743 809 869 835 cursu
886 794 938 834 ad
961 808 1122 834 sacram
1142 793 1270 847 hujus
1286 793 1424 833 morbi
1441 793 1684 842 anchoram,
1705 792 1872 832 Lauda-

210 841 386 914 {ffgssassggn
415 877 509 903 num
538 862 745 914 intelligo,
783 861 1117 914 confugiendum
1151 866 1214 901 est
1229 877 1240 910 3
1288 860 1401 913 quod
1435 874 1523 900 non
1554 863 1726 899 tantum
1757 857 1874 899 exhi-

207 927 396 998 {thgiefldun'
415 929 604 970 bendum
633 934 696 969 est
723 928 976 981 urgentibus
1008 927 1317 981 symptomatis,
1348 926 1421 967 sed
1452 926 1581 966 etiam
1609 924 1873 966 cessantibus

259 991 265 998 ’
413 997 576 1038 vomitu
616 1010 663 1036 ac
703 995 925 1036 diarrhoea
962 1008 1086 1034 mane
1127 1000 1169 1035 et
1217 1008 1309 1035 sero
1350 994 1538 1046 quotidie
1577 992 1873 1047 repetendum,

415 1064 549 1105 donec
568 1063 769 1117 pristinas
790 1063 898 1103 xires
921 1076 1045 1115 aeger
1067 1076 1114 1102 ac
1136 1062 1364 1102 sanitatem
1385 1061 1560 1101 tandem
1580 1060 1801 1114 receperit.

478 1132 556 1185 [7.]
597 1131 681 1171 Hic
711 1130 898 1181 morbus,
923 1130 1239 1184 quantumlibet
1270 1129 1542 1182 epidemicus‚
1564 1128 1779 1169 rarissime
1808 1132 1872 1168 ta-

412 1213 512 1240 men
530 1199 658 1252 (quod
674 1213 800 1252 supra
827 1199 880 1252 [c.
899 1200 936 1238 1.
954 1199 975 1253 ξ
994 1198 1052 1251 l.]
1083 1198 1245 1238 dictum
1263 1198 1355 1249 est,)
1372 1196 1572 1250 Augusti,
1591 1210 1673 1249 quo
1686 1195 1874 1249 primum

413 1267 549 1320 coepit
583 1280 743 1316 mense,
772 1266 976 1306 terminos
1009 1265 1210 1314 excessit3
1255 1278 1305 1305 ex
1342 1278 1425 1317 quo
1455 1263 1562 1303 mihi
1593 1262 1739 1303 subest
1773 1275 1875 1302 con-

412 1335 610 1388 templari
644 1333 1008 1387 elegantissimum
1042 1332 1150 1372 illud
1185 1331 1595 1384 subtilissimumque
1631 1329 1871 1380 artificium,

414 1417 496 1456 quo
527 1402 666 1442 utitur
699 1402 869 1442 Natura
899 1401 946 1441 in
981 1400 1313 1454 epidemicorum
1348 1398 1563 1439 natalibus
1600 1403 1728 1451 atque
1760 1402 1872 1438 ortu.

413 1470 535 1510 Licet
576 1469 690 1509 enim
726 1469 897 1509 eaedem
931 1482 1102 1521 prorsus
1139 1472 1343 1507 maneant
1379 1479 1543 1516 causae,
1575 1464 1690 1505 unde
1730 1464 1873 1518 plures

413 1537 491 1578 sub
513 1538 643 1577 finem
666 1536 927 1590 Septembris
944 1549 1075 1589 acque
1098 1549 1144 1576 ac
1162 1548 1307 1575 mense
1328 1534 1608 1588 praecedente
1623 1533 1703 1574 hoc
1725 1532 1874 1574 morbo

410 1610 590 1658 possunt
605 1604 771 1658 corripi,
794 1604 942 1656 (nimia
959 1603 1117 1644 scilicet
1134 1603 1353 1643 fructuum
1374 1602 1641 1643 horariorum
1656 1600 1869 1654 ingestio,)

412 1673 597 1714 eundem
618 1678 764 1712 tamen
780 1686 867 1712 non
890 1671 1008 1725 sequi
1028 1671 1220 1711 videmus
1237 1671 1449 1711 effectum.
1503 1669 1707 1723 Quisquis
1728 1673 1874 1709 autem

210 1759 347 1789 Choma
413 1742 617 1782 Cholerae
639 1741 783 1782 Morbi
804 1741 985 1794 legitimi
1005 1742 1202 1793 (quocum
1221 1740 1309 1780 solo
1331 1739 1452 1779 nobis
1474 1737 1874 1791 impraesentiarum

209 1802 393 1883 ἓξιῗᾚζζῆς
412 1823 478 1849 res
510 1810 603 1861 cst,)
635 1808 930 1861 phaenomena
961 1807 1148 1848 studiose
1180 1806 1409 1859 collegerit,
1434 1805 1639 1845 fatebitur
1674 1803 1872 1844 morbum

209 1886 272 1916 alio
289 1887 363 1916 anni
412 1877 556 1926 istum,
595 1876 667 1930 qui
707 1876 851 1929 quovis
888 1876 968 1915 alio
1009 1874 1112 1915 anni
1147 1879 1335 1927 tempore
1375 1873 1550 1922 invadit,
1591 1871 1780 1925 quamvis
1821 1885 1874 1912 ex

208 1934 395 2003 {fssfflfirfab
414 1944 560 1984 eadem
588 1944 804 1984 occasione
830 1948 1100 1996 prognatimi‚
1124 1947 1250 1994 atque
1278 1940 1511 1981 eorundem
1538 1943 1872 1992 symptomatum

208 2013 268 2043 h0c
286 2014 390 2051 legiti-
414 2012 630 2052 nonnullis
662 2012 879 2064 stipatum,
905 2010 957 2050 ab
988 2011 1068 2050 hoc
1100 2015 1245 2050 nostro
1272 2014 1366 2049 toto
1394 2007 1510 2048 coelo
1543 2006 1724 2056 distare,
1755 2005 1872 2046 haud

207 2062 378 2128 ἓζζῇῗᾏοῑς,
415 2080 536 2120 aliter
557 2094 604 2120 ac
626 2080 660 2119 si
681 2079 727 2119 in
748 2084 846 2120 a'ere
870 2078 1093 2132 peculiaris
1114 2077 1271 2117 mensis
1296 2076 1425 2129 hujus
1446 2070 1577 2115 lateat
1602 2073 1872 2114 reconditum

207 2146 261 2170 tat.
415 2161 462 2187 ac
476 2147 685 2201 peculiare
701 2146 914 2199 quiddam,
925 2145 1037 2199 quod
1051 2145 1287 2198 specificam
1299 2142 1545 2197 hujusmodi
1559 2141 1873 2191 alterationem,

413 2215 489 2255 soli
509 2215 609 2255 huic
629 2215 777 2255 morbo
799 2214 1057 2268 adaptatam,
1079 2213 1145 2253 vel
1168 2211 1306 2253 cruori
1326 2211 1391 2252 vel
1411 2209 1635 2251 ventriculi
1659 2209 1872 2250 fermento

409 2282 545 2323 valeat
566 2282 821 2336 imprimere.

1004 2408 1131 2448 CAP.
1165 2405 1274 2448 III.d

588 2515 841 2566 Dysenteria
854 2515 1016 2566 partise
1038 2515 1136 2553 anni
1159 2514 1283 2563 1669,
1306 2516 1426 2565 atque
1447 2513 1695 2565 inteyrorum

927 2605 1051 2655 1670,
1077 2604 1200 2653 1671,
1227 2604 1349 2644 1672.

208 2708 359 2739 Tormiua
467 2705 670 2745 VENTRIS
698 2705 899 2746 Tormina
921 2705 1011 2745 sine
1033 2704 1339 2758 dejectionibus
1366 2703 1488 2743 initio
1509 2702 1710 2755 Augusti,
1736 2701 1860 2751 1669,

207 2753 273 2782 sine
286 2753 388 2791 dejec-
898 2773 905 2779 .
1008 2773 1014 2780 .
1167 2772 1174 2779 .

204 2796 343 2825 ,ionibus
413 2774 475 2823 (ut
493 2787 618 2826 supra
641 2773 693 2826 [c.
714 2775 752 2813 1.
770 2775 792 2828 {x
814 2773 872 2827 1.]
895 2774 1144 2825 1nnuimus,)
1164 2771 1362 2812 invadere
1379 2775 1631 2824 coeperunt,
1659 2775 1701 2810 et
1715 2782 1860 2810 excur-

451 2877 462 2889 ⁶
490 2872 626 2911 Reliqua
640 2873 739 2912 hujus
755 2884 821 2914 cap.
839 2884 902 2903 om.
919 2874 964 2904 ed.
984 2874 1046 2903 ’68.
1166 2875 1298 2904 Prot-ess.
1318 2873 1376 2902 Int.
1395 2881 1421 2901 c.
1439 2872 1488 2901 22.

452 2914 464 2931 '¹
490 2914 587 2944 Deest
605 2915 663 2944 hoc
680 2926 745 2956 cap.
764 2917 797 2946 in
813 2917 882 2948 edd.
899 2917 961 2952 ¹66,
976 2917 1038 2946 '68.
1056 2916 1103 2946 Cf.
1210 2913 1222 2928 ²
1244 2912 1493 2953 partis—1672]
1511 2923 1572 2943 om.
1591 2913 1640 2942 ed.
1659 2912 1720 2943 76.

1968 256 1985 959 -mmfflffleq=hafloetl
