1985 3308
433 145 516 186 136
842 144 1098 186 THOMAE
1132 142 1472 184 SYDENHAM

225 258 410 287 Vmuoms
428 255 627 309 produnt,
651 261 800 307 aegroz
823 268 926 293 aura
939 252 1148 302 liberiore,
1169 253 1280 302 vino,
1298 266 1346 292 ac
1367 250 1559 291 carnium
1576 263 1651 290 esu
1665 247 1886 298 interdico,

226 301 410 374 {si-[³233
429 324 671 365 cerevisiam
698 336 795 363 vero
822 322 1060 362 tenuiorem
1087 335 1196 374 pane
1222 327 1334 361 tosto
1365 319 1512 360 lexiter
1538 317 1792 370 tepefactam
1811 330 1887 370 pro

248 386 384 417 ’67:651.
427 399 533 446 potu
554 391 779 441 ordinario,
798 405 844 430 ac
861 389 1063 430 subindea
1078 404 1152 443 pro
1170 389 1343 429 arbitrio
1359 384 1661 428 hauriendamb
1678 384 1886 434 conced03

427 477 504 516 pro
534 463 649 503 victu
679 461 808 502 etiam
843 461 1010 513 juscula
1040 473 1258 508 avenacea,
1289 458 1557 506 hordeaceae,
1588 469 1715 509 poma
1753 460 1885 505 cocta,

428 531 606 585 aliaque,
649 544 754 584 quac
794 543 932 582 neque
977 528 1156 581 frigoris,
1198 541 1336 580 neque
1383 526 1530 566 caloris
1575 525 1661 564 vim
1702 523 1887 577 aliquam
1912 551 1919 557 ·

427 600 641 652 egregiam
671 597 879 646 obtinent,
903 602 975 637 aut
1006 595 1239 637 ventriculo
1270 599 1522 635 concocturo
1553 592 1788 634 molestiam
1817 605 1886 632 ex-

427 665 591 715 hibent,
613 666 805 719 injungo.
867 663 960 703 Nec
991 663 1208 715 wilgarem
1238 662 1353 701 illam
1384 661 1670 714 rusticamque
1701 659 1887 700 diaetam

428 733 657 774 admodum
681 730 886 784 improbo,
908 743 1061 782 nempe
1088 735 1136 769 ut
1164 729 1273 769 lacte
1303 742 1400 768 cum
1431 742 1556 781 pomo
1584 734 1702 769 cocto
1724 734 1765 769 et
1787 742 1886 768 con-

426 807 523 841 tuso
553 805 757 849 vescatur,
789 798 914 839 modo
947 802 1120 838 cautum
1158 797 1211 837 sit
1247 802 1294 836 ut
1331 810 1379 837 co
1411 810 1486 849 per
1517 796 1627 836 vices
1661 801 1810 836 utatur
1843 801 1887 837 et

426 870 603 918 modice,
631 869 802 920 dempto
831 867 959 907 etiam
986 866 1107 906 lactis
1135 866 1304 918 frigore.
1365 866 1405 905 A
1429 863 1663 918 regimined
1689 865 1887 907 calidiore

426 938 621 991 protinus
642 936 827 985 inhibeo,
850 940 897 975 ut
920 939 961 975 et
984 934 1035 974 ab
1057 949 1139 974 usu
1165 934 1572 974 medicamentormn
1598 934 1887 975 cardiacorum

221 1009 370 1058 Variolfoe
430 1018 791 1059 quorumcunque,
815 1003 968 1056 quibus
988 1002 1181 1043 Variolas
1201 1002 1247 1042 in
1268 1008 1409 1043 cutem
1434 1007 1533 1043 ante
1554 1002 1666 1043 diem
1687 1007 1887 1056 quartum

221 1053 395 1134 {iffi‘gffin
432 1074 518 1127 (qui
550 1073 763 1126 eruptioni
792 1072 985 1126 proprius
1018 1076 1081 1112 est
1118 1085 1165 1111 ac
1194 1070 1435 1124 naturalis,)
1464 1076 1624 1112 temere
1654 1071 1887 1125 propellere

226 1138 383 1187 eruptioni
424 1142 622 1183 nonnulli
643 1146 843 1195 satagunt
857 1157 868 1190 ς
901 1154 999 1180 011111
1028 1154 1104 1193 pro
1133 1144 1248 1180 certo
1278 1140 1458 1180 habeam
1489 1154 1537 1180 eo
1562 1140 1697 1193 magis
1718 1141 1885 1181 univer-

222 1191 381 1259 {gagii}
424 1210 554 1251 salem
574 1210 663 1250 fore
679 1209 881 1249 materiae
897 1208 1142 1248 Variolosae
1164 1208 1486 1260 separationem,
1505 1222 1587 1261 quo
1602 1207 1766 1248 tardius
1778 1208 1886 1249 istae

222 1272 342 1339 {ffl‘ssff
360 1267 390 1296 ³¹¹
423 1282 720 1332 prorumpunt,
738 1277 915 1331 proinde
937 1281 979 1317 et
1001 1277 1231 1317 securiores
1251 1291 1474 1330 possumus
1494 1291 1583 1318 esse
1603 1292 1658 1318 ne
1680 1292 1723 1318 se
1745 1278 1886 1319 denuo

223 1352 403 1391 propellen-
424 1347 538 1387 intro
569 1345 754 1386 condant
785 1350 826 1385 et
857 1345 1013 1385 rectius
1042 1349 1354 1385 matiu’escent:
1388 1359 1498 1394 cum,
1522 1345 1556 1385 si
1587 1352 1686 1387 ante
1716 1350 1886 1400 tempus

222 1394 287 1426 dae.
425 1414 719 1463 extrudantur,
740 1412 1042 1466 praecipitatur
1064 1413 1242 1453 materia
1272 1413 1403 1454 cruda
1433 1413 1570 1454 adhuc
1591 1420 1719 1467 atque
1738 1414 1886 1456 incon-

425 1488 556 1532 cocta,
579 1496 686 1535 quae
708 1481 761 1521 ad
781 1481 916 1521 instar
935 1479 1152 1520 fructuum
1174 1480 1488 1533 praecociorum
1507 1480 1626 1521 inani
1647 1495 1720 1535 spe
1739 1481 1884 1523 lactat.

224 1558 335 1607 hssifnia
348 1559 407 1607 hae
432 1549 541 1604 [432]
582 1549 703 1590 Adde
733 1548 844 1601 quod
878 1547 929 1587 ab
962 1547 1041 1586 hac
1074 1547 1255 1586 nimium
1290 1547 1491 1588 festinata
1526 1547 1746 1601 diligentia
1775 1549 1885 1602 peri-

223 1602 388 1641 d¹l¹g⁰¹¹t¹³
428 1619 570 1660 culum
601 1622 664 1658 est
696 1617 756 1669 (in
787 1615 1055 1656 calidioribus
1086 1615 1335 1668 praesertim
1363 1615 1710 1668 temperamentis
1741 1630 1789 1656 ac
1819 1631 1889 1657 ve-

221 1655 261 1674 ex
272 1644 410 1675 Distine-

222 1687 408 1717 tisConflu-
428 1686 673 1741 getioribus,
707 1699 886 1738 quorum
921 1683 1127 1737 principia
1160 1685 1295 1724 activa
1326 1685 1421 1737 plus
1458 1685 1558 1725 satis
1599 1685 1888 1726 cardiacorum

221 1736 401 1803 Ξὲἑῗχῇἳῗ
427 1754 625 1807 supplent
649 1752 811 1803 vicem)
837 1765 891 1791 ne
913 1750 1082 1790 Natura
1111 1751 1238 1790 nimis
1266 1751 1443 1792 incitata
1471 1757 1699 1806 coactaque
1719 1754 1887 1795 univer-

425 1837 517 1863 sam
546 1835 655 1876 pene
683 1819 869 1873 corporis
898 1818 1181 1859 substantiam
1208 1818 1254 1858 in
1282 1818 1474 1859 Yariolas
1503 1820 1694 1861 effundat
1707 1838 1719 1870 3
1751 1821 1812 1862 ita
1838 1826 1888 1863 ut

421 1891 512 1944 jam
547 1889 763 1930 confluant
799 1887 907 1936 illae,
946 1900 1066 1939 quae,
1103 1886 1185 1926 nisi
1219 1886 1314 1939 plus
1355 1901 1488 1940 aequo
1528 1902 1805 1941 properasses,
1841 1889 1888 1931 in

426 1959 738 2000 Distinctarum
759 1955 906 1996 ordine
926 1954 1091 1994 laetiori
1116 1955 1257 1995 omine
1279 1954 1581 1997 substitissent.
1646 1956 1779 1998 Porro
1799 1972 1888 1998 non

425 2028 520 2068 ideo
561 2026 706 2067 statim
740 2024 852 2064 foras
884 2022 1180 2076 propellendae
1213 2028 1313 2063 sunt
1349 2023 1546 2064 Variolae
1586 2024 1661 2065 ubi
1701 2025 1888 2078 primum

426 2097 567 2149 aliqua
595 2093 734 2134 morbi
762 2092 890 2145 hujus
922 2091 1102 2144 suspicio
1135 2091 1282 2141 oritur,
1315 2092 1414 2144 quia
1445 2092 1602 2133 scilicet
1633 2107 1758 2146 aeger
1787 2099 1887 2135 ante

424 2164 694 2217 eruptionem
733 2160 1006 2201 vehementer
1045 2163 1094 2198 ut
1129 2158 1361 2211 plurimum
1401 2158 1565 2200 laborat
1607 2161 1886 2214 angiturque;

425 2248 523 2273 cum
553 2246 608 2272 ne
638 2230 704 2271 vel
733 2244 821 2269 una
853 2227 1022 2281 quidem
1053 2226 1259 2267 instantia
1289 2227 1420 2280 possit
1452 2227 1618 2268 ostendi
1645 2228 1887 2282 quempiam

425 2300 520 2340 idco
560 2298 783 2346 interiisse,
816 2300 915 2335 utut
956 2294 1139 2348 graviter
1179 2294 1473 2347 aegrotaverit,
1511 2295 1622 2348 quod
1660 2310 1749 2336 non
1788 2310 1887 2338 mox

426 2368 644 2422 prodirent
668 2364 879 2413 Variolae,
905 2362 970 2403 vel
1000 2361 1215 2401 Naturam
1244 2361 1394 2401 iisdem
1425 2362 1558 2402 serius
1586 2376 1714 2417 ocyus
1743 2369 1886 2405 extru-

427 2436 575 2476 dendis
612 2434 807 2483 defuisse,
843 2431 926 2471 nisi
962 2429 1095 2471 sicubi
1133 2429 1339 2483 regimine
1380 2430 1576 2471 calidiore
1612 2437 1654 2472 et
1689 2433 1886 2474 remediis

425 2503 627 2545 cardiacis
655 2504 923 2555 praemature
954 2497 1131 2551 ingestis
1160 2497 1287 2537 fuerit
1318 2497 1533 2551 impedita.
1594 2500 1768 2541 Etenim
1798 2515 1885 2542 non
1922 2551 1926 2553 Δ

426 2572 557 2613 semel
592 2567 807 2612 observavi
841 2566 887 2606 in
918 2563 1159 2619 junioribus
1200 2569 1243 2605 et
1277 2570 1616 2618 temperamento
1651 2568 1886 2621 sanguineo
1934 2557 1938 2560 .

472 2727 484 2741 z
509 2716 617 2756 aegro]
635 2727 758 2755 aegrum
775 2715 821 2745 ed.
840 2714 901 2743 ⁷68.
1187 2722 1242 2751 pro
1259 2712 1374 2752 quibus
1391 2720 1499 2744 extant
1517 2714 1594 2745 haec
1610 2727 1712 2756 pauca
1723 2718 1886 2750 :—Q110ad

471 2765 484 2778 ιι
507 2759 647 2797 subinde]
666 2769 870 2796 nonnunquam
887 2756 934 2786 ed.
953 2755 1017 2791 ⁹68,
1033 2755 1095 2786 ’76-
1188 2757 1257 2784 lecti
1279 2766 1371 2791 usum,
1391 2767 1455 2786 eum
1473 2757 1569 2796 justa
1588 2761 1661 2789 anni
1683 2765 1884 2799 tempestatem

474 2802 487 2819 n
511 2801 614 2840 ſtrum]
633 2802 849 2839 degustandum
868 2799 917 2828 ed.
934 2799 985 2828 ’68
1186 2809 1222 2827 αι·
1243 2798 1430 2828 ΓανίοΙανιιηι
1449 2802 1574 2838 copiam,
1590 2803 1636 2831 rel
1655 2801 1703 2840 (ut
1718 2805 1884 2833 hominibus

472 2850 484 2861 ⁶
509 2847 591 2873 hord.
605 2855 691 2882 poma
708 2842 808 2881 cocta]
826 2852 888 2871 om.
906 2841 954 2871 ed.
971 2841 1035 2871 '68.
1153 2841 1160 2848 ‘
1185 2842 1267 2869 sanis
1282 2842 1398 2871 solenne
1414 2842 1485 2879 ἕδη)
1498 2845 1676 2874 solummodo
1698 2851 1883 2882 nocturnum,

473 2886 486 2904 ‘¹
512 2889 539 2916 A
556 2889 661 2926 regim.
679 2884 748 2924 Sc]
767 2885 892 2914 Desunt
914 2883 1077 2923 sequentia
1093 2882 1125 2912 in
1186 2884 1232 2912 rel
1239 2885 1329 2913 etiam
1340 2885 1478 2914 diurnum
1490 2890 1518 2914 et
1527 2892 1702 2926 perpetuum
1713 2899 1774 2918 ωδε
1787 2889 1882 2918 „eh-m,

430 2930 475 2960 ed.
496 2930 547 2960 ’68
565 2938 664 2968 usque
680 2927 719 2957 ad
735 2929 834 2965 Atque
851 2929 877 2955 .ςὶ
897 2932 1024 2966 tempore
1041 2927 1054 2964 ξ
1073 2926 1126 2962 46,
1186 2926 1265 2955 Nam
1282 2928 1308 2956 si
1325 2931 1452 2966 tempore
1469 2927 1521 2967 830.
