1985 3308
711 158 879 195 INDEX

109 263 288 301 absolvunt,
315 264 366 300 77,
394 263 452 298 78;
483 261 648 292 materiam
679 273 697 292 a
722 261 877 301 sanguine

110 306 340 346 sejungendam
359 306 436 336 adeo
455 315 593 335 crassam
612 304 738 342 babent,
756 309 791 334 ut
809 304 877 334 sine

110 349 238 389 praevia
253 349 426 389 digestione
442 348 481 378 ad
494 347 732 378 evacuationem
754 346 878 386 disponi

110 395 256 430 nequeat,
277 393 354 427 l5·1-;
378 391 480 421 febres
497 390 660 420 intermitt.
678 389 824 429 quamvis
846 388 878 418 in

111 434 301 473 quibusdam
325 444 343 463 a
361 433 520 463 continuis
537 443 598 462 non
624 432 778 467 differant,
795 431 880 471 quod

111 476 151 505 ad
173 485 283 506 earum
308 476 446 516 speciem
468 480 563 515 atque
584 480 714 505 naturae
741 474 881 514 proprie-

112 522 210 548 tatem
234 519 355 554 attinet,
373 523 404 548 et
427 528 444 548 a
467 517 625 548 continuis
648 522 679 547 et
701 527 718 547 a
742 526 774 546 se
797 515 878 546 invi-

112 570 182 590 cem
218 561 393 600 plurimum
429 560 587 596 differunt,
618 559 677 594 79;
717 559 881 589 materiam

111 602 256 632 febrilem
289 603 400 633 diebus
428 602 535 633 liberis
571 606 754 641 aggregant,
786 611 882 640 quam

114 645 239 675 Natura
270 645 450 685 paroxysmi
480 645 553 675 novi
582 645 703 684 impetu
741 643 881 683 expellit,

112 688 195 723 ‘283;
228 688 260 717 in
290 698 479 728 paroxysmo
502 687 557 727 qui
582 687 770 722 moriuntur,
801 691 880 716 tern-

114 739 188 769 pore
218 730 488 760 exborrescentiae
518 730 580 759 fato
613 729 799 769 funguntur,
831 729 881 764 69,

117 773 166 807 74,
184 774 243 806 84:
269 773 383 802 sudore
398 777 633 813 prorumpente,
650 769 795 811 ἀπυρεξία
810 781 881 800 sue-

115 815 207 851 cedit,
234 817 314 849 280;
340 815 441 845 febres
463 814 628 845 intermitt.
652 814 682 844 in
710 813 884 843 infantibus

115 857 166 887 vel
189 862 289 887 aetate
309 857 494 887 florentibus
518 857 660 887 Naturae
681 856 881 886 committen-

115 899 183 934 dae,
209 902 267 935 83;
306 900 435 930 senibus
461 910 543 936 vero,
567 898 768 930 autumnales
794 908 883 938 prae-

115 942 234 978 sertim,
258 942 461 982 periculosae,
487 944 545 978 843
571 951 632 972 non
655 941 885 982 oppugnandae

116 989 258 1025 tempore
294 995 570 1025 paroxysniorum,
602 986 684 1019 44·2;
720 984 884 1014 intermitt.

116 1027 217 1057 febres
247 1033 392 1057 autumn.
419 1028 502 1057 unde
527 1027 679 1062 oriantur,
703 1026 829 1066 quando
856 1030 886 1056 et

115 1070 275 1109 quomodo
299 1070 460 1106 invadant,
487 1070 544 1104 755
577 1070 712 1099 febrimn
740 1074 886 1098 autumn.

117 1112 235 1152 epocha
259 1113 435 1142 certissima
454 1117 500 1142 est
522 1111 640 1148 Julius,
664 1112 746 1141 sicut
769 1111 887 1141 vernal.

119 1154 322 1190 Februarius,
343 1156 421 1191 163;
446 1159 517 1195 post
537 1166 570 1185 se
586 1154 687 1184 varios
704 1154 888 1193 relinquunt

118 1198 253 1233 morbos,
283 1198 334 1234 73,
361 1199 505 1232 88-92ς
531 1197 563 1227 in
584 1197 760 1227 infantibus
790 1196 885 1227 abdo-

119 1240 215 1269 minis
253 1244 370 1277 tumor,
406 1250 534 1270 crurum
572 1240 605 1269 in
643 1239 772 1276 adultis,
811 1239 888 1278 quid

118 1282 229 1318 velint,
255 1284 306 1319 90,
335 1285 410 1318 54&
451 1282 634 1322 paroxysmi
662 1282 758 1311 variis
787 1282 889 1320 aegris

119 1325 308 1365 plerumque
326 1336 390 1356 una
406 1326 581 1365 eademque
596 1325 657 1354 diei
674 1324 751 1354 hora
766 1324 887 1354 contin·

118 1372 210 1406 gunt,
230 1368 287 1403 76;
312 1369 413 1398 febres
436 1373 582 1398 autumn.
598 1367 764 1397 continuas
787 1366 888 1396 febres

119 1410 164 1440 ita
187 1410 358 1450 aliquando
379 1411 555 1446 imitantur,
569 1415 605 1440 ut
619 1419 681 1439 non
699 1409 759 1439 nisi
777 1420 794 1439 a
810 1419 885 1449 pru-

120 1453 307 1483 dentissimo
338 1453 584 1492 distinguantur,
614 1454 666 1488 33,
694 1452 753 1486 76;
792 1452 888 1481 febris

120 1495 288 1525 intermitt.
304 1500 447 1526 autumn.
465 1496 539 1525 anni
559 1495 608 1525 ’61
633 1494 749 1534 singuli
772 1504 887 1534 parox-

120 1538 204 1578 ysmi
220 1538 443 1578 compendium
459 1537 554 1567 febris
571 1537 700 1573 contin.,
711 1537 759 1566 uti
774 1537 889 1566 haecce

121 1580 346 1621 compendium
366 1580 490 1616 harum,
509 1580 707 1615 videbantur,
730 1580 788 1614 38;
815 1589 889 1609 cum

120 1623 243 1653 ratione
271 1623 458 1660 durationis,
487 1627 555 1653 tum
585 1626 615 1652 et
644 1622 788 1662 periculi,
820 1632 888 1652 ver-

121 1665 248 1695 nalibus
273 1665 442 1705 graviores,
463 1665 522 1702 733
547 1669 721 1705 quartanae
747 1664 890 1694 tertianis

121 1708 209 1738 omni
225 1708 346 1739 ratione
366 1709 497 1748 pejores,
515 1712 545 1738 et
560 1708 698 1738 seniores
719 1707 891 1747 aliquando

122 1751 209 1781 brevi
232 1750 392 1791 jugulant,
421 1751 480 1787 743
505 1750 709 1781 autumnales
737 1760 799 1780 non
827 1755 890 1780 tam

124 1793 217 1823 facile
238 1803 274 1823 ac
294 1793 438 1823 vernales
455 1797 651 1829 amoventur,
669 1792 727 1826 75:
752 1793 889 1822 curatio-

123 1846 197 1866 nem
223 1845 321 1876 quare
347 1840 412 1866 tam
436 1836 606 1866 difficulter
628 1835 807 1871 admittant,
832 1835 891 1870 77;

124 1888 187 1908 non
206 1878 429 1917 attingendae,
459 1878 520 1908 nisi
558 1882 727 1918 postquam
765 1877 894 1917 sanguis

124 1925 251 1961 tempus
278 1921 360 1951 illud
387 1920 526 1960 exegerit
547 1920 633 1960 quod
660 1920 699 1950 ad
722 1920 892 1960 despuma-

127 1963 245 1994 tionem
277 1973 369 1993 suam
400 1963 626 2003 perficiendam
658 1962 801 2001 requirit,
833 1964 892 1998 843

126 2006 181 2036 ubi
213 2006 372 2036 curandae
398 2006 541 2041 veniunt,
572 2004 782 2035 indicationes
810 2005 895 2034 unde

126 2049 209 2079 sumi
226 2049 350 2086 debent,
368 2049 425 2084 79;
450 2048 740 2078 venae—sectionem
759 2057 822 2077 non
839 2047 890 2076 ad-

127 2091 270 2126 mittunt,
286 2092 345 2127 80;
370 2091 528 2131 quomodo
539 2090 730 2126 tractandae,
746 2090 771 2120 si
787 2090 896 2120 cortici

128 2133 244 2164 PeruV.
264 2144 326 2163 non
351 2134 477 2170 cedunt,
497 2135 557 2169 84;
582 2133 752 2173 purgantia
779 2132 895 2172 qualia,

128 2176 266 2216 quandm
278 2186 341 2216 quo
357 2181 498 2217 tempore
511 2181 541 2206 et
556 2175 679 2216 quoties
695 2175 896 2211 assumenda,

129 2221 180 2255 86,
198 2219 257 2252 87:
283 2219 484 2259 quotidianae
499 2228 562 2249 non
587 2223 660 2248 sunt
684 2217 896 2254 autumnales,

129 2261 188 2297 76;
220 2262 365 2291 vernales
388 2272 450 2302 quo
477 2266 617 2301 tempore
646 2261 808 2296 invadant,
839 2260 897 2295 71;

129 2315 193 2344 qno
228 2305 385 2334 maturius
422 2303 473 2334 vel
509 2304 629 2334 tardius
665 2303 830 2339 invadunt,
862 2313 899 2333 eo

129 2347 232 2387 magis
255 2346 304 2376 vel
332 2347 438 2377 minus
462 2346 635 2387 epidemice
660 2346 899 2386 depraedantur,

130 2390 190 2423 71:
216 2399 341 2429 semper
361 2389 523 2426 salutares,
541 2399 610 2419 raro
636 2389 812 2426 diuturnae,
839 2389 898 2424 73;

130 2437 263 2473 possunt
273 2437 378 2462 tamen
390 2432 429 2461 ob
439 2442 617 2472 perversam
629 2431 785 2461 medelam
797 2441 902 2461 moras

129 2475 264 2510 trahere,
282 2474 332 2510 73,
361 2475 419 2510 75;
451 2474 501 2504 vel
526 2474 728 2514 quotidianae
754 2479 829 2504 sunt
852 2473 902 2503 vel

131 2517 293 2553 tertianae,
316 2518 374 2552 72;
410 2517 612 2557 paucioribus
636 2517 794 2556 stipantur
815 2527 901 2556 sym-

132 2560 327 2601 ptomatibus
341 2570 438 2600 quam
450 2559 662 2595 autumnales,
675 2561 732 2594 883
750 2570 806 2589 suo
819 2559 901 2589 arbi-

132 2603 192 2633 trio
213 2602 455 2642 permittendae,
471 2603 530 2638 74;
555 2602 815 2632 evacuationibus
832 2612 902 2642 per-

132 2645 302 2676 tinaciores
324 2645 413 2681 fiunt,
431 2646 482 2680 74,
502 2646 558 2680 75;
585 2656 602 2674 a
624 2645 764 2674 febribus
785 2644 902 2676 ver-nal.

133 2688 392 2718 convalescentes
412 2688 445 2718 in
467 2688 608 2718 maniam
629 2687 800 2727 aliquando
823 2687 903 2717 inci-

133 2731 207 2761 dere
224 2735 367 2771 possunt,
386 2730 434 2762 73.

182 2773 356 2803 Interstitia
384 2772 587 2813 pustularum
615 2772 647 2802 in
679 2772 810 2802 variolis
840 2772 903 2801 dis-

135 2821 211 2846 cret.
237 2816 287 2845 die
311 2818 359 2846 8⁷⁰
383 2813 520 2845 colorem
546 2825 689 2845 rosarum
714 2815 905 2845 Damascen.

136 2858 299 2889 aemulum
328 2858 490 2894 exhibent,
524 2860 592 2895 122,
628 2859 696 2895 126,
732 2858 800 2894 127,
834 2859 905 2894 222,

137 2903 210 2932 562.

181 2943 432 2975 Intumesccntia
449 2944 540 2975 faciei
555 2950 583 2975 et
602 2949 760 2974 manuum
775 2943 807 2973 in
822 2943 903 2974 vari-

908 157 1110 195 RERUM.

1630 159 1703 194 635

938 259 999 290 olis
1015 258 1114 299 nigris
1129 256 1276 298 pessimis
1291 256 1366 286 anni
1380 256 1432 289 ’74
1448 256 1606 294 salutaris,
1624 258 1686 288 224
1699 269 1706 292 ;

938 303 1053 341 frigore
1068 301 1167 330 nimio
1183 299 1316 336 decedit,
1333 301 1404 330 221.

984 344 1133 374 Inunctio
1163 343 1195 372 in
1227 343 1279 372 lue
1308 352 1441 372 venerea
1476 342 1644 381 quomodo,
1676 346 1708 372 et

940 387 1106 428 quamdiu,
1122 385 1189 415 fieri
1206 385 1327 421 debeat,
1345 386 1416 420 319,
1435 386 1505 420 322,
1524 386 1596 414 323.

982 428 1115 469 Jalapae
1124 428 1214 458 radix
1225 428 1258 457 in
1269 427 1464 467 gonorrhoea
1475 426 1567 456 virul.
1582 426 1708 467 saepius

942 471 1009 502 sola
1020 471 1212 512 pauperibus
1228 470 1357 510 profuit,
1373 471 1443 500 313.

983 513 1114 554 Julapia
1138 513 1356 553 refrigerentia
1379 512 1411 542 in
1436 512 1520 541 febre
1544 511 1710 548 variolosa,

945 558 1024 591 153;
1048 557 1081 586 in
1102 555 1344 595 haemorrhagia
1365 554 1502 590 narium,
1519 555 1600 589 268;
1621 553 1708 594 jula-

942 599 1031 639 pium
1041 609 1079 629 ex
1092 599 1208 628 cortice
1218 598 1331 629 Peruv.
1343 597 1375 627 in
1387 597 1472 628 febre
1482 607 1564 627 nova
1576 596 1709 636 epidem.

942 652 998 682 pro
1014 642 1199 677 infantibus,
1216 642 1288 676 503,
1305 642 1380 670 504«.

985 684 1139 715 Juniores
1169 688 1270 713 aetate
1299 683 1420 713 febrem
1454 686 1601 722 quartan.
1631 691 1711 721 quo-

943 727 1037 756 modo
1054 727 1164 762 ferant,
1182 726 1231 758 74.

985 769 1121 799 Juscula
1165 777 1322 798 avenacea
1358 767 1508 798 omnibus
1549 766 1715 806 anteponit

944 811 1077 849 Auctor,
1094 813 1133 841 53
1148 823 1154 846 3
1177 811 1210 840 in
1227 811 1366 851 podagra
1381 821 1444 840 non
1460 809 1609 850 regulari,
1632 815 1713 839 teni-

944 864 1018 894 pore
1045 853 1238 894 paroxysmi,
1261 855 1342 888 445;
1367 863 1524 883 avenacea
1548 858 1578 882 et
1601 852 1713 882 horde-

944 907 1018 926 acea
1030 897 1063 926 in
1075 897 1160 926 febre
1181 896 1310 932 contin„
1329 897 1389 931 53;
1412 896 1445 925 in
1462 895 1589 925 variolis
1611 895 1714 930 confi„

945 939 1022 974 357;
1048 939 1193 975 farinosa,
1206 949 1268 968 non
1279 949 1403 974 carnea,
1413 939 1444 967 in
1457 937 1624 973 morbillis,
1640 938 1715 972 1853

944 982 976 1011 in
993 981 1150 1012 morbillis
1174 991 1279 1011 anom.
1295 981 1369 1011 anni
1385 981 1448 1017 ’74·‚
1464 982 1544 1015 2183
1570 980 1602 1009 in
1621 979 1715 1010 rheu-

944 1025 1093 1054 matismo
1119 1028 1348 1064 proponuntur,
1377 1034 1491 1053 carnea
1518 1022 1716 1061 rejiciuntur,

946 1067 1018 1103 257,
1033 1069 1093 1097 258
1106 1079 1112 1102 ;
1137 1066 1170 1096 in
1187 1067 1375 1106 dysenteria,
1389 1077 1428 1096 ex
1441 1065 1543 1096 ovinis
1558 1064 1716 1101 carnibus,

950 1109 1024 1145 1733
1051 1110 1084 1139 in
1108 1109 1194 1139 febre
1219 1114 1290 1139 tert.
1311 1109 1431 1149 duplici
1455 1108 1573 1148 qualia,
1600 1109 1658 1143 823
1684 1107 1717 1137 in

946 1152 1073 1182 cholera
1088 1152 1210 1187 morbo,
1232 1153 1299 1181 165.

988 1195 1130 1225 Juvenes
1156 1194 1306 1224 athletico
1334 1194 1454 1230 habitu,
1483 1198 1514 1223 et
1537 1192 1716 1231 sanguinei,

947 1238 1205 1268 venae-sectione
1249 1237 1403 1276 indigent,
1449 1238 1512 1271 423
1567 1235 1718 1265 diuturno

947 1281 1056 1310 morbo
1087 1279 1223 1310 consecti
1246 1279 1536 1310 venae-sectionem
1566 1278 1599 1308 in
1623 1278 1717 1307 febri-

947 1323 1006 1352 bus
1030 1328 1150 1359 vetant,
1171 1324 1222 1359 41,
1240 1324 1299 1358 423
1324 1323 1500 1362 hydropem
1525 1321 1594 1357 sibi,
1617 1320 1649 1350 in
1672 1321 1717 1350 fe-

946 1365 1056 1396 bribus
1079 1371 1235 1401 autumn,
1259 1375 1321 1395 usu
1344 1364 1591 1395 cathartioorum
1613 1373 1718 1393 accer—

948 1418 1015 1437 sere
1044 1413 1189 1448 possunt,
1218 1410 1276 1443 883
1315 1408 1455 1448 podagra
1485 1406 1626 1447 genuina
1656 1416 1720 1435 non

949 1450 1143 1486 afficiuntur,
1160 1450 1232 1482 417.

993 1493 1172 1532 Lacrymae
1194 1502 1233 1522 ex
1253 1492 1414 1532 hysterica
1437 1490 1540 1521 affect.
1562 1491 1630 1520 sine
1654 1490 1722 1520 nlla

949 1545 1041 1575 saepe
1061 1546 1167 1573 causa,
1189 1536 1269 1570 368;
1301 1535 1398 1565 etiam
1418 1534 1451 1564 in
1475 1533 1561 1569 viris,
1583 1534 1662 1568 3753
1688 1533 1720 1562 in

948 1578 1106 1608 morbillis
1127 1577 1343 1608 certissimum
1363 1577 1478 1607 horum
1501 1575 1721 1616 ingruentium

949 1620 1088 1660 signum,
1109 1622 1179 1651 183.

995 1663 1061 1693 Lac
1079 1663 1312 1694 cerevisiatum.
1331 1661 1375 1702 [V.
1392 1660 1596 1701 Zythogala]

994 1705 1061 1736 Lae
1088 1707 1225 1736 crudum
1251 1705 1445 1746 tepefactum
1469 1704 1503 1734 in
1531 1703 1721 1743 dysenteria,

997 1791 1132 1821 Laeteae
1155 1791 1277 1821 diaetae
1303 1789 1538 1830 praecellentia,
1558 1793 1589 1819 et
1607 1789 1723 1829 quibus

951 1834 1155 1874 potissimum
1174 1833 1332 1869 convenit,
1349 1834 1430 1867 3893
1455 1841 1589 1862 censura
1611 1836 1723 1862 notatu

953 1877 1061 1916 digna,
1077 1877 1150 1907 433.

998 1918 1107 1948 Laetis
1123 1929 1240 1948 serum.
1259 1917 1306 1957 [v.
1322 1919 1427 1948 Serum
1442 1915 1578 1956 Laetis]

999 1961 1191 1991 Laudanum
1211 1961 1309 1990 nimis
1329 1959 1498 2000 repetitum
1522 1963 1625 1995 nocet,
1642 1959 1721 1993 393;

955 2004 1114 2043 quomodo
1149 2003 1375 2039 exhibendum,
1408 2003 1488 2037 394;
1528 2002 1566 2032 ad
1597 2002 1724 2032 corticis

956 2046 1069 2077 Peruv.
1088 2046 1153 2076 vim
1167 2046 1370 2086 purgativam
1387 2044 1571 2081 sistendam,
1587 2046 1666 2079 285;
1692 2045 1724 2074 in

954 2089 1142 2125 infantibus,
1167 2089 1249 2124 287;
1279 2089 1313 2118 in
1336 2087 1526 2128 dysenteria,
1552 2097 1592 2117 ex
1615 2087 1726 2117 tormi-

955 2131 1050 2161 nibus
1066 2131 1186 2161 ventris
1204 2131 1238 2160 in
1259 2131 1344 2161 febre
1360 2140 1441 2160 nova
1457 2130 1590 2170 epidem.
1607 2130 1726 2166 oborta,

956 2176 1035 2209 500;
1061 2174 1093 2204 in
1115 2174 1293 2214 hystericae
1317 2173 1416 2204 affect.
1441 2182 1641 2213 paroxysmo,
1665 2174 1727 2203 392

956 2228 1013 2257 sq.,
1031 2218 1110 2252 544;
1135 2217 1168 2246 in
1185 2216 1362 2256 nephritico
1378 2225 1581 2256 paroxysmo,
1596 2215 1676 2250 527;
1693 2215 1725 2245 in

956 2259 1094 2299 podagra
1111 2259 1294 2296 inveterata,
1312 2260 1373 2288 458
1387 2271 1393 2292 ;
1416 2259 1449 2288 in
1464 2258 1621 2298 podagrae
1636 2258 1727 2288 inve—

956 2307 1073 2332 teratae
1095 2312 1297 2342 paroxysmo,
1321 2301 1403 2336 4463
1432 2301 1588 2341 podagrae
1612 2311 1726 2341 parox-

957 2355 1088 2385 ysmum
1104 2355 1122 2374 a
1137 2344 1349 2384 purgantibus
1361 2344 1559 2374 oboriturum
1572 2343 1729 2383 reprimit,

959 2389 1038 2422 5243
1076 2387 1208 2417 laudani
1237 2386 1351 2427 liquidi
1374 2386 1524 2416 Auctoris
1548 2385 1727 2427 descriptio,

963 2430 1031 2466 174,
1049 2431 1129 2466 5393
1155 2440 1251 2469 quare
1274 2429 1345 2459 aliis
1366 2429 1476 2459 formis
1492 2428 1532 2458 sit
1548 2430 1726 2468 praeferen-

960 2473 1011 2509 da,
1030 2473 1107 2507 174;
1139 2472 1238 2512 hujus
1262 2477 1344 2511 gutt.
1372 2471 1426 2501 xvi
1454 2471 1538 2501 idem
1561 2471 1670 2501 valent
1692 2482 1728 2502 ac

960 2515 1069 2555 syrupi
1086 2515 1124 2545 (le
1145 2515 1290 2545 meconio
1306 2515 1350 2554 gj,
1369 2515 1449 2549 352ς
1475 2514 1514 2543 ad
1530 2513 1727 2544 diarrhoeam

960 2558 992 2588 in
1004 2558 1190 2588 salivatione
1202 2557 1394 2593 mercuriali,
1408 2558 1486 2591 320;
1504 2556 1537 2586 in
1552 2556 1679 2586 variolis
1689 2557 1728 2587 ad

961 2601 1088 2640 epilept.
1104 2600 1235 2630 affectus
1250 2599 1434 2635 infantium,
1445 2600 1505 2629 345
1519 2611 1525 2634 ;
1549 2599 1581 2628 in
1599 2599 1727 2629 infanti-

960 2644 1020 2673 bus
1037 2643 1133 2679 dosis,
1149 2644 1228 2677 345;
1253 2642 1428 2672 laudanum
1450 2641 1588 2671 solidum
1607 2642 1728 2672 Londi-

961 2696 1058 2716 nense
1083 2695 1179 2726 qnare
1203 2690 1413 2725 anteponatur
1435 2684 1573 2714 laudano
1597 2684 1730 2724 liquido,

961 2734 991 2758 et
1014 2739 1131 2768 syrupo
1158 2728 1196 2758 de
1225 2727 1381 2764 meconio,
1405 2729 1486 2762 52ος
1517 2727 1605 2757 illius
1632 2727 1730 2765 dosis,

962 2773 1041 2806 52ος
1066 2771 1204 2801 laudano
1229 2770 1350 2810 liquido
1376 2770 1498 2800 Auctor
1519 2770 1648 2800 tandem
1672 2780 1728 2800 an-

961 2813 1081 2854 teponit
1093 2824 1246 2853 syrupum
1259 2814 1296 2843 (le
1307 2812 1451 2843 meconio
1461 2812 1493 2842 in
1505 2812 1642 2848 varioliS,
1652 2815 1728 2847 349:

961 2857 1136 2886 laudanum
1168 2856 1326 2896 liquidmu
1352 2861 1458 2885 tamen
1486 2855 1728 2895 propinandum,

962 2900 986 2929 si
1008 2899 1116 2939 syrupi
1137 2899 1330 2940 frequentior
1344 2909 1422 2929 usus
1436 2908 1588 2929 nauseam
1603 2909 1728 2929 creave-

932 2972 935 2982 ,
961 2943 1012 2978 rit,
1029 2944 1100 2973 352.
