1985 3308
303 146 828 189 OBSERVATIONUM
859 146 1237 187 MEDICARUM
1267 150 1319 184 11.
1339 158 1370 188 2.
1477 150 1553 189 105

101 252 394 293 medicationis
415 266 463 293 ac
478 252 615 293 morbi
632 252 868 305 periculum
890 251 1034 292 evasit.
1076 252 1112 291 E
1135 256 1283 292 contra
1295 266 1393 292 vero
1414 253 1552 302 multi,
1605 265 1733 295 Faunus

103 320 284 373 quibus0
304 319 507 359 laudabili
526 318 613 358 ritu
633 324 821 359 tumores
842 323 1087 372 eruperunt,
1102 319 1231 358 etiam
1249 319 1350 358 dum
1373 319 1553 371 negotiis
1582 307 1750 380 ἕῖῗῐῖξζιέ

101 386 187 427 suis
208 387 365 427 intenti
385 391 666 435 versarentur,
688 400 767 426 nec
788 386 916 426 ullius
945 386 1029 426 sive
1050 386 1271 436 naturalis,
1294 386 1379 426 sive
1400 386 1551 436 vitalis,
1574 392 1754 446 ANJ'QRQ

100 454 185 495 sive
207 454 389 507 denique
418 453 612 493 animalis
633 453 848 493 facultatis
875 453 1060 494 laesione
1091 458 1301 506 percepta,
1325 454 1552 494 sanitatem
1605 436 1655 468 ‘'²'’
1672 436 1753 484 fl&

98 520 215 562 brevi
234 525 539 574 recuperarunt
552 537 563 570 3
595 521 678 560 nisi
700 521 771 573 qui
796 521 923 573 (malo
945 535 1021 561 suo
1041 521 1157 572 fato,)
1183 520 1228 560 111
1249 521 1551 561 medicastrum

97 588 283 642 aliquem
321 588 571 636 incidentes,
613 588 787 640 ejusque
834 587 1002 628 monitu
1047 587 1333 640 (quantumvis
1379 601 1551 640 corpore

97 656 255 710 pariter
276 668 323 696 ac
345 655 487 695 animo
508 654 666 707 optime
687 655 904 707 valentes,)
931 654 984 694 ad
1005 654 1246 694 sudandum
1273 654 1319 694 in
1340 654 1550 694 cubilibus

97 722 331 776 compositi,
349 722 402 762 ab
419 735 468 762 eo
484 722 574 774 ipso
595 726 784 774 tempore
802 721 987 762 deterius
1005 735 1048 761 se
1064 721 1220 761 habere
1236 721 1485 775 inceperint,
1503 736 1550 763 ac

97 789 282 839 demum,
305 790 623 842 ingravescente
645 788 923 841 aegritudine,
937 789 1190 842 inauspicati
1211 789 1374 829 consilii
1395 803 1550 830 noxam

97 870 173 896 suo
205 856 383 896 interitu
422 856 764 909 comprobarunt.
832 856 939 909 [23]
977 856 1139 895 Verum
1174 856 1381 896 lubricam
1422 861 1549 909 atque

96 923 211 963 aleae
241 923 410 976 plenam
431 923 476 963 in
508 937 551 963 se
579 937 668 963 esse
698 923 875 976 hujusce
905 923 1042 963 morbi
1069 936 1143 975 per
1169 927 1357 963 tumores
1383 923 1546 976 judica·
1568 931 1713 980 Bubopis

95 989 270 1039 tionem,
306 1003 356 1030 ex
396 1004 445 1030 eo
477 990 752 1030 manifestum
787 994 864 1039 est,
906 990 1019 1042 quod
1053 990 1270 1030 interdum
1309 990 1437 1040 bubo,
1476 991 1547 1043 qui
1565 981 1754 1047 {Ziliiii'zite-

92 1056 278 1110 primum
310 1057 580 1097 laudabiliter
608 1071 655 1097 ac
684 1071 781 1098 cum
810 1062 1144 1111 symptomatum
1175 1058 1421 1115 remissione
1452 1072 1546 1111 pro·
1566 1059 1644 1088 riam
1661 1059 1738 1089 ‘'¹110-

93 1123 319 1174 tuberavit,
336 1130 482 1177 postea
503 1139 553 1164 ex
573 1124 798 1177 improviso
813 1125 1036 1177 dispareat,
1055 1125 1229 1178 ejusque
1250 1125 1340 1166 loco
1357 1126 1546 1165 maculae
1565 1111 1742 1173 ἶῑῖἷξᾟζᾏη-

91 1207 341 1246 purpureae,
364 1193 585 1234 certissimi
607 1194 753 1234 mortis
784 1193 957 1243 indices,
982 1194 1233 1234 succedant:
1266 1194 1386 1247 cujus
1414 1186 1742 1267 l'etP0·{lf{',1‡{¹{1¹Le„t

93 1261 292 1301 cessionis
313 1275 440 1301 causa
466 1261 633 1314 magnis
655 1261 736 1300 illis
766 1261 989 1301 sudoribus
1012 1261 1064 1301 ad
1094 1261 1360 1314 eruptionem
1380 1275 1547 1315 promo-
1745 1251 1752 1258 ⁵

91 1327 273 1368 vendam
314 1328 536 1369 destinatis
573 1329 669 1382 jure
709 1328 938 1368 tribuenda
972 1328 1151 1377 videtur,
1188 1333 1237 1368 ut
1278 1328 1350 1383 qui
1389 1328 1547 1369 bonam

90 1395 294 1436 materiae
314 1401 490 1449 partem,
515 1409 622 1449 quae
642 1396 822 1436 tumoris
842 1396 1000 1436 molem
1020 1395 1215 1435 infercire
1238 1410 1285 1436 ac
1307 1401 1546 1436 sustentare

91 1461 308 1513 debuerat,
339 1463 591 1503 aliovorsum
626 1477 701 1516 per
728 1463 939 1503 ambitum
972 1462 1156 1515 corporis
1188 1462 1462 1503 distrahendo
1499 1477 1547 1503 ac

90 1529 333 1583 dissipando
363 1530 471 1570 leves
498 1531 544 1570 111
569 1545 692 1570 auras
724 1530 989 1570 difflaverint.
1058 1530 1167 1582 [24]
1203 1530 1265 1570 Ut
1296 1534 1345 1569 ut
1376 1530 1444 1580 sit,
1465 1530 1546 1570 hoc

90 1597 241 1638 saltem
264 1597 510 1650 planissime
531 1602 711 1647 constat,
734 1597 911 1638 caeteris
942 1597 1164 1637 affectibus
1194 1611 1218 1637 a
1245 1597 1349 1637 DEI
1382 1598 1548 1650 Optimi

89 1663 268 1704 Maximi
290 1664 556 1717 benignitate
577 1669 738 1705 certam
759 1665 1023 1705 amoliendae
1044 1678 1197 1705 causae
1218 1664 1460 1704 morbificae
1481 1678 1546 1704 ra-

87 1731 264 1782 tionem,
286 1731 386 1772 huic
408 1736 552 1772 autem
578 1732 833 1784 (enormium
855 1732 1109 1772 delictorum
1130 1732 1324 1785 flagello,)
1350 1745 1438 1772 non
1459 1731 1541 1772 nisi

88 1798 295 1840 lubricam
314 1799 543 1840 admodum
560 1803 602 1839 et
619 1799 858 1839 versatilem
877 1799 1080 1853 adjuncta
1096 1813 1244 1839 messe.
1286 1799 1430 1852 Atque
1446 1799 1548 1840 hinc

87 1865 264 1906 fortasse
291 1880 379 1906 non
403 1867 572 1906 minusp
600 1866 821 1907 commode
847 1880 975 1920 quam
1006 1880 1030 1906 a
1057 1867 1313 1919 malz'ynitccte
1338 1867 1402 1919 (ut
1431 1866 1547 1919 loqui

88 1934 263 1985 amant,)
284 1933 461 1974 eximiae
477 1933 675 1986 perniciei
697 1948 824 1974 causa
839 1939 966 1986 atque
983 1934 1100 1987 origo
1121 1935 1207 1987 peti
1227 1934 1397 1987 possit‘l.
1430 1934 1546 1974 Nam

89 2005 131 2041 et
158 2000 203 2040 in
239 2000 462 2040 arthritide
483 2001 658 2053 aliisque
682 2000 854 2050 morbis,
878 2001 950 2053 qui
977 2001 1174 2053 exiguam
1200 2001 1361 2041 habent
1394 2001 1543 2053 malig-

88 2067 236 2107 nitatis
258 2067 553 2120 suspicionem,
575 2068 778 2108 materiae
799 2067 1040 2108 morbificae
1061 2082 1256 2108 recursus
1277 2082 1365 2108 non
1387 2068 1544 2108 minori

88 2134 344 2175 certitudine
376 2134 514 2174 fatum
546 2134 733 2175 accersit.
807 2135 872 2174 Ex
905 2134 1058 2187 quibus
1091 2135 1289 2174 omnibus
1316 2135 1542 2174 manifesto
1562 2146 1602 2176 In
1618 2148 1690 2178 aliis

87 2202 364 2254 consequitur
391 2201 625 2252 Medicum,
657 2202 729 2254 qui
759 2202 805 2241 111
836 2202 1016 2241 aliorum
1046 2202 1293 2242 morborum
1322 2202 1540 2242 medicati·
1560 2191 1680 2220 ¹¹¹⁰Yb³⁵

1560 2231 1704 2262 Naturae

87 2281 168 2309 one
183 2269 376 2309 Naturae
393 2269 570 2310 ductum
586 2283 633 2310 ac
654 2269 980 2322 propensionem
996 2269 1173 2322 pressim
1195 2282 1242 2309 ac
1262 2269 1454 2322 passibus
1472 2283 1538 2309 ae·
1559 2274 1694 2323 dueum}

88 2335 181 2389 quis
204 2336 323 2389 sequi
350 2341 537 2386 tenetur,
560 2337 629 2376 hic
655 2336 845 2389 ejusdem
868 2336 1063 2388 auspiciis
1089 2336 1340 2376 renunciare
1372 2335 1536 2377 debere.
1558 2326 1745 2389 ῗῗὲεῗζέἰῗθ,

87 2402 218 2456 Cujus
240 2403 356 2443 effati
371 2404 592 2444 veritatem
614 2403 715 2458 quia
734 2403 976 2457 paucissimi
992 2403 1199 2443 hactenus
1220 2408 1536 2456 perspexerunt,
1556 2410 1708 2473 Rffllcffij

85 2469 185 2510 hinc
206 2485 408 2511 numerus
436 2485 583 2512 eorum
610 2485 713 2524 quos
738 2471 905 2511 tumulo
933 2470 1071 2511 Pestis
1091 2470 1239 2511 intulit
1269 2470 1384 2511 haud
1411 2471 1537 2524 paulo
1554 2489 1687 2516 tenetur.

85 2537 248 2578 auctior
268 2539 412 2579 evasit.

148 2604 256 2659 [25]
295 2605 450 2656 Quare,
476 2620 575 2646 cum
609 2606 786 2646 minime
818 2619 1013 2646 securum
1045 2605 1098 2646 sit
1132 2605 1177 2645 in
1214 2605 1536 2646 exterminando
1554 2586 1718 2668 stffgi'fiffis

82 2669 162 2711 hoc
191 2671 339 2713 morbo
367 2673 561 2714 Naturae
581 2674 768 2726 vestigiis
796 2673 1004 2722 insistere,
1027 2672 1217 2725 proximo
1250 2673 1341 2713 loco
1369 2672 1534 2726 dispici·
1553 2671 1678 2701 missio-

83 2737 241 2778 endum
262 2739 390 2790 venit,
408 2755 492 2793 qua
512 2741 685 2780 demum
707 2745 797 2780 arte
819 2739 1028 2780 secundae
1050 2753 1176 2792 quam
1193 2739 1374 2779 diximus
1395 2740 1535 2780 inten-
1553 2714 1719 2795 {2¹1³}ssss

124 2819 138 2834 ⁰
161 2816 284 2856 quibus]
303 2828 363 2847 orn.
382 2818 429 2849 ed.
450 2820 510 2848 ¹68.
841 2824 873 2848 ul
890 2820 970 2857 loqui.
985 2823 1087 2847 amant
1103 2828 1164 2847 om.
1182 2818 1229 2847 ed.
1248 2818 1309 2849 76.

125 2861 138 2880 Ρ
161 2869 216 2888 non
245 2860 504 2900 minus-amant]
532 2863 629 2891 verius
653 2873 739 2900 quam
764 2872 782 2890 α
885 2865 897 2884 ‘³
917 2863 982 2899 peti
994 2859 1106 2900 possit]
1120 2862 1250 2900 petenda
1267 2860 1372 2890 ested.
1392 2861 1455 2892 ⁹68.

86 2903 238 2938 tantopere
259 2903 420 2933 decantata
437 2905 629 2942 malignitate
653 2904 699 2933 ed.
719 2904 780 2939 '68‚

805 2969 827 2994 P
