<?xml version="1.0" encoding="UTF-8"?>
<!DOCTYPE html PUBLIC "-//W3C//DTD XHTML 1.0 Transitional//EN"
    "http://www.w3.org/TR/xhtml1/DTD/xhtml1-transitional.dtd">
<html xmlns="http://www.w3.org/1999/xhtml" xml:lang="en" lang="en">
 <head>
  <title>
</title>
<meta http-equiv="Content-Type" content="text/html;charset=utf-8" />
  <meta name='ocr-system' content='tesseract 3.04.00' />
  <meta name='ocr-capabilities' content='ocr_page ocr_carea ocr_par ocr_line ocrx_word'/>
</head>
<body>
  <div class='ocr_page' id='page_1' title='image "./thomaesydenhammd00sydeuoft_0503.png"; bbox 0 0 1985 3308; ppageno 0'>
   <div class='ocr_carea' id='block_1_1' title="bbox 634 116 1580 160">
    <p class='ocr_par' dir='ltr' id='par_1_1' title="bbox 634 116 1580 160">
     <span class='ocr_line' id='line_1_1' title="bbox 634 116 1580 160; baseline 0.001 -2"><span class='ocrx_word' id='word_1_1' title='bbox 634 116 979 158; x_wconf 83' lang='lat' dir='ltr'>TRACTATUS</span> <span class='ocrx_word' id='word_1_2' title='bbox 1013 116 1073 156; x_wconf 92' lang='grc' dir='ltr'>ΙΙ.</span> <span class='ocrx_word' id='word_1_3' title='bbox 1497 120 1580 160; x_wconf 85' lang='lat'>467</span> 
     </span>
    </p>
   </div>
   <div class='ocr_carea' id='block_1_2' title="bbox 109 221 1775 2909">
    <p class='ocr_par' dir='ltr' id='par_1_2' title="bbox 122 221 1768 412">
     <span class='ocr_line' id='line_1_2' title="bbox 125 221 1768 277; baseline -0.001 -13"><span class='ocrx_word' id='word_1_4' title='bbox 125 223 163 263; x_wconf 87' lang='lat' dir='ltr'>ei</span> <span class='ocrx_word' id='word_1_5' title='bbox 203 237 347 277; x_wconf 90' lang='lat' dir='ltr'>parem</span> <span class='ocrx_word' id='word_1_6' title='bbox 383 237 604 277; x_wconf 87' lang='lat' dir='ltr'>nunquam</span> <span class='ocrx_word' id='word_1_7' title='bbox 645 222 853 263; x_wconf 87' lang='lat' dir='ltr'>hactenus</span> <span class='ocrx_word' id='word_1_8' title='bbox 886 222 1077 262; x_wconf 83' lang='lat' dir='ltr'>viderim.</span> <span class='ocrx_word' id='word_1_9' title='bbox 1139 221 1232 274; x_wconf 85' lang='lat' dir='ltr'>Ego</span> <span class='ocrx_word' id='word_1_10' title='bbox 1266 223 1579 276; x_wconf 87' lang='lat' dir='ltr'>sesquiunciam</span> <span class='ocrx_word' id='word_1_11' title='bbox 1623 237 1676 266; x_wconf 69' lang='lat' dir='ltr'>De</span> <span class='ocrx_word' id='word_1_12' title='bbox 1696 237 1768 266; x_wconf 55' lang='grc' dir='ltr'>ΗΥ-</span> 
     </span>
     <span class='ocr_line' id='line_1_3' title="bbox 122 288 1760 342; baseline 0 -12"><span class='ocrx_word' id='word_1_13' title='bbox 122 291 346 332; x_wconf 86' lang='lat' dir='ltr'>infusionis</span> <span class='ocrx_word' id='word_1_14' title='bbox 372 291 483 332; x_wconf 88' lang='lat' dir='ltr'>croci</span> <span class='ocrx_word' id='word_1_15' title='bbox 510 290 779 331; x_wconf 84' lang='lat' dir='ltr'>metallorum</span> <span class='ocrx_word' id='word_1_16' title='bbox 810 289 988 342; x_wconf 88' lang='lat' dir='ltr'>singulis</span> <span class='ocrx_word' id='word_1_17' title='bbox 1020 288 1169 328; x_wconf 84' lang='lat' dir='ltr'>diebus</span> <span class='ocrx_word' id='word_1_18' title='bbox 1205 288 1258 329; x_wconf 86' lang='lat' dir='ltr'>ad</span> <span class='ocrx_word' id='word_1_19' title='bbox 1286 289 1477 329; x_wconf 87' lang='lat' dir='ltr'>triduum</span> <span class='ocrx_word' id='word_1_20' title='bbox 1511 304 1578 330; x_wconf 85' lang='lat' dir='ltr'>ex·</span> <span class='ocrx_word' id='word_1_21' title='bbox 1636 288 1760 310; x_wconf 65' lang='lat'>¹³¹³‘&#39;¹&#39;&#39;³·</span> 
     </span>
     <span class='ocr_line' id='line_1_4' title="bbox 122 356 1580 412; baseline 0.001 -15"><span class='ocrx_word' id='word_1_22' title='bbox 122 357 256 408; x_wconf 89' lang='lat' dir='ltr'>hibui,</span> <span class='ocrx_word' id='word_1_23' title='bbox 277 373 376 399; x_wconf 84' lang='lat' dir='ltr'>mox</span> <span class='ocrx_word' id='word_1_24' title='bbox 406 358 579 399; x_wconf 87' lang='lat' dir='ltr'>alternis</span> <span class='ocrx_word' id='word_1_25' title='bbox 608 357 756 398; x_wconf 89' lang='lat' dir='ltr'>diebus</span> <span class='ocrx_word' id='word_1_26' title='bbox 781 371 857 411; x_wconf 90' lang='lat' dir='ltr'>pro</span> <span class='ocrx_word' id='word_1_27' title='bbox 884 356 1037 397; x_wconf 86' lang='lat' dir='ltr'>virium</span> <span class='ocrx_word' id='word_1_28' title='bbox 1067 369 1217 409; x_wconf 83' lang='lat' dir='ltr'>aegrae</span> <span class='ocrx_word' id='word_1_29' title='bbox 1244 356 1421 406; x_wconf 88' lang='lat' dir='ltr'>ratione,</span> <span class='ocrx_word' id='word_1_30' title='bbox 1444 371 1580 412; x_wconf 89' lang='lat' dir='ltr'>usque</span> 
     </span>
    </p>

    <p class='ocr_par' dir='ltr' id='par_1_3' title="bbox 121 423 1581 546">
     <span class='ocr_line' id='line_1_5' title="bbox 122 423 1581 478; baseline 0.001 -15"><span class='ocrx_word' id='word_1_31' title='bbox 122 423 224 464; x_wconf 88' lang='lat' dir='ltr'>dum</span> <span class='ocrx_word' id='word_1_32' title='bbox 258 425 379 466; x_wconf 90' lang='lat' dir='ltr'>doses</span> <span class='ocrx_word' id='word_1_33' title='bbox 412 426 586 466; x_wconf 89' lang='lat' dir='ltr'>omnino</span> <span class='ocrx_word' id='word_1_34' title='bbox 619 439 691 466; x_wconf 82' lang='lat' dir='ltr'>sex</span> <span class='ocrx_word' id='word_1_35' title='bbox 721 425 934 465; x_wconf 76' lang='lat' dir='ltr'>hauserat.</span> <span class='ocrx_word' id='word_1_36' title='bbox 997 423 1152 463; x_wconf 86' lang='lat' dir='ltr'>Primis</span> <span class='ocrx_word' id='word_1_37' title='bbox 1187 423 1349 478; x_wconf 83' lang='lat' dir='ltr'>aliquot</span> <span class='ocrx_word' id='word_1_38' title='bbox 1382 425 1581 464; x_wconf 85' lang='lat' dir='ltr'>vomendi</span> 
     </span>
     <span class='ocr_line' id='line_1_6' title="bbox 121 491 1580 546; baseline 0.001 -15"><span class='ocrx_word' id='word_1_39' title='bbox 121 491 282 532; x_wconf 88' lang='lat' dir='ltr'>vicibus</span> <span class='ocrx_word' id='word_1_40' title='bbox 302 493 427 533; x_wconf 88' lang='lat' dir='ltr'>urina</span> <span class='ocrx_word' id='word_1_41' title='bbox 446 493 617 546; x_wconf 87' lang='lat' dir='ltr'>penitus</span> <span class='ocrx_word' id='word_1_42' title='bbox 639 491 993 545; x_wconf 73' lang='lat' dir='ltr'>supprimebatur,</span> <span class='ocrx_word' id='word_1_43' title='bbox 1012 505 1141 546; x_wconf 86' lang='lat' dir='ltr'>quam</span> <span class='ocrx_word' id='word_1_44' title='bbox 1162 495 1310 544; x_wconf 87' lang='lat' dir='ltr'>postea</span> <span class='ocrx_word' id='word_1_45' title='bbox 1327 491 1580 544; x_wconf 84' lang='lat' dir='ltr'>quandoque</span> 
     </span>
    </p>

    <p class='ocr_par' dir='ltr' id='par_1_4' title="bbox 120 558 1581 680">
     <span class='ocr_line' id='line_1_7' title="bbox 120 558 1581 613; baseline 0.001 -15"><span class='ocrx_word' id='word_1_46' title='bbox 120 572 196 611; x_wconf 88' lang='lat' dir='ltr'>per</span> <span class='ocrx_word' id='word_1_47' title='bbox 215 559 436 600; x_wconf 86' lang='lat' dir='ltr'>intervalla</span> <span class='ocrx_word' id='word_1_48' title='bbox 456 560 673 610; x_wconf 88' lang='lat' dir='ltr'>reddebat,</span> <span class='ocrx_word' id='word_1_49' title='bbox 697 559 770 600; x_wconf 89' lang='lat' dir='ltr'>sed</span> <span class='ocrx_word' id='word_1_50' title='bbox 797 573 892 600; x_wconf 86' lang='lat' dir='ltr'>raro</span> <span class='ocrx_word' id='word_1_51' title='bbox 919 558 1173 609; x_wconf 76' lang='lat' dir='ltr'>admodum3</span> <span class='ocrx_word' id='word_1_52' title='bbox 1211 572 1293 611; x_wconf 94' lang='lat' dir='ltr'>quo</span> <span class='ocrx_word' id='word_1_53' title='bbox 1313 558 1581 613; x_wconf 88' lang='lat' dir='ltr'>frequentius</span> 
     </span>
     <span class='ocr_line' id='line_1_8' title="bbox 121 625 1580 680; baseline 0.001 -15"><span class='ocrx_word' id='word_1_54' title='bbox 121 626 349 666; x_wconf 87' lang='lat' dir='ltr'>emeticum</span> <span class='ocrx_word' id='word_1_55' title='bbox 378 627 610 680; x_wconf 89' lang='lat' dir='ltr'>repetebat,</span> <span class='ocrx_word' id='word_1_56' title='bbox 633 641 682 667; x_wconf 91' lang='lat' dir='ltr'>eo</span> <span class='ocrx_word' id='word_1_57' title='bbox 712 627 916 680; x_wconf 84' lang='lat' dir='ltr'>majorem</span> <span class='ocrx_word' id='word_1_58' title='bbox 945 639 1080 680; x_wconf 87' lang='lat' dir='ltr'>aquae</span> <span class='ocrx_word' id='word_1_59' title='bbox 1108 625 1273 679; x_wconf 89' lang='lat' dir='ltr'>copiam</span> <span class='ocrx_word' id='word_1_60' title='bbox 1301 625 1464 666; x_wconf 81' lang='lat' dir='ltr'>solebat</span> <span class='ocrx_word' id='word_1_61' title='bbox 1486 626 1580 679; x_wconf 82' lang='lat' dir='ltr'>reji-</span> 
     </span>
    </p>

    <p class='ocr_par' dir='ltr' id='par_1_5' title="bbox 121 693 1581 748">
     <span class='ocr_line' id='line_1_9' title="bbox 121 693 1581 748; baseline 0 -15"><span class='ocrx_word' id='word_1_62' title='bbox 121 706 227 743; x_wconf 86' lang='lat' dir='ltr'>cere,</span> <span class='ocrx_word' id='word_1_63' title='bbox 249 693 378 748; x_wconf 92' lang='lat' dir='ltr'>idque</span> <span class='ocrx_word' id='word_1_64' title='bbox 410 693 488 734; x_wconf 90' lang='lat' dir='ltr'>sub</span> <span class='ocrx_word' id='word_1_65' title='bbox 510 695 640 734; x_wconf 88' lang='lat' dir='ltr'>finem</span> <span class='ocrx_word' id='word_1_66' title='bbox 667 699 757 734; x_wconf 89' lang='lat' dir='ltr'>tam</span> <span class='ocrx_word' id='word_1_67' title='bbox 786 708 861 747; x_wconf 85' lang='lat' dir='ltr'>per</span> <span class='ocrx_word' id='word_1_68' title='bbox 889 708 933 735; x_wconf 88' lang='lat' dir='ltr'>os</span> <span class='ocrx_word' id='word_1_69' title='bbox 957 708 1083 747; x_wconf 89' lang='lat' dir='ltr'>quam</span> <span class='ocrx_word' id='word_1_70' title='bbox 1105 707 1179 746; x_wconf 91' lang='lat' dir='ltr'>per</span> <span class='ocrx_word' id='word_1_71' title='bbox 1200 693 1355 734; x_wconf 88' lang='lat' dir='ltr'>sedem.</span> <span class='ocrx_word' id='word_1_72' title='bbox 1417 693 1581 733; x_wconf 89' lang='lat' dir='ltr'>Verum</span> 
     </span>
    </p>

    <p class='ocr_par' dir='ltr' id='par_1_6' title="bbox 119 760 1581 814">
     <span class='ocr_line' id='line_1_10' title="bbox 119 760 1581 814; baseline 0 -14"><span class='ocrx_word' id='word_1_73' title='bbox 119 764 214 814; x_wconf 91' lang='lat' dir='ltr'>post</span> <span class='ocrx_word' id='word_1_74' title='bbox 235 761 406 801; x_wconf 83' lang='lat' dir='ltr'>tertiam</span> <span class='ocrx_word' id='word_1_75' title='bbox 428 761 548 801; x_wconf 89' lang='lat' dir='ltr'>dosin</span> <span class='ocrx_word' id='word_1_76' title='bbox 571 766 715 801; x_wconf 91' lang='lat' dir='ltr'>tumor</span> <span class='ocrx_word' id='word_1_77' title='bbox 746 761 963 801; x_wconf 86' lang='lat' dir='ltr'>subsidere</span> <span class='ocrx_word' id='word_1_78' title='bbox 991 765 1119 813; x_wconf 88' lang='lat' dir='ltr'>atque</span> <span class='ocrx_word' id='word_1_79' title='bbox 1145 760 1343 801; x_wconf 88' lang='lat' dir='ltr'>imminui</span> <span class='ocrx_word' id='word_1_80' title='bbox 1364 760 1514 813; x_wconf 89' lang='lat' dir='ltr'>coepit,</span> <span class='ocrx_word' id='word_1_81' title='bbox 1538 765 1581 800; x_wconf 92' lang='lat' dir='ltr'>et</span> 
     </span>
    </p>

    <p class='ocr_par' dir='ltr' id='par_1_7' title="bbox 113 828 1580 1018">
     <span class='ocr_line' id='line_1_11' title="bbox 118 828 1580 883; baseline 0 -15"><span class='ocrx_word' id='word_1_82' title='bbox 118 832 214 881; x_wconf 91' lang='lat' dir='ltr'>post</span> <span class='ocrx_word' id='word_1_83' title='bbox 247 828 570 883; x_wconf 87' lang='lat' dir='ltr'>quatuordeeim</span> <span class='ocrx_word' id='word_1_84' title='bbox 603 828 691 868; x_wconf 86' lang='lat' dir='ltr'>dies</span> <span class='ocrx_word' id='word_1_85' title='bbox 722 829 819 882; x_wconf 84' lang='lat' dir='ltr'>(filo,</span> <span class='ocrx_word' id='word_1_86' title='bbox 847 843 930 881; x_wconf 88' lang='lat' dir='ltr'>quo</span> <span class='ocrx_word' id='word_1_87' title='bbox 963 828 1196 869; x_wconf 81' lang='lat' dir='ltr'>crassitiem</span> <span class='ocrx_word' id='word_1_88' title='bbox 1229 828 1412 881; x_wconf 88' lang='lat' dir='ltr'>corporis</span> <span class='ocrx_word' id='word_1_89' title='bbox 1444 828 1580 868; x_wconf 86' lang='lat' dir='ltr'>inflati</span> 
     </span>
     <span class='ocr_line' id='line_1_12' title="bbox 113 895 1580 950; baseline -0.001 -14"><span class='ocrx_word' id='word_1_90' title='bbox 113 896 238 949; x_wconf 88' lang='lat' dir='ltr'>jussu</span> <span class='ocrx_word' id='word_1_91' title='bbox 258 910 353 937; x_wconf 91' lang='lat' dir='ltr'>meo</span> <span class='ocrx_word' id='word_1_92' title='bbox 373 896 511 937; x_wconf 87' lang='lat' dir='ltr'>fuerat</span> <span class='ocrx_word' id='word_1_93' title='bbox 532 896 734 946; x_wconf 88' lang='lat' dir='ltr'>dimensa,</span> <span class='ocrx_word' id='word_1_94' title='bbox 748 896 891 950; x_wconf 86' lang='lat' dir='ltr'>judice</span> <span class='ocrx_word' id='word_1_95' title='bbox 912 910 960 936; x_wconf 89' lang='lat' dir='ltr'>ac</span> <span class='ocrx_word' id='word_1_96' title='bbox 980 897 1118 948; x_wconf 87' lang='lat' dir='ltr'>teste,)</span> <span class='ocrx_word' id='word_1_97' title='bbox 1138 896 1227 949; x_wconf 82' lang='lat' dir='ltr'>jam</span> <span class='ocrx_word' id='word_1_98' title='bbox 1249 895 1386 936; x_wconf 88' lang='lat' dir='ltr'>tribus</span> <span class='ocrx_word' id='word_1_99' title='bbox 1402 895 1580 949; x_wconf 89' lang='lat' dir='ltr'>pedibus</span> 
     </span>
     <span class='ocr_line' id='line_1_13' title="bbox 119 963 1580 1018; baseline 0.001 -16"><span class='ocrx_word' id='word_1_100' title='bbox 119 963 313 1016; x_wconf 85' lang='lat' dir='ltr'>gracilior</span> <span class='ocrx_word' id='word_1_101' title='bbox 344 963 594 1016; x_wconf 85' lang='lat' dir='ltr'>comparuit,</span> <span class='ocrx_word' id='word_1_102' title='bbox 629 968 758 1018; x_wconf 89' lang='lat' dir='ltr'>atque</span> <span class='ocrx_word' id='word_1_103' title='bbox 791 963 952 1016; x_wconf 86' lang='lat' dir='ltr'>aliquot</span> <span class='ocrx_word' id='word_1_104' title='bbox 988 977 1121 1016; x_wconf 88' lang='lat' dir='ltr'>aquae</span> <span class='ocrx_word' id='word_1_105' title='bbox 1157 963 1328 1015; x_wconf 79' lang='lat' dir='ltr'>congios</span> <span class='ocrx_word' id='word_1_106' title='bbox 1363 963 1580 1016; x_wconf 89' lang='lat' dir='ltr'>(supputa-</span> 
     </span>
    </p>

    <p class='ocr_par' dir='ltr' id='par_1_8' title="bbox 117 1029 1580 1084">
     <span class='ocr_line' id='line_1_14' title="bbox 117 1029 1580 1084; baseline -0.001 -13"><span class='ocrx_word' id='word_1_107' title='bbox 117 1031 235 1072; x_wconf 88' lang='lat' dir='ltr'>tione</span> <span class='ocrx_word' id='word_1_108' title='bbox 256 1045 306 1071; x_wconf 85' lang='lat' dir='ltr'>ex</span> <span class='ocrx_word' id='word_1_109' title='bbox 326 1031 377 1071; x_wconf 91' lang='lat' dir='ltr'>iis</span> <span class='ocrx_word' id='word_1_110' title='bbox 400 1045 506 1084; x_wconf 86' lang='lat' dir='ltr'>quae</span> <span class='ocrx_word' id='word_1_111' title='bbox 527 1031 633 1071; x_wconf 88' lang='lat' dir='ltr'>mihi</span> <span class='ocrx_word' id='word_1_112' title='bbox 653 1032 745 1084; x_wconf 89' lang='lat' dir='ltr'>ipsa</span> <span class='ocrx_word' id='word_1_113' title='bbox 765 1031 952 1071; x_wconf 73' lang='lat' dir='ltr'>narravit</span> <span class='ocrx_word' id='word_1_114' title='bbox 973 1031 1113 1083; x_wconf 87' lang='lat' dir='ltr'>facta,)</span> <span class='ocrx_word' id='word_1_115' title='bbox 1134 1029 1218 1071; x_wconf 84' lang='grc' dir='ltr'>ἄνω</span> <span class='ocrx_word' id='word_1_116' title='bbox 1240 1029 1310 1070; x_wconf 82' lang='grc' dir='ltr'>καὶ</span> <span class='ocrx_word' id='word_1_117' title='bbox 1331 1029 1442 1071; x_wconf 84' lang='grc' dir='ltr'>κάτω</span> <span class='ocrx_word' id='word_1_118' title='bbox 1464 1044 1580 1082; x_wconf 83' lang='lat' dir='ltr'>eges-</span> 
     </span>
    </p>

    <p class='ocr_par' dir='ltr' id='par_1_9' title="bbox 117 1098 1580 1287">
     <span class='ocr_line' id='line_1_15' title="bbox 118 1098 1580 1152; baseline -0.001 -13"><span class='ocrx_word' id='word_1_119' title='bbox 118 1102 230 1139; x_wconf 87' lang='lat' dir='ltr'>serat</span> <span class='ocrx_word' id='word_1_120' title='bbox 241 1115 253 1148; x_wconf 79' lang='lat'><em>3</em></span> <span class='ocrx_word' id='word_1_121' title='bbox 286 1099 347 1139; x_wconf 87' lang='lat' dir='ltr'>ita</span> <span class='ocrx_word' id='word_1_122' title='bbox 366 1104 416 1139; x_wconf 93' lang='lat' dir='ltr'>ut</span> <span class='ocrx_word' id='word_1_123' title='bbox 438 1112 545 1151; x_wconf 90' lang='lat' dir='ltr'>quae</span> <span class='ocrx_word' id='word_1_124' title='bbox 566 1099 682 1152; x_wconf 88' lang='lat' dir='ltr'>prius</span> <span class='ocrx_word' id='word_1_125' title='bbox 703 1099 749 1138; x_wconf 91' lang='lat' dir='ltr'>in</span> <span class='ocrx_word' id='word_1_126' title='bbox 770 1099 879 1139; x_wconf 91' lang='lat' dir='ltr'>lecto</span> <span class='ocrx_word' id='word_1_127' title='bbox 896 1113 984 1139; x_wconf 89' lang='lat' dir='ltr'>non</span> <span class='ocrx_word' id='word_1_128' title='bbox 1004 1098 1087 1138; x_wconf 88' lang='lat' dir='ltr'>nisi</span> <span class='ocrx_word' id='word_1_129' title='bbox 1103 1103 1243 1138; x_wconf 85' lang='lat' dir='ltr'>erecta</span> <span class='ocrx_word' id='word_1_130' title='bbox 1258 1098 1507 1148; x_wconf 83' lang='lat' dir='ltr'>dormiebat,</span> <span class='ocrx_word' id='word_1_131' title='bbox 1525 1112 1580 1138; x_wconf 91' lang='lat' dir='ltr'>ne</span> 
     </span>
     <span class='ocr_line' id='line_1_16' title="bbox 118 1165 1580 1219; baseline 0 -14"><span class='ocrx_word' id='word_1_132' title='bbox 118 1165 376 1207; x_wconf 88' lang='lat' dir='ltr'>decumbens</span> <span class='ocrx_word' id='word_1_133' title='bbox 408 1166 459 1206; x_wconf 87' lang='lat' dir='ltr'>ab</span> <span class='ocrx_word' id='word_1_134' title='bbox 489 1180 695 1219; x_wconf 88' lang='lat' dir='ltr'>aquarum</span> <span class='ocrx_word' id='word_1_135' title='bbox 725 1165 910 1219; x_wconf 87' lang='lat' dir='ltr'>pondere</span> <span class='ocrx_word' id='word_1_136' title='bbox 942 1166 1232 1215; x_wconf 81' lang='lat' dir='ltr'>suffocaretur,</span> <span class='ocrx_word' id='word_1_137' title='bbox 1250 1166 1341 1219; x_wconf 84' lang='lat' dir='ltr'>jam</span> <span class='ocrx_word' id='word_1_138' title='bbox 1371 1165 1507 1218; x_wconf 87' lang='lat' dir='ltr'>capite</span> <span class='ocrx_word' id='word_1_139' title='bbox 1534 1165 1580 1205; x_wconf 88' lang='lat' dir='ltr'>in</span> 
     </span>
     <span class='ocr_line' id='line_1_17' title="bbox 117 1233 1580 1287; baseline 0.001 -15"><span class='ocrx_word' id='word_1_140' title='bbox 117 1233 313 1286; x_wconf 88' lang='lat' dir='ltr'>pulvinar</span> <span class='ocrx_word' id='word_1_141' title='bbox 327 1233 533 1274; x_wconf 88' lang='lat' dir='ltr'>reclinato</span> <span class='ocrx_word' id='word_1_142' title='bbox 551 1247 699 1274; x_wconf 89' lang='lat' dir='ltr'>secura</span> <span class='ocrx_word' id='word_1_143' title='bbox 715 1234 888 1287; x_wconf 85' lang='lat' dir='ltr'>jaceret,</span> <span class='ocrx_word' id='word_1_144' title='bbox 907 1239 949 1273; x_wconf 90' lang='lat' dir='ltr'>et</span> <span class='ocrx_word' id='word_1_145' title='bbox 972 1234 1023 1274; x_wconf 93' lang='lat' dir='ltr'>de</span> <span class='ocrx_word' id='word_1_146' title='bbox 1045 1234 1175 1274; x_wconf 89' lang='lat' dir='ltr'>latere</span> <span class='ocrx_word' id='word_1_147' title='bbox 1191 1234 1237 1273; x_wconf 90' lang='lat' dir='ltr'>in</span> <span class='ocrx_word' id='word_1_148' title='bbox 1258 1234 1368 1274; x_wconf 88' lang='lat' dir='ltr'>latus</span> <span class='ocrx_word' id='word_1_149' title='bbox 1381 1248 1457 1287; x_wconf 90' lang='lat' dir='ltr'>pro</span> <span class='ocrx_word' id='word_1_150' title='bbox 1471 1233 1580 1274; x_wconf 91' lang='lat' dir='ltr'>arbi-</span> 
     </span>
    </p>

    <p class='ocr_par' dir='ltr' id='par_1_10' title="bbox 116 1300 1580 1355">
     <span class='ocr_line' id='line_1_18' title="bbox 116 1300 1580 1355; baseline 0 -15"><span class='ocrx_word' id='word_1_151' title='bbox 116 1300 199 1340; x_wconf 90' lang='lat' dir='ltr'>trio</span> <span class='ocrx_word' id='word_1_152' title='bbox 216 1315 259 1341; x_wconf 90' lang='lat' dir='ltr'>se</span> <span class='ocrx_word' id='word_1_153' title='bbox 275 1315 440 1342; x_wconf 89' lang='lat' dir='ltr'>movere</span> <span class='ocrx_word' id='word_1_154' title='bbox 461 1301 660 1355; x_wconf 91' lang='lat' dir='ltr'>potuerit.</span> <span class='ocrx_word' id='word_1_155' title='bbox 710 1301 819 1341; x_wconf 88' lang='lat' dir='ltr'>Cum</span> <span class='ocrx_word' id='word_1_156' title='bbox 835 1315 932 1341; x_wconf 86' lang='lat' dir='ltr'>vero</span> <span class='ocrx_word' id='word_1_157' title='bbox 950 1301 1064 1341; x_wconf 88' lang='lat' dir='ltr'>dicta</span> <span class='ocrx_word' id='word_1_158' title='bbox 1083 1301 1262 1342; x_wconf 89' lang='lat' dir='ltr'>emetica</span> <span class='ocrx_word' id='word_1_159' title='bbox 1278 1300 1480 1354; x_wconf 90' lang='lat' dir='ltr'>operandi</span> <span class='ocrx_word' id='word_1_160' title='bbox 1495 1301 1580 1341; x_wconf 90' lang='lat' dir='ltr'>vio-</span> 
     </span>
    </p>

    <p class='ocr_par' dir='ltr' id='par_1_11' title="bbox 114 1368 1581 1486">
     <span class='ocr_line' id='line_1_19' title="bbox 115 1368 1580 1422; baseline 0.001 -14"><span class='ocrx_word' id='word_1_161' title='bbox 115 1368 249 1408; x_wconf 89' lang='lat' dir='ltr'>lentia</span> <span class='ocrx_word' id='word_1_162' title='bbox 279 1383 448 1421; x_wconf 79' lang='lat' dir='ltr'>vapores</span> <span class='ocrx_word' id='word_1_163' title='bbox 480 1369 598 1422; x_wconf 85' lang='lat' dir='ltr'>(quos</span> <span class='ocrx_word' id='word_1_164' title='bbox 633 1369 811 1421; x_wconf 58' lang='lat' dir='ltr'>dicunt)</span> <span class='ocrx_word' id='word_1_165' title='bbox 847 1368 900 1408; x_wconf 88' lang='lat' dir='ltr'>ad</span> <span class='ocrx_word' id='word_1_166' title='bbox 930 1382 1029 1409; x_wconf 91' lang='lat' dir='ltr'>eum</span> <span class='ocrx_word' id='word_1_167' title='bbox 1059 1368 1240 1421; x_wconf 87' lang='lat' dir='ltr'>gradum</span> <span class='ocrx_word' id='word_1_168' title='bbox 1268 1368 1502 1409; x_wconf 81' lang='lat' dir='ltr'>excitarent</span> <span class='ocrx_word' id='word_1_169' title='bbox 1531 1373 1580 1409; x_wconf 87' lang='lat' dir='ltr'>ut</span> 
     </span>
     <span class='ocr_line' id='line_1_20' title="bbox 114 1435 1581 1486; baseline 0 -11"><span class='ocrx_word' id='word_1_170' title='bbox 114 1435 266 1476; x_wconf 90' lang='lat' dir='ltr'>iisdem</span> <span class='ocrx_word' id='word_1_171' title='bbox 297 1436 456 1477; x_wconf 90' lang='lat' dir='ltr'>diutius</span> <span class='ocrx_word' id='word_1_172' title='bbox 486 1436 684 1476; x_wconf 86' lang='lat' dir='ltr'>morbum</span> <span class='ocrx_word' id='word_1_173' title='bbox 708 1436 912 1476; x_wconf 86' lang='lat' dir='ltr'>lacessere</span> <span class='ocrx_word' id='word_1_174' title='bbox 938 1440 1083 1476; x_wconf 89' lang='lat' dir='ltr'>tutum</span> <span class='ocrx_word' id='word_1_175' title='bbox 1107 1449 1196 1476; x_wconf 91' lang='lat' dir='ltr'>non</span> <span class='ocrx_word' id='word_1_176' title='bbox 1226 1436 1348 1486; x_wconf 87' lang='lat' dir='ltr'>foret,</span> <span class='ocrx_word' id='word_1_177' title='bbox 1371 1441 1414 1476; x_wconf 90' lang='lat' dir='ltr'>et</span> <span class='ocrx_word' id='word_1_178' title='bbox 1434 1440 1581 1475; x_wconf 87' lang='lat' dir='ltr'>tamen</span> 
     </span>
    </p>

    <p class='ocr_par' dir='ltr' id='par_1_12' title="bbox 119 1503 1580 1556">
     <span class='ocr_line' id='line_1_21' title="bbox 119 1503 1580 1556; baseline 0 -13"><span class='ocrx_word' id='word_1_179' title='bbox 119 1503 223 1555; x_wconf 83' lang='lat' dir='ltr'>(tam</span> <span class='ocrx_word' id='word_1_180' title='bbox 244 1517 294 1544; x_wconf 84' lang='lat' dir='ltr'>ex</span> <span class='ocrx_word' id='word_1_181' title='bbox 315 1503 485 1544; x_wconf 88' lang='lat' dir='ltr'>residua</span> <span class='ocrx_word' id='word_1_182' title='bbox 506 1503 644 1543; x_wconf 89' lang='lat' dir='ltr'>adhuc</span> <span class='ocrx_word' id='word_1_183' title='bbox 666 1503 823 1543; x_wconf 84' lang='lat' dir='ltr'>ventris</span> <span class='ocrx_word' id='word_1_184' title='bbox 845 1503 968 1553; x_wconf 89' lang='lat' dir='ltr'>mole,</span> <span class='ocrx_word' id='word_1_185' title='bbox 992 1517 1118 1556; x_wconf 85' lang='lat' dir='ltr'>quam</span> <span class='ocrx_word' id='word_1_186' title='bbox 1141 1517 1347 1556; x_wconf 88' lang='lat' dir='ltr'>aquarum</span> <span class='ocrx_word' id='word_1_187' title='bbox 1368 1503 1580 1543; x_wconf 88' lang='lat' dir='ltr'>rotatione</span> 
     </span>
    </p>

    <p class='ocr_par' dir='ltr' id='par_1_13' title="bbox 114 1570 1581 1693">
     <span class='ocr_line' id='line_1_22' title="bbox 115 1570 1581 1624; baseline 0 -13"><span class='ocrx_word' id='word_1_188' title='bbox 115 1584 243 1623; x_wconf 86' lang='lat' dir='ltr'>quam</span> <span class='ocrx_word' id='word_1_189' title='bbox 269 1571 395 1611; x_wconf 91' lang='lat' dir='ltr'>toties</span> <span class='ocrx_word' id='word_1_190' title='bbox 425 1570 684 1624; x_wconf 84' lang='lat' dir='ltr'>percipiebat</span> <span class='ocrx_word' id='word_1_191' title='bbox 713 1571 877 1624; x_wconf 90' lang='lat' dir='ltr'>quoties</span> <span class='ocrx_word' id='word_1_192' title='bbox 909 1585 952 1611; x_wconf 92' lang='lat' dir='ltr'>se</span> <span class='ocrx_word' id='word_1_193' title='bbox 982 1571 1029 1611; x_wconf 89' lang='lat' dir='ltr'>in</span> <span class='ocrx_word' id='word_1_194' title='bbox 1060 1571 1315 1611; x_wconf 87' lang='lat' dir='ltr'>alterutrum</span> <span class='ocrx_word' id='word_1_195' title='bbox 1341 1571 1454 1611; x_wconf 89' lang='lat' dir='ltr'>latus</span> <span class='ocrx_word' id='word_1_196' title='bbox 1482 1584 1581 1611; x_wconf 90' lang='lat' dir='ltr'>con-</span> 
     </span>
     <span class='ocr_line' id='line_1_23' title="bbox 114 1638 1581 1693; baseline 0 -15"><span class='ocrx_word' id='word_1_197' title='bbox 114 1638 317 1689; x_wconf 87' lang='lat' dir='ltr'>vertebat,</span> <span class='ocrx_word' id='word_1_198' title='bbox 327 1644 368 1680; x_wconf 90' lang='lat' dir='ltr'>et</span> <span class='ocrx_word' id='word_1_199' title='bbox 383 1639 569 1692; x_wconf 81' lang='lat' dir='ltr'>vestigiis</span> <span class='ocrx_word' id='word_1_200' title='bbox 582 1639 756 1693; x_wconf 90' lang='lat' dir='ltr'>insuper</span> <span class='ocrx_word' id='word_1_201' title='bbox 768 1639 830 1679; x_wconf 90' lang='lat' dir='ltr'>rei</span> <span class='ocrx_word' id='word_1_202' title='bbox 843 1638 1068 1692; x_wconf 89' lang='lat' dir='ltr'>cujuslibet</span> <span class='ocrx_word' id='word_1_203' title='bbox 1083 1639 1315 1692; x_wconf 90' lang='lat' dir='ltr'>prementis</span> <span class='ocrx_word' id='word_1_204' title='bbox 1327 1639 1374 1678; x_wconf 91' lang='lat' dir='ltr'>in</span> <span class='ocrx_word' id='word_1_205' title='bbox 1386 1639 1502 1679; x_wconf 89' lang='lat' dir='ltr'>tibiis</span> <span class='ocrx_word' id='word_1_206' title='bbox 1520 1644 1581 1679; x_wconf 89' lang='lat' dir='ltr'>et-</span> 
     </span>
    </p>

    <p class='ocr_par' dir='ltr' id='par_1_14' title="bbox 114 1706 1581 1760">
     <span class='ocr_line' id='line_1_24' title="bbox 114 1706 1581 1760; baseline 0 -14"><span class='ocrx_word' id='word_1_207' title='bbox 114 1706 198 1746; x_wconf 87' lang='lat' dir='ltr'>iam</span> <span class='ocrx_word' id='word_1_208' title='bbox 211 1720 328 1747; x_wconf 89' lang='lat' dir='ltr'>nunc</span> <span class='ocrx_word' id='word_1_209' title='bbox 342 1706 646 1760; x_wconf 87' lang='lat' dir='ltr'>manentibus,)</span> <span class='ocrx_word' id='word_1_210' title='bbox 666 1707 761 1759; x_wconf 91' lang='lat' dir='ltr'>plus</span> <span class='ocrx_word' id='word_1_211' title='bbox 779 1707 880 1747; x_wconf 91' lang='lat' dir='ltr'>satis</span> <span class='ocrx_word' id='word_1_212' title='bbox 896 1707 1076 1760; x_wconf 88' lang='lat' dir='ltr'>liqueret</span> <span class='ocrx_word' id='word_1_213' title='bbox 1093 1707 1279 1747; x_wconf 90' lang='lat' dir='ltr'>multum</span> <span class='ocrx_word' id='word_1_214' title='bbox 1296 1720 1429 1760; x_wconf 88' lang='lat' dir='ltr'>aquae</span> <span class='ocrx_word' id='word_1_215' title='bbox 1443 1706 1581 1746; x_wconf 87' lang='lat' dir='ltr'>adhuc</span> 
     </span>
    </p>

    <p class='ocr_par' dir='ltr' id='par_1_15' title="bbox 113 1773 1579 1827">
     <span class='ocr_line' id='line_1_25' title="bbox 113 1773 1579 1827; baseline -0.001 -13"><span class='ocrx_word' id='word_1_216' title='bbox 113 1773 160 1814; x_wconf 92' lang='lat' dir='ltr'>in</span> <span class='ocrx_word' id='word_1_217' title='bbox 187 1787 359 1827; x_wconf 86' lang='lat' dir='ltr'>corpore</span> <span class='ocrx_word' id='word_1_218' title='bbox 379 1779 562 1824; x_wconf 82' lang='lat' dir='ltr'>restare3</span> <span class='ocrx_word' id='word_1_219' title='bbox 594 1774 647 1814; x_wconf 93' lang='lat' dir='ltr'>ob</span> <span class='ocrx_word' id='word_1_220' title='bbox 670 1788 841 1814; x_wconf 88' lang='lat' dir='ltr'>causam</span> <span class='ocrx_word' id='word_1_221' title='bbox 865 1774 956 1827; x_wconf 81' lang='lat' dir='ltr'>jam</span> <span class='ocrx_word' id='word_1_222' title='bbox 977 1774 1147 1823; x_wconf 88' lang='lat' dir='ltr'>dictam,</span> <span class='ocrx_word' id='word_1_223' title='bbox 1170 1773 1377 1827; x_wconf 88' lang='lat' dir='ltr'>reliquam</span> <span class='ocrx_word' id='word_1_224' title='bbox 1398 1773 1579 1813; x_wconf 88' lang='lat' dir='ltr'>curatio-</span> 
     </span>
    </p>

    <p class='ocr_par' dir='ltr' id='par_1_16' title="bbox 113 1840 1578 1895">
     <span class='ocr_line' id='line_1_26' title="bbox 113 1840 1578 1895; baseline -0.001 -14"><span class='ocrx_word' id='word_1_225' title='bbox 113 1855 213 1882; x_wconf 89' lang='lat' dir='ltr'>nem</span> <span class='ocrx_word' id='word_1_226' title='bbox 226 1841 508 1894; x_wconf 86' lang='lat' dir='ltr'>purgantibus</span> <span class='ocrx_word' id='word_1_227' title='bbox 524 1841 691 1895; x_wconf 87' lang='lat' dir='ltr'>proprie</span> <span class='ocrx_word' id='word_1_228' title='bbox 708 1841 830 1882; x_wconf 87' lang='lat' dir='ltr'>dictis</span> <span class='ocrx_word' id='word_1_229' title='bbox 847 1841 1028 1894; x_wconf 86' lang='lat' dir='ltr'>cogebar</span> <span class='ocrx_word' id='word_1_230' title='bbox 1045 1841 1271 1881; x_wconf 86' lang='lat' dir='ltr'>absolvere.</span> <span class='ocrx_word' id='word_1_231' title='bbox 1304 1841 1487 1881; x_wconf 87' lang='lat' dir='ltr'>Posthac</span> <span class='ocrx_word' id='word_1_232' title='bbox 1501 1840 1578 1893; x_wconf 91' lang='lat' dir='ltr'>igi-</span> 
     </span>
    </p>

    <p class='ocr_par' dir='ltr' id='par_1_17' title="bbox 113 1907 1579 2030">
     <span class='ocr_line' id='line_1_27' title="bbox 113 1907 1579 1962; baseline -0.001 -14"><span class='ocrx_word' id='word_1_233' title='bbox 113 1913 186 1948; x_wconf 74' lang='lat' dir='ltr'>tiu·</span> <span class='ocrx_word' id='word_1_234' title='bbox 212 1909 277 1948; x_wconf 82' lang='lat' dir='ltr'>vel</span> <span class='ocrx_word' id='word_1_235' title='bbox 301 1909 519 1961; x_wconf 87' lang='lat' dir='ltr'>potionem</span> <span class='ocrx_word' id='word_1_236' title='bbox 548 1914 806 1962; x_wconf 85' lang='lat' dir='ltr'>purgantem</span> <span class='ocrx_word' id='word_1_237' title='bbox 834 1922 961 1961; x_wconf 88' lang='lat' dir='ltr'>supra</span> <span class='ocrx_word' id='word_1_238' title='bbox 989 1908 1032 1962; x_wconf 60' lang='grc' dir='ltr'>[ξ</span> <span class='ocrx_word' id='word_1_239' title='bbox 1058 1908 1145 1961; x_wconf 85' lang='grc'>15.]</span> <span class='ocrx_word' id='word_1_240' title='bbox 1175 1907 1345 1958; x_wconf 89' lang='lat' dir='ltr'>dictam,</span> <span class='ocrx_word' id='word_1_241' title='bbox 1368 1908 1432 1947; x_wconf 80' lang='lat' dir='ltr'>vel</span> <span class='ocrx_word' id='word_1_242' title='bbox 1464 1907 1579 1947; x_wconf 87' lang='lat' dir='ltr'>aliud</span> 
     </span>
     <span class='ocr_line' id='line_1_28' title="bbox 114 1974 1576 2030; baseline -0.003 -13"><span class='ocrx_word' id='word_1_243' title='bbox 114 1976 326 2030; x_wconf 86' lang='lat' dir='ltr'>quoddam</span> <span class='ocrx_word' id='word_1_244' title='bbox 347 1977 656 2030; x_wconf 77' lang='lat' dir='ltr'>hydragogum,</span> <span class='ocrx_word' id='word_1_245' title='bbox 677 1975 927 2029; x_wconf 86' lang='lat' dir='ltr'>praescripsi</span> <span class='ocrx_word' id='word_1_246' title='bbox 939 1991 951 2024; x_wconf 80' lang='lat'>3</span> <span class='ocrx_word' id='word_1_247' title='bbox 983 1975 1110 2027; x_wconf 90' lang='lat' dir='ltr'>idque</span> <span class='ocrx_word' id='word_1_248' title='bbox 1141 1974 1206 2014; x_wconf 88' lang='lat' dir='ltr'>vel</span> <span class='ocrx_word' id='word_1_249' title='bbox 1231 1974 1367 2014; x_wconf 87' lang='lat' dir='ltr'>rarius</span> <span class='ocrx_word' id='word_1_250' title='bbox 1399 1974 1463 2013; x_wconf 92' lang='lat' dir='ltr'>vel</span> <span class='ocrx_word' id='word_1_251' title='bbox 1489 1988 1576 2014; x_wconf 88' lang='lat' dir='ltr'>sae-</span> 
     </span>
    </p>

    <p class='ocr_par' dir='ltr' id='par_1_18' title="bbox 113 2041 1575 2166">
     <span class='ocr_line' id='line_1_29' title="bbox 113 2041 1574 2098; baseline -0.001 -14"><span class='ocrx_word' id='word_1_252' title='bbox 113 2045 220 2098; x_wconf 88' lang='lat' dir='ltr'>pius,</span> <span class='ocrx_word' id='word_1_253' title='bbox 243 2051 367 2097; x_wconf 88' lang='lat' dir='ltr'>prout</span> <span class='ocrx_word' id='word_1_254' title='bbox 389 2045 496 2085; x_wconf 86' lang='lat' dir='ltr'>vires</span> <span class='ocrx_word' id='word_1_255' title='bbox 523 2045 613 2098; x_wconf 87' lang='lat' dir='ltr'>ejus</span> <span class='ocrx_word' id='word_1_256' title='bbox 641 2044 813 2093; x_wconf 87' lang='lat' dir='ltr'>ferrent,</span> <span class='ocrx_word' id='word_1_257' title='bbox 837 2047 910 2083; x_wconf 87' lang='lat' dir='ltr'>aut</span> <span class='ocrx_word' id='word_1_258' title='bbox 931 2056 1104 2095; x_wconf 88' lang='lat' dir='ltr'>vapores</span> <span class='ocrx_word' id='word_1_259' title='bbox 1130 2041 1273 2081; x_wconf 89' lang='lat' dir='ltr'>minus</span> <span class='ocrx_word' id='word_1_260' title='bbox 1299 2041 1574 2082; x_wconf 86' lang='lat' dir='ltr'>infestarent:</span> 
     </span>
     <span class='ocr_line' id='line_1_30' title="bbox 113 2109 1575 2166; baseline -0.002 -14"><span class='ocrx_word' id='word_1_261' title='bbox 113 2112 273 2152; x_wconf 85' lang='lat' dir='ltr'>etenim</span> <span class='ocrx_word' id='word_1_262' title='bbox 304 2117 347 2152; x_wconf 90' lang='lat' dir='ltr'>et</span> <span class='ocrx_word' id='word_1_263' title='bbox 376 2112 580 2152; x_wconf 85' lang='lat' dir='ltr'>catharsis</span> <span class='ocrx_word' id='word_1_264' title='bbox 608 2125 682 2166; x_wconf 88' lang='lat' dir='ltr'>per</span> <span class='ocrx_word' id='word_1_265' title='bbox 712 2110 912 2151; x_wconf 85' lang='lat' dir='ltr'>inferiora</span> <span class='ocrx_word' id='word_1_266' title='bbox 947 2110 1123 2150; x_wconf 89' lang='lat' dir='ltr'>affectus</span> <span class='ocrx_word' id='word_1_267' title='bbox 1151 2109 1384 2164; x_wconf 83' lang='lat' dir='ltr'>hystericos</span> <span class='ocrx_word' id='word_1_268' title='bbox 1417 2110 1575 2163; x_wconf 89' lang='lat' dir='ltr'>aliqua-</span> 
     </span>
    </p>

    <p class='ocr_par' dir='ltr' id='par_1_19' title="bbox 111 2179 1775 2505">
     <span class='ocr_line' id='line_1_31' title="bbox 112 2179 1574 2233; baseline -0.001 -11"><span class='ocrx_word' id='word_1_269' title='bbox 112 2186 239 2222; x_wconf 88' lang='lat' dir='ltr'>tenus</span> <span class='ocrx_word' id='word_1_270' title='bbox 267 2182 488 2232; x_wconf 83' lang='lat' dir='ltr'>invitabat‚</span> <span class='ocrx_word' id='word_1_271' title='bbox 511 2181 610 2221; x_wconf 89' lang='lat' dir='ltr'>lieet</span> <span class='ocrx_word' id='word_1_272' title='bbox 630 2194 719 2221; x_wconf 90' lang='lat' dir='ltr'>non</span> <span class='ocrx_word' id='word_1_273' title='bbox 743 2180 805 2220; x_wconf 89' lang='lat' dir='ltr'>ita</span> <span class='ocrx_word' id='word_1_274' title='bbox 833 2193 980 2233; x_wconf 79' lang='lat' dir='ltr'>graves</span> <span class='ocrx_word' id='word_1_275' title='bbox 1009 2184 1051 2220; x_wconf 89' lang='lat' dir='ltr'>et</span> <span class='ocrx_word' id='word_1_276' title='bbox 1072 2179 1279 2219; x_wconf 86' lang='lat' dir='ltr'>violentos</span> <span class='ocrx_word' id='word_1_277' title='bbox 1305 2193 1352 2219; x_wconf 87' lang='lat' dir='ltr'>ac</span> <span class='ocrx_word' id='word_1_278' title='bbox 1381 2179 1574 2220; x_wconf 87' lang='lat' dir='ltr'>solebant</span> 
     </span>
     <span class='ocr_line' id='line_1_32' title="bbox 113 2246 1613 2302; baseline -0.001 -12"><span class='ocrx_word' id='word_1_279' title='bbox 113 2250 302 2290; x_wconf 89' lang='lat' dir='ltr'>emetica.</span> <span class='ocrx_word' id='word_1_280' title='bbox 364 2251 507 2302; x_wconf 85' lang='lat' dir='ltr'>Atque</span> <span class='ocrx_word' id='word_1_281' title='bbox 534 2249 580 2289; x_wconf 87' lang='lat' dir='ltr'>in</span> <span class='ocrx_word' id='word_1_282' title='bbox 607 2248 686 2288; x_wconf 85' lang='lat' dir='ltr'>hac</span> <span class='ocrx_word' id='word_1_283' title='bbox 710 2248 911 2288; x_wconf 89' lang='lat' dir='ltr'>methodo</span> <span class='ocrx_word' id='word_1_284' title='bbox 939 2246 1215 2301; x_wconf 87' lang='lat' dir='ltr'>persistebam</span> <span class='ocrx_word' id='word_1_285' title='bbox 1241 2247 1374 2287; x_wconf 88' lang='lat' dir='ltr'>donec</span> <span class='ocrx_word' id='word_1_286' title='bbox 1401 2261 1572 2300; x_wconf 89' lang='lat' dir='ltr'>prorsus</span> <span class='ocrx_word' id='word_1_287' title='bbox 1605 2285 1613 2290; x_wconf 86' lang='lat'><em>.</em></span> 
     </span>
     <span class='ocr_line' id='line_1_33' title="bbox 112 2315 1734 2369; baseline 0.001 -13"><span class='ocrx_word' id='word_1_288' title='bbox 112 2316 372 2357; x_wconf 86' lang='lat' dir='ltr'>convaluisse</span> <span class='ocrx_word' id='word_1_289' title='bbox 403 2316 627 2357; x_wconf 74' lang='lat' dir='ltr'>videretur.</span> <span class='ocrx_word' id='word_1_290' title='bbox 697 2315 805 2369; x_wconf 64' lang='lat'>[26]</span> <span class='ocrx_word' id='word_1_291' title='bbox 845 2315 966 2356; x_wconf 77' lang='lat' dir='ltr'>Quae</span> <span class='ocrx_word' id='word_1_292' title='bbox 1003 2315 1106 2355; x_wconf 89' lang='lat' dir='ltr'>dum</span> <span class='ocrx_word' id='word_1_293' title='bbox 1136 2315 1300 2365; x_wconf 86' lang='lat' dir='ltr'>fierent,</span> <span class='ocrx_word' id='word_1_294' title='bbox 1329 2315 1433 2355; x_wconf 88' lang='lat' dir='ltr'>haec</span> <span class='ocrx_word' id='word_1_295' title='bbox 1464 2315 1570 2355; x_wconf 88' lang='lat' dir='ltr'>mihi</span> <span class='ocrx_word' id='word_1_296' title='bbox 1589 2325 1665 2356; x_wconf 87' lang='lat' dir='ltr'>Tria</span> <span class='ocrx_word' id='word_1_297' title='bbox 1682 2327 1734 2357; x_wconf 79' lang='lat' dir='ltr'>hic</span> 
     </span>
     <span class='ocr_line' id='line_1_34' title="bbox 111 2370 1775 2443; baseline 0.001 -20"><span class='ocrx_word' id='word_1_298' title='bbox 111 2384 335 2438; x_wconf 87' lang='lat' dir='ltr'>praecipue</span> <span class='ocrx_word' id='word_1_299' title='bbox 366 2384 626 2425; x_wconf 87' lang='lat' dir='ltr'>observanda</span> <span class='ocrx_word' id='word_1_300' title='bbox 653 2383 956 2425; x_wconf 87' lang='lat' dir='ltr'>occurrebant:</span> <span class='ocrx_word' id='word_1_301' title='bbox 999 2384 1156 2434; x_wconf 86' lang='lat' dir='ltr'>Primo,</span> <span class='ocrx_word' id='word_1_302' title='bbox 1190 2384 1302 2437; x_wconf 91' lang='lat' dir='ltr'>quod</span> <span class='ocrx_word' id='word_1_303' title='bbox 1334 2384 1385 2424; x_wconf 91' lang='lat' dir='ltr'>iis</span> <span class='ocrx_word' id='word_1_304' title='bbox 1421 2384 1570 2425; x_wconf 89' lang='lat' dir='ltr'>diebus</span> <span class='ocrx_word' id='word_1_305' title='bbox 1587 2370 1775 2443; x_wconf 46' lang='grc' dir='ltr'>ἓξὲξ]ξὲ</span> 
     </span>
     <span class='ocr_line' id='line_1_35' title="bbox 112 2451 1570 2505; baseline 0.001 -14"><span class='ocrx_word' id='word_1_306' title='bbox 112 2451 265 2504; x_wconf 86' lang='lat' dir='ltr'>quibus</span> <span class='ocrx_word' id='word_1_307' title='bbox 287 2467 311 2492; x_wconf 89' lang='lat' dir='ltr'>a</span> <span class='ocrx_word' id='word_1_308' title='bbox 339 2452 592 2505; x_wconf 86' lang='lat' dir='ltr'>purgatione</span> <span class='ocrx_word' id='word_1_309' title='bbox 615 2451 858 2500; x_wconf 86' lang='lat' dir='ltr'>feriebatur,</span> <span class='ocrx_word' id='word_1_310' title='bbox 880 2465 1191 2504; x_wconf 88' lang='lat' dir='ltr'>nonnunquam</span> <span class='ocrx_word' id='word_1_311' title='bbox 1217 2466 1417 2504; x_wconf 87' lang='lat' dir='ltr'>magnam</span> <span class='ocrx_word' id='word_1_312' title='bbox 1443 2466 1570 2505; x_wconf 86' lang='lat' dir='ltr'>aqua-</span> 
     </span>
    </p>

    <p class='ocr_par' dir='ltr' id='par_1_20' title="bbox 111 2518 1572 2639">
     <span class='ocr_line' id='line_1_36' title="bbox 111 2518 1572 2574; baseline 0.001 -16"><span class='ocrx_word' id='word_1_313' title='bbox 111 2531 207 2558; x_wconf 91' lang='lat' dir='ltr'>rum</span> <span class='ocrx_word' id='word_1_314' title='bbox 234 2519 318 2558; x_wconf 72' lang='lat' dir='ltr'>vim</span> <span class='ocrx_word' id='word_1_315' title='bbox 347 2532 423 2572; x_wconf 91' lang='lat' dir='ltr'>per</span> <span class='ocrx_word' id='word_1_316' title='bbox 450 2518 592 2559; x_wconf 89' lang='lat' dir='ltr'>sedem</span> <span class='ocrx_word' id='word_1_317' title='bbox 620 2518 886 2569; x_wconf 86' lang='lat' dir='ltr'>excernebat,</span> <span class='ocrx_word' id='word_1_318' title='bbox 915 2523 1042 2572; x_wconf 88' lang='lat' dir='ltr'>atque</span> <span class='ocrx_word' id='word_1_319' title='bbox 1073 2519 1201 2559; x_wconf 87' lang='lat' dir='ltr'>ctiam</span> <span class='ocrx_word' id='word_1_320' title='bbox 1234 2519 1311 2560; x_wconf 91' lang='lat' dir='ltr'>sub</span> <span class='ocrx_word' id='word_1_321' title='bbox 1340 2520 1469 2560; x_wconf 86' lang='lat' dir='ltr'>finem</span> <span class='ocrx_word' id='word_1_322' title='bbox 1496 2534 1572 2574; x_wconf 92' lang='lat' dir='ltr'>per</span> 
     </span>
     <span class='ocr_line' id='line_1_37' title="bbox 111 2585 1570 2639; baseline 0.001 -14"><span class='ocrx_word' id='word_1_323' title='bbox 111 2590 276 2626; x_wconf 89' lang='lat' dir='ltr'>meatus</span> <span class='ocrx_word' id='word_1_324' title='bbox 316 2586 524 2626; x_wconf 87' lang='lat' dir='ltr'>urinarios</span> <span class='ocrx_word' id='word_1_325' title='bbox 560 2586 625 2626; x_wconf 84' lang='lat' dir='ltr'>vel</span> <span class='ocrx_word' id='word_1_326' title='bbox 661 2585 714 2626; x_wconf 88' lang='lat' dir='ltr'>ad</span> <span class='ocrx_word' id='word_1_327' title='bbox 749 2586 890 2639; x_wconf 85' lang='lat' dir='ltr'>congii</span> <span class='ocrx_word' id='word_1_328' title='bbox 924 2600 1182 2636; x_wconf 85' lang='lat' dir='ltr'>mensuram,</span> <span class='ocrx_word' id='word_1_329' title='bbox 1216 2586 1448 2639; x_wconf 87' lang='lat' dir='ltr'>quamlibet</span> <span class='ocrx_word' id='word_1_330' title='bbox 1484 2601 1570 2628; x_wconf 89' lang='lat' dir='ltr'>non</span> 
     </span>
    </p>

    <p class='ocr_par' dir='ltr' id='par_1_21' title="bbox 109 2653 1572 2842">
     <span class='ocr_line' id='line_1_38' title="bbox 109 2653 1571 2707; baseline -0.001 -13"><span class='ocrx_word' id='word_1_331' title='bbox 109 2653 224 2694; x_wconf 86' lang='lat' dir='ltr'>ultra</span> <span class='ocrx_word' id='word_1_332' title='bbox 253 2653 545 2707; x_wconf 84' lang='lat' dir='ltr'>sesquilibram</span> <span class='ocrx_word' id='word_1_333' title='bbox 573 2654 638 2694; x_wconf 91' lang='lat' dir='ltr'>vel</span> <span class='ocrx_word' id='word_1_334' title='bbox 664 2653 794 2694; x_wconf 90' lang='lat' dir='ltr'>libras</span> <span class='ocrx_word' id='word_1_335' title='bbox 825 2653 929 2694; x_wconf 87' lang='lat' dir='ltr'>duas</span> <span class='ocrx_word' id='word_1_336' title='bbox 958 2658 1082 2707; x_wconf 87' lang='lat' dir='ltr'>potus</span> <span class='ocrx_word' id='word_1_337' title='bbox 1110 2667 1186 2707; x_wconf 87' lang='lat' dir='ltr'>pro</span> <span class='ocrx_word' id='word_1_338' title='bbox 1217 2654 1394 2707; x_wconf 86' lang='lat' dir='ltr'>singulis</span> <span class='ocrx_word' id='word_1_339' title='bbox 1423 2654 1571 2694; x_wconf 91' lang='lat' dir='ltr'>diebus</span> 
     </span>
     <span class='ocr_line' id='line_1_39' title="bbox 110 2719 1572 2775; baseline 0.002 -16"><span class='ocrx_word' id='word_1_340' title='bbox 110 2719 384 2760; x_wconf 88' lang='lat' dir='ltr'>concederem</span> <span class='ocrx_word' id='word_1_341' title='bbox 397 2738 408 2770; x_wconf 88' lang='lat'>;</span> <span class='ocrx_word' id='word_1_342' title='bbox 439 2721 500 2760; x_wconf 89' lang='lat' dir='ltr'>ita</span> <span class='ocrx_word' id='word_1_343' title='bbox 526 2725 575 2760; x_wconf 88' lang='lat' dir='ltr'>ut</span> <span class='ocrx_word' id='word_1_344' title='bbox 600 2725 745 2774; x_wconf 88' lang='lat' dir='ltr'>portae</span> <span class='ocrx_word' id='word_1_345' title='bbox 773 2734 919 2761; x_wconf 89' lang='lat' dir='ltr'>omnes</span> <span class='ocrx_word' id='word_1_346' title='bbox 947 2726 1073 2773; x_wconf 87' lang='lat' dir='ltr'>atque</span> <span class='ocrx_word' id='word_1_347' title='bbox 1102 2722 1268 2761; x_wconf 84' lang='lat' dir='ltr'>canales</span> <span class='ocrx_word' id='word_1_348' title='bbox 1295 2721 1572 2775; x_wconf 88' lang='lat' dir='ltr'>undicunque</span> 
     </span>
     <span class='ocr_line' id='line_1_40' title="bbox 109 2787 1571 2842; baseline 0.002 -15"><span class='ocrx_word' id='word_1_349' title='bbox 109 2791 253 2839; x_wconf 82' lang='lat' dir='ltr'>patere</span> <span class='ocrx_word' id='word_1_350' title='bbox 274 2787 529 2829; x_wconf 80' lang='lat' dir='ltr'>viderentur.</span> <span class='ocrx_word' id='word_1_351' title='bbox 585 2787 781 2828; x_wconf 86' lang='lat' dir='ltr'>Secundo</span> <span class='ocrx_word' id='word_1_352' title='bbox 803 2792 956 2828; x_wconf 77' lang='lat' dir='ltr'>notatu</span> <span class='ocrx_word' id='word_1_353' title='bbox 977 2787 1155 2841; x_wconf 87' lang='lat' dir='ltr'>dignum</span> <span class='ocrx_word' id='word_1_354' title='bbox 1177 2794 1279 2838; x_wconf 90' lang='lat' dir='ltr'>erat,</span> <span class='ocrx_word' id='word_1_355' title='bbox 1303 2789 1428 2842; x_wconf 91' lang='lat' dir='ltr'>quod,</span> <span class='ocrx_word' id='word_1_356' title='bbox 1452 2803 1571 2830; x_wconf 89' lang='lat' dir='ltr'>cura-</span> 
     </span>
    </p>

    <p class='ocr_par' dir='ltr' id='par_1_22' title="bbox 109 2853 1571 2909">
     <span class='ocr_line' id='line_1_41' title="bbox 109 2853 1571 2909; baseline 0.003 -16"><span class='ocrx_word' id='word_1_357' title='bbox 109 2853 225 2895; x_wconf 87' lang='lat' dir='ltr'>tione</span> <span class='ocrx_word' id='word_1_358' title='bbox 255 2855 341 2901; x_wconf 84' lang='lat' dir='ltr'>fere</span> <span class='ocrx_word' id='word_1_359' title='bbox 373 2855 577 2905; x_wconf 83' lang='lat' dir='ltr'>absoluta,</span> <span class='ocrx_word' id='word_1_360' title='bbox 609 2855 815 2908; x_wconf 81' lang='lat' dir='ltr'>siquando</span> <span class='ocrx_word' id='word_1_361' title='bbox 843 2869 1015 2909; x_wconf 81' lang='lat' dir='ltr'>vapores</span> <span class='ocrx_word' id='word_1_362' title='bbox 1044 2871 1064 2895; x_wconf 83' lang='lat' dir='ltr'>a</span> <span class='ocrx_word' id='word_1_363' title='bbox 1100 2857 1341 2897; x_wconf 82' lang='lat' dir='ltr'>catharticis</span> <span class='ocrx_word' id='word_1_364' title='bbox 1371 2858 1571 2898; x_wconf 87' lang='lat' dir='ltr'>commoti</span> 
     </span>
    </p>
   </div>
   <div class='ocr_carea' id='block_1_3' title="bbox 1597 326 1782 331">
    <p class='ocr_par' dir='ltr' id='par_1_23' title="bbox 1597 326 1782 331">
     <span class='ocr_line' id='line_1_42' title="bbox 1597 326 1782 331; baseline 0 0"><span class='ocrx_word' id='word_1_365' title='bbox 1597 326 1782 331; x_wconf 95' lang='lat' dir='ltr'> </span> 
     </span>
    </p>
   </div>
   <div class='ocr_carea' id='block_1_4' title="bbox 2 0 71 3308">
    <p class='ocr_par' dir='ltr' id='par_1_24' title="bbox 2 0 71 3308">
     <span class='ocr_line' id='line_1_43' title="bbox 2 0 71 3308; baseline 0 0"><span class='ocrx_word' id='word_1_366' title='bbox 2 0 71 3308; x_wconf 95' lang='lat' dir='ltr'> </span> 
     </span>
    </p>
   </div>
  </div>
 </body>
</html>
