1985 3308
212 1378 325 1414 1673.

173 1441 307 1472 Exoles-

173 1491 262 1514 cente
280 1496 354 1515 con-

172 1527 336 1558 stitutione

171 1570 346 1609 dysenteri-

170 1622 216 1648 ca,
235 1623 317 1643 nova

170 1656 333 1686 suboritur

169 1698 322 1728 circaini-

170 1740 250 1770 tium
267 1741 332 1771 Jul.

170 1783 219 1795 v-r‘

185 1797 230 1813 10.

168 2184 317 2222 Syllabus

163 2227 345 2257 morborum

165 2280 197 2298 sc
213 2280 267 2308 per
282 2270 340 2299 hoc

161 2312 335 2343 triennium

162 2355 321 2394 excipien-

165 2403 255 2433 tium,
277 2408 340 2436 quo

165 2440 271 2469 ordine
288 2441 336 2469 in-

163 2482 300 2511 valesce-

163 2524 247 2559 bmst,
267 2535 314 2554 rc-

161 2567 328 2597 cedebant-

163 2618 233 2648 que.

612 441 1013 498 TIIOMAE
1075 439 1622 498 SYDENHAM

705 606 1165 643 OBSERVATIONUM
1195 606 1522 644 MEDICARUM

439 758 570 799 CIRCA
595 757 845 799 MORBORUM
871 757 1113 799 ACUTORUM
1141 758 1386 799 HISTORIAM
1412 758 1467 800 ET
1493 758 1785 800 CURATIONEM

866 886 1073 926 SECTIO
1106 885 1359 928 QUINTA-

970 1099 1166 1139 CAPUT
1198 1099 1260 1139 I.a

439 1207 679 1246 Cous-tinctio
700 1207 942 1258 Epidemica
955 1206 1095 1258 partis
1117 1207 1214 1246 amzz'
1239 1207 1362 1256 1673,
1386 1211 1505 1259 atque
1525 1208 1775 1260 inteyroram

971 1274 1093 1324 1674,
1120 1274 1243 1315 1675.

435 1363 578 1404 Cmm
622 1365 794 1405 initium
830 1365 987 1405 mensis
1019 1365 1136 1415 Juhi,
1176 1365 1299 1415 1673,
1337 1365 1419 1405 alia
1451 1365 1658 1418 quaedam
1689 1364 1838 1405 Febris

377 1432 533 1484 species
562 1438 625 1473 est
656 1433 870 1486 ingressa3
904 1433 1220 1474 Constitutione
1248 1447 1346 1474 vero
1367 1433 1551 1474 necdum
1577 1433 1640 1473 ita
1665 1433 1718 1474 ad
1739 1447 1834 1474 eam

376 1499 500 1539 unice
522 1499 724 1553 disposita
751 1505 799 1540 ut
821 1500 992 1553 penitus
1021 1500 1347 1541 excluderentur
1374 1499 1692 1541 constitutionis
1712 1513 1831 1553 prae-

377 1566 565 1606 cedentis
600 1568 751 1616 morbi,
793 1582 881 1608 non
922 1568 1152 1609 admodum
1186 1569 1267 1609 fuit
1308 1568 1552 1622 epidemica.
1625 1568 1832 1609 Nondum

376 1634 491 1674 enim
508 1635 688 1675 desierat
709 1636 792 1676 ista
807 1636 1076 1676 Yan'olarum
1093 1637 1250 1690 species
1267 1651 1374 1690 quac
1390 1650 1502 1677 anno
1522 1636 1633 1678 1670
1647 1636 1833 1690 primum

374 1702 510 1755 coepit
548 1703 760 1754 invadere,
794 1704 893 1744 licet
929 1705 1019 1758 jam
1052 1709 1094 1745 et
1130 1704 1265 1744 rarius
1301 1709 1552 1753 occurreret,
1587 1708 1629 1744 et
1664 1703 1837 1744 mitiora

373 1776 514 1810 essent
536 1777 846 1825 symptomata:
879 1772 941 1813 ita
967 1777 1017 1813 ut
1036 1772 1128 1813 bim'
1148 1772 1193 1812 hi
1214 1772 1351 1813 morbi
1372 1773 1463 1825 pari
1484 1772 1571 1812 fere
1592 1786 1717 1825 passu
1738 1785 1833 1825 pro-

372 1839 584 1889 cederent,
614 1844 766 1880 neuter
795 1855 893 1881 vero
926 1841 1111 1882 multum
1147 1846 1434 1894 grassaretur;
1466 1840 1595 1894 priori
1625 1840 1831 1881 constitu-

370 1906 487 1946 tione
520 1907 713 1948 nondum
750 1908 811 1948 ita
843 1923 1014 1962 prorsus
1051 1914 1327 1950 evanescente
1361 1914 1410 1949 ut
1446 1909 1585 1949 nullos
1625 1908 1831 1961 proferret

370 1973 539 2014 morbos
558 1975 711 2015 veteris
732 1976 964 2030 prosapiae,
986 1977 1281 2030 (DJ-senteriae
1303 1976 1418 2017 enim
1438 1989 1670 2029 perpaucae
1692 1975 1831 2016 adhuc

369 2042 718 2095 reperiebantin‘,)
743 2058 880 2096 neque
901 2059 1010 2085 nova
1034 2045 1094 2085 ita
1122 2044 1260 2085 adhuc
1288 2045 1538 2086 confirmata
1563 2048 1613 2085 ut
1634 2058 1704 2085 eos
1735 2058 1831 2098 pro-

370 2109 541 2150 duceret
565 2110 636 2163 qui
659 2111 761 2151 alios
784 2112 1116 2153 exterminarent
1138 2126 1297 2154 omnes.

433 2177 512 2230 [2.]
551 2178 607 2218 Et
630 2192 704 2231 per
730 2184 988 2220 autumnum
1015 2180 1131 2221 hunc
1152 2186 1194 2221 et
1222 2180 1419 2235 hyemem
1440 2193 1612 2221 omnem
1633 2180 1673 2220 V
1675 2179 1836 2221 ariolae-

367 2246 457 2298 pari
483 2260 581 2286 cum
606 2247 685 2288 hac
715 2248 850 2288 Febre
877 2248 1133 2289 incedebant
1158 2263 1297 2303 passu,
1325 2253 1479 2289 neutro
1506 2254 1652 2289 tamen
1678 2248 1828 2289 morbo

368 2312 596 2354 admodum
618 2320 852 2367 grassante,
875 2322 1004 2369 atque
1024 2316 1198 2357 interim
1217 2321 1389 2357 tantum
1410 2330 1497 2357 11011
1518 2315 1826 2369 extingueban-

367 2386 438 2420 tur
465 2382 755 2436 Dysenteriae.
817 2384 1053 2425 Novembri
1078 2390 1223 2425 autem
1244 2389 1338 2425 tum
1360 2388 1569 2434 currente,
1590 2389 1684 2438 post
1710 2398 1823 2424 acer—

367 2449 524 2489 rimum
553 2451 651 2503 gelu
679 2451 733 2491 ad
761 2451 849 2492 dies
881 2453 1039 2506 aliquot
1067 2452 1313 2506 perdurans,
1337 2451 1589 2492 succedente
1610 2452 1825 2505 insperato

366 2522 620 2570 tempestate
643 2520 832 2561 calidiori
855 2535 982 2574 quam
1003 2535 1081 2574 ego
1108 2534 1176 2561 me
1197 2535 1272 2575 per
1296 2520 1411 2561 istud
1433 2520 1535 2561 anni
1555 2525 1723 2574 tempus
1745 2535 1822 2561 un-

369 2599 496 2637 quam
517 2586 757 2628 observasse
778 2589 966 2639 memini,
989 2576 1194 2643 pauculae
1215 2588 1494 2643 Dysenteriae
1516 2594 1558 2629 et
1579 2589 1705 2642 paulo
1721 2593 1822 2629 ante

366 2657 407 2691 ct
439 2653 606 2694 circiter
626 2655 783 2696 festum
814 2656 1063 2698 Nativitatis
1085 2657 1266 2698 Donum
1292 2656 1361 2697 hic
1387 2656 1473 2697 illic
1499 2656 1826 2710 spargebantur.

368 2719 462 2759 Hac
485 2727 629 2762 autem
645 2728 883 2764 extremum
897 2724 1117 2766 morientis
1132 2725 1330 2766 lucernae
1350 2729 1552 2765 conatum
1566 2722 1819 2774 referebant,

364 2800 460 2826 mox
497 2789 611 2829 enim
643 2791 815 2832 morbus
845 2792 963 2833 hicce
995 2793 1090 2845 (ista
1122 2793 1272 2834 saltem
1303 2792 1393 2847 ejus
1424 2792 1610 2846 species,)
1645 2791 1819 2832 omnino

363 2853 590 2896 intercidit.

786 2947 798 2960 ¹
823 2943 920 2974 Deest
937 2944 995 2975 hoc
1015 2955 1082 2985 cap.
1108 2945 1140 2975 in
1164 2945 1232 2976 edd.
1251 2945 1314 2981 '66,
1332 2945 1393 2975 ’68.
