1985 3308
235 289 364 319 Fennis

225 333 374 362 Cos‘rlx.

205 375 389 404 Ass-onum

229 417 365 447 ‘61-‘64.

204 486 266 505 non
282 486 355 505 vero

205 519 244 548 ab
261 518 374 547 astrin-

206 561 355 600 gentibus

206 604 314 633 statim
331 603 390 633 sis-

207 647 292 677 titur.

210 1236 360 1266 Enietica

208 1278 379 1308 antimoni—

208 1322 270 1351 alia
286 1321 368 1360 peri-

210 1363 394 1400 culosa‚nisi

210 1407 335 1445 copiose
348 1406 395 1436 di-

209 1449 348 1479 luantur.

218 2255 282 2284 Ubi
298 2255 379 2285 indi-

215 2303 304 2327 catur
319 2309 352 2328 u-

215 2346 374 2379 trumque,

215 2393 398 2413 venae-sec-

215 2425 258 2454 tio
269 2426 402 2455 vomito-

216 2468 298 2496 rium
308 2468 400 2498 debet

216 2520 340 2548 praecc-

214 2551 294 2582 dere.

408 174 465 211 44
813 174 1070 215 THOMAE
1105 174 1445 215 SYDENHAM
1696 175 1720 227 ξ’

408 283 566 329 tamen,
590 280 903 333 quamprimum
934 282 1203 322 vomitorium
1229 281 1481 331 exhibueris,
1504 281 1753 335 plerumque
1780 294 1866 322 ces-

409 352 596 388 saturam
610 365 621 398 3
669 348 899 390 dummodo
940 350 1118 390 emetico
1158 349 1333 390 ferendo
1372 363 1493 403 pares
1542 349 1703 390 fuerint
1753 348 1869 402 aegri

410 415 529 456 vires.
594 416 769 470 Saepius
817 423 959 458 autem
1006 418 1234 467 observavi,
1277 417 1498 458 diarrhoea
1538 417 1666 458 semel
1705 416 1868 467 oborta,

410 484 721 525 medicamenta
753 485 1063 539 adstringentia
1090 486 1155 526 vel
1184 486 1293 526 nihil
1317 486 1492 527 omnino
1516 485 1581 526 vel
1612 499 1763 539 parum
1796 484 1868 525 ad-

409 552 585 592 modum
621 553 673 593 ad
709 554 886 594 eandem
927 554 1160 595 sistendam
1196 554 1398 605 conferre,
1429 555 1513 595 sive
1544 555 1659 595 intro
1687 557 1869 606 sumpta,

412 619 496 660 sive
517 620 700 661 exterius
723 622 943 675 applicata.

477 688 584 741 [12]
622 689 862 730 Emeticum
905 690 1027 743 quale
1067 690 1223 743 passim
1264 705 1288 730 a
1327 704 1396 730 me
1435 690 1686 744 propinatur
1723 688 1871 743 hujus-

411 756 525 796 modi
546 756 632 797 fere
654 762 717 798 est
733 774 801 798 :—

414 840 542 883 [For-111.
568 842 611 885 l.]
663 839 701 882 R
744 841 936 875 Infusionis
954 842 1056 874 Croci
1074 841 1299 875 Metallorum
1318 840 1500 874 drachmas
1517 852 1589 882 sex,

740 898 933 943 Oxymellis
952 898 1123 938 Seillitici,

740 956 867 1001 Syrupi
887 956 1070 989 Scabiosae
1089 956 1294 1001 Compositi,
1310 967 1378 990 ana
1395 957 1630 997 semunciam;

599 1014 712 1047 Misce
728 1027 735 1053 ς
764 1013 824 1046 fiat
842 1014 1030 1047 eineticum
1047 1026 1054 1052 ;

412 1088 524 1142 quod
553 1088 714 1129 hauriri
737 1088 867 1142 jubeo
893 1093 1083 1141 tempore
1109 1088 1413 1141 pomeridiano,
1436 1087 1600 1129 duabus
1630 1087 1745 1129 horis
1776 1092 1872 1142 post

410 1158 499 1197 leve
520 1156 759 1210 prandium.
821 1156 985 1196 Verum
1007 1170 1090 1209 quo
1110 1155 1246 1197 tutius
1275 1170 1322 1197 ac
1349 1156 1512 1197 felicius
1532 1156 1707 1197 vomitio
1728 1155 1872 1196 subse-

412 1230 563 1265 cutiu'a
593 1225 803 1274 succedat,
831 1224 938 1264 illud
966 1223 1094 1264 etiam
1120 1224 1166 1264 in
1194 1224 1406 1264 mandatis
1436 1224 1632 1274 habetur,
1653 1228 1703 1264 ut
1725 1223 1872 1277 zytho-

413 1293 531 1345 galae
553 1292 685 1333 librae
708 1306 779 1333 sex
799 1292 864 1332 vel
892 1298 987 1333 octo
1021 1292 1106 1333 sint
1139 1292 1186 1332 in
1217 1297 1431 1346 promptu,
1457 1293 1611 1346 quippe
1632 1291 1746 1345 quod
1764 1291 1874 1345 peri-

413 1361 555 1401 culosa
577 1361 663 1401 sint
689 1361 772 1401 ista
798 1360 1111 1401 medicamenta
1130 1361 1213 1401 nisi
1234 1361 1398 1414 copiose
1421 1361 1640 1401 diluantur
1652 1377 1664 1411 ς
1694 1359 1875 1413 ideoque

415 1429 579 1482 quoties
618 1429 827 1469 vomuerit
859 1443 996 1482 aeger,
1033 1434 1107 1470 aut
1139 1428 1279 1470 ahaim
1310 1429 1612 1479 exoneraverit,
1642 1442 1665 1469 e
1694 1427 1874 1480 vestigio

415 1497 646 1537 sumendus
680 1498 759 1538 erit
800 1497 1003 1538 haustus:
1052 1513 1134 1551 quo
1175 1499 1301 1549 facto,
1331 1503 1373 1539 et
1402 1497 1549 1539 inania
1584 1497 1658 1538 illa
1686 1496 1874 1538 tormina

414 1570 731 1618 praecaventur,
754 1571 795 1606 et
817 1566 1014 1606 vomendi
1035 1572 1212 1608 conatus
1233 1567 1449 1620 auspicato
1469 1566 1719 1620 procedunt.

480 1633 587 1687 [13.]
629 1634 762 1687 Saepe
802 1634 980 1674 miratus
1017 1648 1124 1685 sum,
1157 1635 1260 1675 dum
1300 1636 1409 1676 forte
1449 1634 1673 1675 materiam
1712 1632 1876 1674 vomitu

415 1702 616 1755 rejectam
656 1701 884 1755 aliquando
930 1702 1092 1743 curiose
1139 1703 1471 1756 contemplabar,
1518 1716 1696 1756 eamque
1735 1713 1874 1755 neque

416 1769 525 1810 mole
546 1769 665 1810 valde
687 1769 971 1823 spectabilem,
993 1784 1071 1811 nec
1092 1771 1229 1824 pravis
1256 1771 1531 1824 qualitatibus
1551 1770 1779 1823 insignem,
1802 1768 1876 1822 qui

414 1838 575 1878 factum
606 1838 734 1878 fuerit
774 1843 822 1878 ut
859 1839 974 1890 aegri
1001 1843 1173 1879 tantum
1207 1839 1427 1880 levaminis
1455 1838 1606 1879 exinde
1635 1838 1845 1878 senserint
1860 1854 1873 1888 ς

414 1920 567 1959 nempe
588 1906 750 1946 vomitu
776 1912 958 1960 peracto,
989 1921 1109 1947 saeva
1133 1908 1205 1948 illa
1230 1912 1516 1962 sjmptomata
1543 1908 1728 1960 (nausea,
1758 1905 1875 1946 verbi

415 1987 554 2023 causa,
576 1974 778 2024 anxietas,
793 1975 1060 2028 jactationes,
1077 1976 1255 2029 suspiria
1269 1976 1476 2025 luctuosa,
1492 1975 1665 2028 linguae
1681 1973 1872 2028 nigredo,

416 2042 511 2094 etc.)
545 2055 651 2095 quae
687 2047 730 2082 et
762 2042 873 2096 ipsos
906 2044 1210 2093 excruciarant,
1248 2048 1291 2084 et
1327 2043 1544 2084 adstantes
1575 2042 1874 2096 perterrefeee-

416 2114 526 2160 rant,
558 2110 746 2163 mitigari
777 2111 915 2152 solent
947 2125 994 2152 ac
1026 2112 1140 2163 solvi,
1173 2112 1370 2166 quodque
1399 2111 1537 2152 morbi
1566 2111 1779 2164 reliquum
1809 2113 1874 2150 est

417 2177 600 2230 εὐθύμως
622 2179 806 2219 tolerari.

481 2247 588 2300 [14]
628 2247 743 2287 Illud
763 2247 832 2288 hic
852 2248 933 2288 loci
953 2262 1042 2289 non
1069 2247 1355 2289 omittendum
1376 2248 1469 2298 erit,
1492 2247 1527 2288 si
1548 2247 1663 2301 aegri
1687 2246 1877 2288 conditio

416 2319 646 2368 utrumque
682 2315 887 2356 auxilium
926 2316 1213 2370 postulaverit,
1247 2316 1647 2369 (venae-sectionem
1680 2314 1876 2368 intelligo

419 2387 459 2422 et
487 2383 786 2436 vomitorimn,)
814 2388 960 2424 tutum
990 2384 1165 2425 omnino
1205 2397 1295 2425 esse
1325 2388 1375 2424 ut
1401 2383 1683 2424 venae-sectio
1709 2382 1875 2423 emetici
1927 2417 1930 2419 .

419 2450 725 2492 exhibitionem
754 2452 978 2505 praecedat
991 2469 1003 2502 3
1036 2453 1137 2493 alias
1162 2451 1289 2502 enim,
1313 2452 1416 2493 dum
1438 2466 1536 2493 vasa
1562 2451 1770 2505 sanguine
1791 2451 1875 2492 dis-

419 2524 539 2559 tenta
561 2526 675 2569 sunt,
697 2520 932 2573 periculum
962 2520 1159 2560 imminet
1186 2534 1241 2560 ne
1269 2534 1320 2560 ex
1349 2520 1544 2561 violentis
1571 2520 1655 2560 illis
1678 2518 1878 2561 vomendi

419 2586 640 2628 conatibus
653 2588 718 2628 vel
737 2593 994 2642 rumpantur
1013 2603 1111 2629 vasa
1130 2589 1395 2642 pulmonum,
1409 2589 1476 2629 vel
1495 2587 1717 2629 cerebrum
1735 2587 1877 2629 laeda-

417 2659 500 2704 tiu·,
523 2656 656 2696 affuso
684 2670 781 2696 ciun
801 2657 964 2711 impetu
992 2658 1199 2712 sanguine
1221 2662 1347 2711 atque
1369 2658 1513 2708 effuso,
1536 2657 1725 2711 adeoque
1752 2669 1878 2710 aeger

419 2723 635 2775 apoplexia
675 2729 891 2778 correptus
931 2730 1088 2779 pereat.
1171 2726 1302 2780 Cujus
1348 2725 1408 2766 rei
1449 2725 1639 2779 quamvis
1679 2723 1875 2765 historias

420 2789 577 2842 aliquot
620 2805 948 2834 commemorare
987 2794 1157 2848 possim,
1198 2794 1281 2835 illis
1321 2798 1466 2835 tamen
1501 2793 1570 2834 hic
1607 2792 1876 2847 supersedere

419 2856 553 2896 visum
596 2865 670 2907 cst,
707 2862 920 2902 monuisse
960 2867 1187 2903 contentus
1224 2862 1407 2903 maxima
1439 2862 1519 2903 hac
1551 2862 1597 2902 in
1629 2875 1674 2902 re
1710 2860 1874 2902 cautela

423 2924 626 2965 utendum
650 2940 751 2967 esse.
