1985 3308
506 102 845 144 PROCESSUS
877 103 1145 144 INTEGRI.
1472 103 1555 143 557

169 207 247 261 [6.]
288 207 332 247 Si
358 207 622 248 imbecillitas
655 207 769 260 aegri
799 207 1097 261 repetitionem
1125 206 1439 260 phlebotomiae
1469 220 1557 245 11011
1576 218 1629 247 ΒΕ
1643 218 1764 247 Rus-:u-

102 274 224 325 ferat,
242 280 334 315 tum
354 281 448 328 post
469 275 698 316 secundam
718 275 783 315 vel
802 275 975 315 tertiam
993 273 1377 314 venae-sectionem
1398 273 1558 313 curatio
1585 269 1754 291 ³¹⁴¹T¹S⁸¹⁰·

103 342 182 383 hac
203 344 403 383 methodo
424 344 715 384 tentanda:—

169 410 249 466 [7.]
284 412 432 464 Capiat
454 411 627 452 alternis
650 410 797 451 diebus
818 411 1042 451 Potionem
1064 408 1338 462 Purgativam
1360 407 1560 448 Commu-

103 492 204 518 nem
235 478 368 519 donec
403 480 674 529 convaluerit,
708 484 749 519 et
782 479 930 519 iisdem
960 477 1154 519 noctibus
1186 476 1478 531 paregoricum
1512 490 1562 516 ex

105 558 260 599 syrupo
281 546 333 586 de
354 547 557 586 meconio.
1441 588 1443 593 f

169 613 247 666 [8.]
288 614 364 654 Sin
384 615 449 654 his
469 614 665 654 remediis
686 629 773 655 11011
795 614 929 663 cedat,
952 619 993 654 ct
1016 627 1140 666 aeger
1161 612 1214 653 ob
1231 611 1563 652 imbecillitatem

104 681 398 721 evacuationes
426 682 740 734 qualescunque
766 681 875 721 ferre
907 686 1103 734 nequeat,
1136 680 1407 733 aggrediatur
1437 693 1564 719 usum

105 748 321 789 electuarii
334 754 375 789 et
390 763 521 802 aquae
538 749 915 789 antisc01·buticae¹‘
934 749 977 789 in
993 749 1188 789 Scorbuto
1203 748 1448 801 descriptae,
1459 761 1565 801 quae

104 816 233 856 etiam
253 817 441 857 remedia
459 817 599 857 locum
620 817 780 857 habent
802 817 846 856 in
869 817 1191 857 Rheumatismo
1215 816 1476 857 Scorbutico.

169 882 272 937 [9.]i
303 883 357 923 In
383 883 624 937 juvenibus,
649 888 775 936 atque
802 883 853 923 iis
877 883 945 936 qui
974 888 1209 937 temperate
1236 884 1443 933 vixerunt,
1465 883 1562 923 vino

103 964 192 991 non
221 950 315 1003 plus
347 964 478 1004 aequo
507 950 650 999 dediti,
674 951 1022 990 Rheumatismus
1044 951 1184 991 diaeta
1205 951 1395 1004 simplici,
1419 951 1562 991 admo-

104 1017 207 1057 dum
226 1017 516 1070 refrigerante,
541 1022 582 1058 et
609 1017 878 1058 mediocriter
906 1018 1136 1067 nutriente,
1161 1032 1292 1071 aeque
1317 1018 1494 1058 feliciter
1516 1032 1563 1058 ac

101 1084 292 1137 repetitis
319 1085 730 1125 venae-sectionibus
760 1086 877 1138 (quas
907 1085 1048 1125 minus
1079 1085 1188 1126 ferre
1211 1086 1398 1138 queant,)
1423 1085 1562 1138 profli-

103 1152 194 1205 gari
213 1156 366 1205 potest.
419 1152 615 1205 Exempli
637 1151 773 1204 gratia
789 1168 856 1191 :—

169 1218 276 1272 [10.]
318 1218 415 1259 Solo
450 1219 570 1259 lactis
612 1232 703 1258 sero
744 1217 797 1258 ad
838 1218 926 1258 (1108
967 1222 1147 1271 quatuor
1181 1223 1374 1259 vescatur
1414 1232 1539 1271 aeger
1552 1235 1563 1267 3

102 1293 250 1341 postea
284 1292 452 1341 praeter
487 1301 627 1327 serum
661 1301 770 1340 pane
804 1286 1079 1340 similagineo,
1117 1287 1247 1326 semel
1276 1286 1322 1326 in
1362 1286 1441 1335 die,
1473 1286 1564 1326 loco

103 1354 283 1408 prandii,
306 1355 440 1395 donec
469 1354 637 1407 penitus
666 1354 927 1394 convalescat
940 1370 952 1403 3
985 1353 1066 1393 nisi
1094 1353 1205 1406 quod
1233 1353 1456 1405 postremis
1478 1352 1563 1393 die-

103 1422 182 1462 bus
202 1422 358 1462 iterum
378 1435 532 1475 panem
552 1421 598 1460 in
619 1435 794 1461 coenam
815 1421 1037 1473 indulgere
1057 1421 1194 1461 liceat.
1259 1421 1564 1473 Symptomatis

104 1489 379 1540 cessantibus,
413 1503 560 1529 carnes
599 1488 813 1541 pullorum
855 1488 1060 1527 elixorum
1098 1492 1347 1541 caeteraque
1383 1494 1564 1542 eupepta

104 1558 392 1599 concedantur
408 1574 419 1607 3
450 1557 578 1597 tertio
615 1561 758 1596 autem
790 1570 956 1609 quoque
988 1556 1067 1604 die,
1091 1557 1179 1596 8010
1208 1556 1328 1596 lactis
1357 1570 1449 1596 sero
1481 1556 1563 1596 vic-

103 1626 213 1677 titet,
236 1626 370 1666 donec
390 1625 566 1666 tandem
586 1624 828 1678 pancratice
848 1623 998 1664 valeat.

702 1781 827 1821 CAP.
860 1778 962 1821 XI.k

560 1870 623 1909 De
642 1870 769 1909 Febre
788 1869 1112 1921 Erysipelatosa.

162 1962 325 2002 NULLA
347 1974 435 2000 11011
456 1959 639 2012 corporis
660 1973 769 2011 pars,
784 1957 1030 2011 praesertim
1051 1956 1190 2006 facies,
1213 1960 1363 2006 tumet,
1379 1957 1505 2007 dolet,
1520 1961 1562 1997 et
1581 1961 1688 2010 M‘P'bi.
1705 1961 1758 1991 de-

106 2043 270 2069 summe
296 2027 420 2067 rubet
433 2044 444 2076 5
476 2026 670 2080 pustulae
702 2025 869 2074 densae,
892 2038 1055 2077 parvae,
1077 2024 1123 2063 in
1152 2023 1353 2064 vesiculas
1385 2023 1562 2065 subinde
1581 2010 1711 2043 sompno

103 2096 331 2144 facessunt,
356 2109 462 2148 quae
492 2107 567 2147 per
590 2093 775 2133 frontem
804 2098 1012 2145 caputque
1034 2096 1209 2144 serpunt
1223 2108 1234 2141 3
1267 2092 1376 2131 oculi
1395 2096 1563 2133 tumore

106 2163 247 2204 obruti
262 2181 273 2212 3
306 2163 420 2215 rigor
448 2166 490 2201 et
517 2161 676 2208 horror,
700 2166 826 2212 atquc
855 2159 1017 2211 reliqua
1046 2158 1173 2198 febris
1204 2158 1369 2208 indicia,
1393 2159 1562 2199 adsunt.

105 2231 161 2271 In
181 2231 261 2271 alia
291 2230 417 2283 hujus
447 2228 584 2269 morbi
614 2228 762 2281 specie,
784 2227 995 2279 liquorum
1020 2226 1335 2266 attenuantium
1357 2226 1564 2279 potationi

106 2297 441 2352 superveniente,
463 2296 669 2336 febricula
693 2295 824 2344 adest,
846 2288 1054 2347 pustulae
1070 2294 1301 2334 urticarum
1330 2299 1562 2347 puncturas

104 2366 349 2415 referentes,
371 2377 680 2416 nonnunquam
711 2363 756 2402 in
786 2361 988 2401 vesiculas
1010 2361 1213 2410 sublatae,
1235 2375 1332 2400 mox
1363 2361 1561 2401 receden-

104 2438 182 2483 tes,
204 2432 522 2473 tuberculorum
542 2444 658 2470 more
688 2429 764 2469 sub
799 2434 895 2469 cute
924 2443 967 2468 80
990 2427 1234 2476 condentes,
1261 2427 1444 2467 maxime
1465 2442 1562 2481 pru-

105 2501 235 2551 riunt,
259 2505 300 2541 et
323 2499 548 2552 scalpendo
574 2512 744 2538 rursum
770 2501 987 2549 apparent.
1050 2496 1127 2535 Est
1149 2500 1191 2535 et
1213 2494 1308 2534 alia¹
1330 2495 1564 2548 eruptionis

106 2569 276 2623 specieS,
299 2572 445 2621 pectus
473 2571 520 2606 ut
541 2565 771 2618 plurimum
800 2564 996 2605 obsidens
1013 2581 1023 2612 3
1056 2563 1221 2603 macula
1241 2563 1442 2603 nimirum
1464 2564 1562 2613 lata,

105 2636 194 2676 cuti
224 2635 291 2675 vix
325 2633 657 2688 supereminens,
689 2632 963 2685 porriginosa,
993 2645 1089 2671 eum
1119 2630 1392 2683 squammulis
1425 2631 1562 2678 flavis3

107 2718 190 2757 qua
208 2703 392 2755 vigente,
415 2715 539 2754 aeger
569 2701 679 2741 bene
710 2714 753 2740 sc
781 2699 923 2749 habet,
947 2698 1094 2739 eadem
1122 2704 1398 2739 evanescente
1418 2699 1566 2739 leviter
1606 2685 1613 2693 ⁰

150 2811 168 2835 h
193 2814 242 2844 Cf.
260 2814 385 2844 formm.
404 2814 455 2847 41,
472 2814 523 2842 42.
910 2806 926 2829 k
951 2808 998 2837 Cf.
1020 2809 1139 2838 observ.
1158 2808 1238 2837 [Ueri.
1254 2808 1294 2837 vi.
1313 2809 1341 2837 6.

150 2854 158 2877 i
185 2857 236 2886 Cf.
255 2858 353 2895 Epist.
370 2857 509 2893 Respons.
531 2856 553 2884 I.
572 2856 605 2891 ᾗῇ
621 2854 670 2887 59,
689 2855 741 2882 60.
911 2849 917 2871 ¹
945 2851 992 2880 Cf.
1013 2852 1085 2880 ibid.
1104 2850 1144 2878 vi.
1161 2850 1190 2879 6.
1208 2851 1237 2879 8.
