1985 3308
211 286 388 316 Rumam-

229 337 366 359 mssws.

203 390 341 420 admisso

201 432 390 472 plerumque

201 475 312 505 oritur.

202 524 310 555 Morbi

201 567 345 598 historia.

202 767 311 797 Febris

202 820 294 849 saepe
310 820 357 840 re-

200 852 358 882 crudescit

201 894 240 923 ob
257 900 355 924 matc-

200 936 280 965 riam
293 947 377 966 mor-

201 978 326 1008 bificam
341 980 379 1008 ab

200 1021 371 1060 intempes-

200 1063 264 1092 tivo
285 1068 387 1093 exter-

200 1115 315 1135 norum
327 1116 385 1135 usu

200 1158 366 1187 repercus-

201 1200 279 1220 sam.

201 1242 355 1271 Arthrilis

201 1294 294 1324 saepe
308 1294 363 1314 au-

201 1326 247 1356 dit
262 1327 314 1356 hic

201 1369 339 1404 morbus,

201 1412 325 1450 quoties
342 1422 359 1441 a

201 1454 287 1483 febre
304 1464 352 1483 se-

198 1496 363 1535 jungitur:

201 1548 264 1568 non
281 1543 328 1569 est

203 1586 318 1611 tamen.

204 2046 252 2075 Eo
270 2046 351 2076 desi-

201 2094 295 2119 nente
311 2100 361 2119 ae-

199 2141 255 2168 ger
271 2142 350 2161 non-

200 2183 366 2213 nunquam

200 2217 357 2247 membro-

199 2267 271 2287 rum
287 2265 375 2289 motu

199 2301 239 2329 ad
251 2309 386 2332 mortem

200 2352 302 2382 usque
320 2345 385 2384 pri-

201 2391 301 2416 vatur.

202 2440 369 2481 Lumbago

202 2483 388 2514 Rheumati-

201 2536 247 2561 ca,
257 2526 319 2556 alia
329 2527 385 2557 hu-

197 2568 252 2605 jus
268 2570 368 2599 morbi

201 2611 333 2649 species,

202 2653 352 2683 describi-

200 2700 259 2724 tur.

409 173 494 212 256
823 173 1079 214 THOMAE
1113 172 1452 214 SYDENHAM

407 277 479 318 illa
505 278 680 319 infoelix
707 284 1042 332 symptomatum
1073 283 1252 328 caterva,
1285 277 1439 331 quibus
1471 277 1685 331 stipantur
1714 278 1865 321 febres.

407 345 561 399 Elapso
589 346 656 387 die
676 360 764 386 uno
785 346 967 386 alterove
988 346 1067 398 (est
1089 351 1131 386 et
1151 345 1227 385 ubi
1247 345 1401 397 citius,)
1422 358 1547 397 aeger
1563 345 1694 386 atroci
1710 346 1866 397 dolore,

407 430 524 456 nunc
549 416 596 456 in
616 416 709 467 hoc,
732 430 848 457 nunc
874 417 919 456 in
940 416 1025 466 illo,
1049 421 1145 456 artu
1165 415 1404 464 infestatur,
1427 414 1473 454 in
1494 415 1643 468 carpis,
1664 415 1866 465 humeris,

409 483 602 536 genubus
638 484 911 537 praesertim;
956 483 1042 536 qui,
1073 483 1213 523 locum
1256 481 1437 522 subinde
1467 487 1652 532 mutans,
1684 482 1867 524 vicissim

406 551 499 591 illos
522 556 712 605 occupat,
731 552 885 592 rubore
902 551 1086 604 quodam
1107 555 1150 590 et
1167 555 1334 590 tumore
1354 549 1401 589 in
1420 555 1541 603 parte
1563 564 1690 603 quam
1705 555 1866 604 postre-

406 633 525 659 mum
547 619 687 659 affecit
709 619 847 660 adhuc
867 618 1061 659 residuis.
1123 618 1278 658 Primis
1307 617 1468 671 aliquot
1489 618 1652 669 diebus,
1674 619 1803 660 febris
1824 623 1867 660 et

407 691 692 740 symptomata
717 687 808 740 jam
838 690 1072 727 memorata
1104 685 1389 739 quandoqueu
1420 685 1667 727 coincidunt
1680 703 1692 736 5
1737 686 1866 728 febris

406 758 550 794 autem
587 755 743 795 sensim
775 754 996 804 evanescit,
1027 758 1230 794 manente
1266 753 1422 804 dolore,
1455 754 1558 807 quin
1593 758 1635 794 et
1665 768 1866 795 nonnun-

406 835 533 874 quam
573 821 788 862 inmanius
825 821 1049 871 saeviente,
1081 821 1260 862 materia
1295 821 1454 862 scilicet
1489 821 1627 862 febrili
1667 821 1714 862 in
1750 826 1867 862 artus

404 888 634 938 translata3
668 889 781 942 quod
809 889 909 929 satis
935 889 1076 942 arguit
1103 888 1230 929 febris
1255 888 1347 942 ipsa
1375 889 1542 942 saepius
1567 888 1867 930 recrudescens

406 955 458 996 ob
494 956 718 996 materiam
753 956 1017 996 morbificam
1053 956 1106 996 ab
1142 956 1442 1010 intempestivo
1479 961 1751 997 externorum
1785 971 1868 997 usu

404 1036 707 1076 repercussam.
777 1024 855 1077 [2]
894 1023 1074 1064 Morbus
1106 1023 1188 1074 hic,
1219 1023 1384 1077 quoties
1415 1038 1440 1064 a
1465 1023 1583 1064 febre
1614 1024 1865 1078 sejungitur,

406 1091 611 1131 Artlzritz's
643 1105 765 1144 saepe
797 1090 941 1141 audit;
986 1091 1174 1144 quamvis
1211 1091 1494 1132 essentialiter
1524 1091 1576 1132 ab
1607 1091 1680 1132 illa
1715 1092 1866 1132 distin-

405 1162 574 1211 guatur,
606 1163 733 1212 prout
774 1159 904 1200 cuivis
944 1158 1067 1199 facile
1108 1158 1334 1209 constabit,
1368 1159 1437 1199 cui
1471 1162 1652 1212 uterque
1692 1159 1866 1201 morbus

404 1227 598 1268 intimius
632 1228 761 1269 fuerit
790 1232 1060 1282 perspectus:
1104 1227 1220 1268 unde
1254 1227 1397 1268 forsan
1433 1227 1619 1281 petenda
1648 1233 1713 1269 est
1742 1229 1865 1280 ratio,

405 1309 480 1336 cur
494 1301 585 1336 tam
607 1296 716 1336 sicco
737 1296 860 1336 illum
881 1296 1011 1349 pedev
1027 1296 1303 1336 transiverint
1327 1296 1562 1349 Scriptores
1584 1296 1745 1337 Medici
1751 1313 1763 1347 ς
1783 1296 1867 1337 nisi

403 1363 512 1404 forte
540 1363 796 1404 arbitremur
822 1363 933 1406 hanc
960 1363 1098 1404 morbi
1126 1363 1309 1417 speciem
1340 1363 1392 1404 ad
1420 1363 1628 1416 reliquam
1655 1364 1865 1405 malorum

405 1430 541 1471 Iliada
562 1430 614 1472 de
634 1445 743 1472 novo
764 1430 998 1472 accessisse.
1060 1431 1174 1471 Utut
1197 1444 1240 1471 se
1260 1444 1327 1471 res
1348 1430 1517 1481 habeat,
1535 1431 1625 1484 jam
1646 1431 1741 1484 plus
1763 1431 1865 1472 satis

405 1503 620 1552 grassatur
650 1498 718 1539 hic
746 1498 920 1539 morbus
935 1516 944 1548 ;
983 1503 1025 1539 et
1051 1499 1152 1539 licet
1178 1498 1391 1539 rarissime
1420 1498 1639 1539 hominem
1671 1513 1693 1539 e
1723 1499 1865 1540 medio

404 1567 538 1616 tollat,
566 1566 683 1607 febre
715 1567 844 1607 semel
875 1566 1061 1620 depulsa,
1090 1571 1237 1607 tamen
1267 1571 1310 1607 et
1340 1566 1608 1607 vehementia
1639 1565 1794 1607 doloris
1821 1572 1864 1608 et

405 1634 664 1675 diuturnitas
695 1648 793 1674 cum
827 1648 997 1687 prorsus
1028 1634 1245 1674 contemni
1277 1648 1366 1675 non
1402 1634 1562 1674 sinunt.
1624 1634 1799 1675 Etenim
1829 1635 1865 1676 si

404 1702 546 1742 minus
563 1703 696 1755 perite
717 1707 937 1752 tractetur,
954 1716 1042 1743 non
1059 1702 1112 1742 ad
1132 1716 1299 1743 menses
1320 1706 1506 1752 tantum,
1525 1702 1598 1743 sed
1615 1702 1669 1742 ad
1681 1708 1706 1725 W
1727 1716 1863 1744 annos

404 1770 531 1810 etiam
569 1770 741 1823 aliquot,
769 1770 856 1811 imo
890 1784 966 1824 per
997 1784 1168 1811 omnem
1202 1770 1307 1811 adeo
1338 1770 1482 1820 vitam,
1511 1770 1715 1810 miserum
1747 1770 1864 1811 haud

404 1837 695 1890 infrequenter
735 1837 984 1888 discruciat5
1030 1837 1219 1891 quamvis
1254 1837 1301 1878 in
1335 1838 1414 1878 hoc
1455 1851 1556 1877 casu
1590 1851 1678 1878 non
1715 1837 1863 1878 eodem

405 1918 569 1958 semper
589 1905 743 1959 vigore,
767 1905 840 1946 sed
866 1906 1127 1960 paroxysmis
1149 1905 1403 1959 quibusdam
1423 1905 1632 1958 periodice
1656 1905 1863 1959 repetitiS‚

404 1972 461 2012 ad
476 1973 612 2013 instar
628 1973 873 2023 arthritidis,
892 1973 1071 2014 subinde
1086 1973 1253 2014 lacessit
1270 1990 1277 2013 :
1303 1973 1389 2013 imo
1410 1987 1508 2014 vero
1523 1977 1665 2027 potest
1680 1972 1785 2023 fieri,
1797 1976 1862 2023 ut,

404 2039 479 2080 ubi
506 2039 579 2080 diu
605 2041 874 2094 multumque
902 2041 1144 2082 vexaverint
1173 2041 1275 2082 dicti
1303 2041 1480 2091 dolores,
1506 2040 1684 2081 tandem
1711 2044 1863 2094 sponte

404 2106 609 2148 desistant
623 2125 634 2157 3
672 2113 799 2161 atque
828 2108 1003 2149 interim
1036 2122 1161 2162 aeger
1192 2109 1309 2149 omm'
1338 2108 1629 2149 membrorum
1658 2112 1780 2149 motu
1809 2107 1864 2148 ad

402 2179 584 2215 mortem
611 2189 744 2229 usque
770 2175 970 2229 privetur,
994 2176 1228 2230 digitorum
1252 2176 1440 2217 articulis
1463 2177 1583 2230 quasi
1608 2175 1797 2226 inversis,
1819 2179 1863 2216 et

403 2243 748 2296 protuberantiis,
781 2249 830 2285 ut
870 2244 916 2284 in
952 2244 1188 2295 arthritide,
1220 2244 1391 2285 nodosis
1430 2244 1477 2284 in
1516 2244 1687 2284 interna
1726 2243 1861 2296 magis

405 2325 531 2364 quam
572 2316 747 2352 externa
782 2312 1014 2365 digitorum
1052 2318 1173 2366 parte
1209 2325 1253 2352 se
1292 2310 1571 2365 prodentibus
1584 2327 1596 2360 5
1644 2311 1862 2351 stomacho

404 2377 682 2418 nihilominus
701 2378 851 2429 valeat,
875 2384 916 2419 et
938 2384 1103 2420 caetera
1123 2393 1250 2420 sanus
1272 2379 1403 2419 vitam
1422 2378 1589 2419 toleret.

469 2445 548 2499 [3.]
585 2446 664 2486 Est
692 2451 734 2487 ct
765 2446 847 2487 alia
866 2447 994 2501 hujus
1015 2446 1153 2488 morbi
1181 2446 1351 2500 species,
1379 2446 1491 2499 (licet
1513 2459 1601 2487 non
1620 2444 1749 2499 hujus
1771 2458 1861 2486 esse

404 2513 620 2566 prosapiae
641 2513 768 2566 vulgo
789 2514 1015 2567 credatur,)
1042 2528 1148 2568 quae
1168 2514 1377 2567 Lumbayo
1401 2514 1671 2554 Rheumatica
1696 2512 1861 2566 aptissi-

407 2594 475 2620 me
497 2580 682 2621 dicetur:
714 2581 913 2622 immanis
935 2582 1054 2623 dolor
1074 2582 1246 2632 scilicet,
1268 2582 1466 2635 idemque
1486 2582 1595 2621 fixus
1620 2580 1731 2621 circa
1750 2581 1860 2621 lum-

403 2647 555 2688 borum
575 2649 806 2701 regionem,
823 2649 1047 2703 ipsumque
1069 2649 1296 2703 aliquando
1318 2648 1370 2689 ad
1392 2663 1436 2689 os
1458 2662 1625 2689 sacrum
1646 2661 1689 2688 se
1707 2647 1858 2689 demit-

404 2719 511 2765 tens,
547 2730 847 2770 paroxysmum
882 2718 1169 2772 nephriticum
1209 2717 1430 2766 mentitur,
1467 2716 1551 2757 nisi
1587 2716 1700 2770 quod
1735 2729 1861 2770 aeger

405 2794 491 2821 non
521 2783 765 2824 vomituriat
779 2801 790 2834 3
826 2798 927 2825 nam
960 2789 1126 2839 praeter
1158 2785 1346 2826 dolorem
1377 2784 1687 2825 atrocissimum
1719 2789 1762 2826 et
1791 2785 1859 2826 vix

448 2897 462 2910 ¹
486 2895 678 2934 quandoque]
697 2907 766 2926 raro
782 2896 831 2926 ed.
848 2896 912 2927 76.
1161 2907 1387 2927 commemorare
1403 2897 1607 2935 neglexerunt.

448 2939 459 2951 '
485 2941 544 2965 tum
569 2940 646 2966 sicco
667 2940 749 2967 illum
773 2941 849 2976 pede
873 2939 1016 2979 transm]
1039 2939 1059 2968 i.
1074 2949 1100 2968 e.
1159 2961 1166 2967 .
1205 2943 1224 2956 '⁷
1247 2938 1304 2978 ad]
1323 2948 1386 2969 om.
1405 2938 1452 2968 ed.
1470 2938 1533 2970 ⁷76.
