1985 3308
634 126 981 168 TRACTATUS
1016 126 1050 166 Ι.
1485 130 1564 168 411

116 239 243 286 atque
269 233 418 274 horror
444 232 677 285 reeedunt,)
710 233 836 286 idque
866 233 911 272 in
940 231 1127 284 singulas
1154 232 1291 281 horas,
1314 231 1447 272 donec
1474 237 1567 273 tan·
1600 246 1652 276 De
1672 246 1759 276 Pon-

115 300 212 341 dem
247 301 325 341 sub
366 305 534 341 noctem
570 300 622 340 ad
663 301 824 353 apicem
860 299 1109 353 pervenerit,
1148 313 1190 339 se
1231 299 1284 338 ad
1320 299 1567 340 varietatem

114 368 390 408 ossieulorum
425 369 528 408 tarsi
563 372 604 408 et
639 367 870 417 metatarsi,
909 380 1088 420 quorum
1124 366 1356 419 ligamenta
1390 366 1566 417 obsidet,

112 435 296 489 perbelle
327 435 672 485 accommodans,
704 449 819 475 nune
846 435 1081 475 tensionem
1113 433 1341 474 violentam
1367 434 1433 474 vel
1463 434 1566 487 liga-

112 508 356 543 mentorum
386 504 565 544 istorum
596 502 950 552 dilacerationem,
983 515 1099 542 nunc
1134 515 1323 542 morsum
1355 501 1470 541 canis
1501 515 1566 542 ro-

114 570 268 621 dentis,
303 571 555 624 quandoque
591 585 829 624 pressuram
852 575 893 611 et
915 570 1259 619 coarctationem,
1298 569 1564 622 exprimens:

113 637 168 678 ad
188 638 304 687 haec,
326 637 387 677 ita
407 638 548 678 vivum
569 638 909 691 exquisitumque
935 637 1064 677 habet
1093 651 1265 677 sensum
1285 651 1381 690 pars
1404 637 1566 686 affecta,

112 709 162 746 ut
182 718 261 745 nee
281 705 511 745 linteorum
528 705 1016 758 super-incumbentium
1038 705 1216 758 pondus,
1238 718 1318 744 nec
1345 703 1530 745 cubiculi
1546 718 1571 744 a

113 773 275 814 fortiori
303 772 591 813 ambulatione
613 773 946 823 concussionem,
969 773 1075 813 ferre
1095 773 1245 813 valeat.
1305 772 1449 825 Atque
1469 772 1570 812 hine

113 841 174 891 fit,
206 844 255 880 ut
286 853 371 881 nox
403 854 491 880 non
520 844 692 880 tantum
725 841 770 880 in
806 840 996 880 cruciatu
1026 840 1301 893 transigatur,
1334 839 1407 880 sed
1441 839 1569 880 etiam

113 922 212 949 eum
241 907 469 961 irrequieta
498 908 630 961 partis
662 908 836 948 affectae
867 908 945 947 hae
975 908 1072 948 illae
1102 907 1325 958 rotatione,
1358 912 1400 948 et
1431 912 1568 948 muta-

112 976 229 1016 tione
257 976 362 1016 situs
385 975 504 1028 quasi
524 980 739 1029 perpetua.
800 976 953 1028 Neque
981 975 1119 1016 minor
1141 981 1204 1016 est
1225 975 1358 1016 totius
1386 975 1569 1028 eorporis

109 1043 285 1097 jactatio
319 1043 547 1093 ineessans,
580 1057 686 1096 quae
722 1057 886 1096 semper
917 1057 1228 1096 paroxysmum,
1261 1043 1443 1083 maxime
1473 1056 1570 1083 vero

114 1111 398 1161 accedentem,
422 1112 661 1161 comitatur,
685 1125 812 1164 quam
833 1111 936 1152 torti
965 1110 1144 1151 membri
1173 1110 1349 1163 agitatio
1374 1115 1416 1150 01
1437 1110 1568 1150 dolor.

117 1179 233 1220 Hinc
264 1179 392 1220 etiam
423 1179 538 1220 mille
569 1179 805 1229 conamina,
835 1179 942 1219 situs
975 1183 1067 1219 tum
1097 1178 1228 1232 ipsius
1261 1178 1444 1230 eorporis
1476 1182 1570 1218 tum

114 1247 294 1288 membri
321 1247 461 1287 affecti
488 1247 726 1288 mutatione
757 1246 936 1297 assidua,
960 1246 1112 1287 doloris
1145 1246 1407 1286 sedationem
1435 1245 1570 1285 ineas-

115 1329 209 1355 sum
237 1315 508 1355 exambiunt:
542 1329 648 1368 quae
670 1319 815 1355 tamen
845 1328 933 1355 non
963 1314 1175 1366 contingit
1202 1318 1301 1353 ante
1330 1313 1478 1353 horam
1509 1326 1570 1353 se·

114 1383 299 1423 eundam
335 1383 556 1422 tertiamve
587 1382 858 1432 matutinam,
897 1382 1088 1433 (decurso
1117 1381 1275 1421 scilicet
1304 1380 1571 1434 nycthemeri

113 1450 249 1503 spatio
276 1464 301 1490 a
330 1450 466 1503 primo
497 1450 676 1503 appulsu
707 1449 975 1502 paroxysmi,)
1002 1462 1084 1502 quo
1105 1452 1294 1501 tempore
1326 1461 1450 1500 aeger
1476 1452 1572 1500 post

112 1518 314 1559 materiae
343 1518 557 1572 peccantis
587 1517 797 1558 modicam
820 1517 1100 1570 digestionem
1130 1520 1171 1556 et
1201 1515 1477 1556 difflationem
1499 1515 1572 1555 ali-

114 1587 281 1639 qualem
303 1586 443 1626 subito
466 1600 490 1626 a
511 1585 653 1626 dolore
680 1585 858 1638 respirat
872 1601 883 1634 ;
915 1585 1013 1625 lieet
1040 1585 1151 1624 hane
1178 1584 1249 1624 ille
1276 1583 1571 1623 liberationem

113 1654 184 1694 isti
219 1653 400 1694 membri
436 1653 576 1694 affecti
611 1653 825 1706 positurae
858 1667 941 1705 qua
974 1656 1188 1706 postremo
1220 1666 1322 1692 usus
1358 1655 1461 1701 erat,
1493 1651 1571 1691 im-

113 1722 264 1763 merito
289 1727 505 1775 acceptam
532 1722 700 1762 referat.
763 1721 789 1760 J
794 1735 862 1760 am
890 1721 976 1761 leni
1003 1720 1176 1761 madore
1200 1719 1395 1773 perfusus
1423 1732 1572 1759 somno

114 1789 321 1840 concedit,
345 1804 369 1830 a
390 1803 472 1843 quo
503 1789 718 1842 evigilans,
750 1789 892 1829 dolore
922 1789 1108 1829 multum
1138 1787 1380 1837 imminuto,
1405 1790 1571 1840 partem

115 1858 311 1898 affectam
350 1862 517 1897 tumore
557 1861 750 1897 recenter
790 1860 1039 1909 occupatam
1079 1855 1241 1902 eernit3
1294 1869 1392 1895 cum
1434 1854 1571 1894 solum

116 1925 295 1965 antehae
320 1924 447 1977 (quod
467 1924 513 1963 in
534 1923 731 1964 omnibus
752 1923 1082 1975 Podagrieorum
1111 1922 1371 1976 paroxysmis
1397 1921 1569 1961 solenne

115 1993 208 2044 est,)
233 1991 440 2044 insignior
466 1991 796 2031 intumescentia
815 2004 1018 2030 venarum
1047 1989 1238 2029 membro
1259 1992 1408 2028 vexato
1438 1989 1569 2028 inter-

114 2065 329 2100 textarum
365 2073 408 2099 se
442 2058 488 2098 in
523 2063 796 2111 conspectum
832 2057 1018 2097 dederat.
1094 2057 1307 2109 Sequente
1344 2055 1424 2104 die,
1461 2055 1569 2095 forte

114 2128 242 2168 etiam
266 2127 317 2167 ad
339 2126 518 2167 biduum
538 2126 793 2175 triduumve,
811 2125 846 2165 si
866 2124 1044 2165 materia
1064 2124 1282 2176 Podagrae
1304 2122 1570 2176 generandae

116 2199 215 2249 apta
234 2194 362 2236 fuerit
383 2194 600 2247 eopiosior,
623 2193 738 2233 dolet
762 2193 960 2233 nonnihil
987 2206 1082 2245 pars
1111 2192 1273 2240 affecta,
1295 2190 1422 2244 idque
1447 2190 1570 2230 vehe-

115 2263 301 2303 mentius
336 2262 404 2302 die
434 2262 524 2316 jam
559 2261 943 2314 advesperascente,
976 2260 1140 2300 levatur
1175 2263 1319 2298 autem
1355 2257 1434 2298 sub
1471 2256 1572 2310 galli

1632 298 1734 319 AGRA.

116 2335 258 2372 cantu.
319 2330 443 2370 Intra
469 2343 624 2382 paucos
651 2329 751 2378 dies,
775 2328 882 2369 alter
906 2341 979 2382 pes
1004 2327 1153 2367 eodem
1178 2326 1321 2366 dolore
1348 2329 1571 2378 torquetur
1590 2337 1759 2372 Nunchic,

117 2412 201 2451 quo
221 2398 256 2437 is
278 2398 350 2451 qui
370 2397 483 2450 prior
504 2396 664 2446 doluit;
696 2396 773 2446 vel,
798 2396 832 2436 si
862 2396 976 2449 prior
995 2395 1075 2435 iste
1101 2395 1192 2448 jam
1214 2393 1354 2434 dolere
1386 2392 1555 2433 desierit

117 2465 312 2506 debilitas
344 2478 451 2518 quae
481 2478 579 2505 eum
609 2464 909 2512 infirmaverat,
931 2477 1030 2503 mox
1058 2461 1281 2511 evanescit,
1302 2465 1392 2501 tam
1412 2459 1571 2500 viribus
1588 2467 1713 2496 excitat.

118 2547 245 2587 quam
265 2532 433 2584 integra
460 2531 641 2571 sanitate
671 2531 742 2571 isti
772 2531 869 2584 pedi
901 2530 1045 2570 statim
1075 2528 1297 2578 restitutis,
1318 2527 1492 2580 perinde
1523 2540 1572 2567 ae

116 2613 339 2653 nunquam
368 2598 643 2648 laboraverat,
666 2598 700 2637 si
726 2597 853 2638 modo
881 2596 999 2637 dolor
1025 2595 1176 2649 pedem
1199 2607 1336 2647 nuper
1355 2597 1572 2633 tentatum

116 2667 296 2708 ferocius
328 2665 529 2706 lancinet.
590 2664 883 2705 Nihilominus
916 2663 1084 2704 easdem
1116 2662 1185 2702 hie
1218 2661 1373 2702 excitat
1405 2663 1572 2712 tragoe-

118 2734 208 2776 dias
235 2748 338 2788 quas
365 2733 481 2787 prius
508 2732 554 2772 in
582 2732 713 2772 altero
740 2731 858 2784 pede,
884 2736 973 2771 tam
1001 2729 1139 2783 quoad
1166 2727 1318 2768 doloris
1349 2726 1572 2767 vehemen-

118 2803 236 2853 tiam,
273 2815 400 2855 quam
436 2799 717 2840 durationem.
792 2798 1059 2850 Quandoque
1095 2796 1222 2836 etiam
1256 2794 1402 2848 primis
1436 2793 1575 2834 morbi

121 2869 283 2920 diebus,
305 2883 403 2910 eum
424 2868 603 2909 materia
633 2880 811 2920 peccans
843 2865 947 2906 adeo
975 2863 1178 2905 exuberat
1205 2867 1254 2903 ut
1281 2862 1319 2902 ei
1346 2860 1574 2916 capiendae

1588 2390 1673 2411 nune
1690 2380 1757 2409 illie

1557 2424 1568 2442 ’
1587 2422 1764 2462 tragoedias
