1985 3308
609 122 957 164 TRACTATUS
991 123 1052 162 ΙΙ.
1478 124 1562 162 459

109 241 198 268 sam
242 227 536 281 praebebimus
549 244 563 278 5
604 231 732 281 atque
782 242 833 268 ex
883 229 962 269 hac
1011 228 1280 268 induciarum
1331 228 1561 278 occasione,
1604 239 1657 269 Di:
1678 238 1750 268 Hr-

108 294 227 348 quasi
247 294 420 335 victoria
434 295 524 348 jam
544 299 666 347 parta
694 294 759 335 uti
786 295 1036 345 nescientes,
1058 294 1234 335 tandem
1255 295 1346 334 loco
1367 294 1492 347 pulsi,
1516 309 1560 334 rc
1580 290 1738 331 -¹’¹‘⁰¹'¹⁹‘·

106 361 264 402 infecta
296 362 478 415 turpiter
509 361 764 415 fugabimur.
826 361 962 412 Adde,
995 361 1106 416 quod
1137 361 1375 415 periculum
1410 366 1474 400 est
1506 375 1560 401 ne

106 442 312 481 aquarum
333 429 444 469 iuter
465 429 622 469 xdsccra
641 443 761 469 mora
781 428 1020 468 diutm·nior
1047 427 1194 468 eadem
1215 426 1438 480 putredine
1460 441 1560 479 qua-

106 495 204 536 dam
225 510 301 536 sua
320 497 514 550 inquinet
537 511 584 537 ac
604 497 776 537 inficiat.
822 496 966 549 Atque
985 496 1171 549 insuper,
1198 494 1327 548 (quod
1346 493 1463 547 parvi
1484 494 1560 534 du-

105 563 289 603 cendum
310 578 398 604 non
419 565 511 616 est,)
536 565 641 604 istae
663 578 796 617 aquae
821 578 846 603 a
865 563 1119 616 praegressis
1150 562 1394 603 catharticis
1425 561 1486 601 ita
1515 561 1560 600 iu

103 635 270 671 motum
291 632 480 672 concitae
501 631 554 671 ad
575 646 730 672 noxam
750 631 1016 672 inferendam
1037 631 1127 684 jam
1147 629 1438 684 propensiores
1460 633 1560 668 sunt

104 713 232 752 quam
257 699 332 739 ubi
363 700 639 752 quiescerent.
701 699 806 739 Tam
837 699 890 739 ob
917 699 1028 739 hanc
1058 699 1202 752 itaque
1232 711 1402 738 causam
1433 711 1560 750 quam

103 766 157 807 ob
191 766 291 807 alias
324 781 450 819 supra
482 770 748 816 memoratas,
786 766 885 806 huic
917 766 1158 816 intentioni,
1194 779 1300 818 quae
1340 764 1560 805 colluviem

104 846 287 874 serosam
307 833 424 873 intus
447 833 632 873 clausam
653 833 834 886 respicit,
859 848 986 886 quam
1016 833 1274 874 velocissime
1302 831 1558 872 satisfacien-

103 901 207 942 dum
239 905 326 952 est3
358 914 497 954 neque
530 900 582 940 ab
619 914 680 951 ca,
710 899 791 940 nisi
825 905 1006 952 urgente
1039 899 1301 948 necessitate,
1334 903 1398 939 cst
1429 897 1559 938 absis-

101 969 282 1010 tendum
303 974 376 1010 aut
398 968 663 1018 cessandum,
686 968 820 1009 donec
841 968 978 1008 omnis
1001 981 1207 1021 aquarum
1232 967 1362 1008 moles
1384 965 1558 1006 omnino

102 1036 275 1078 demum
296 1036 511 1077 exantlata
530 1035 672 1076 fucrit.

167 1104 274 1158 [11.]
313 1104 409 1145 Hoc
439 1118 564 1157 porro
588 1103 826 1144 notandum
850 1103 978 1154 venit,
1006 1103 1130 1156 quod,
1157 1117 1253 1144 cum
1275 1117 1297 1143 e
1318 1103 1436 1156 praxi
1457 1117 1555 1144 con·
1576 1111 1747 1150 Iiydrago-

102 1175 199 1222 stet,
220 1171 467 1226 hydragoga
496 1171 584 1211 fere
615 1171 769 1221 omnia,
793 1171 919 1224 genio
951 1171 1135 1224 quodam
1166 1171 1245 1211 sibi
1275 1170 1490 1224 peculiari,
1524 1170 1557 1210 si
1575 1164 1743 1225 &21:232ssss-

101 1239 190 1279 sola
218 1238 512 1289 exhibeantur,
534 1238 584 1278 iis
613 1239 685 1291 qui
716 1252 840 1291 aegre
872 1243 1111 1292 purgantur
1145 1252 1297 1292 parum
1328 1238 1557 1278 admodum
1577 1239 1728 1287 quent-in

100 1309 207 1349 votis
239 1308 506 1361 respondere,
543 1307 645 1361 quin
686 1313 727 1348 et
768 1308 993 1360 largiorem
1034 1306 1268 1347 eorundem
1308 1305 1430 1345 dosin
1470 1319 1558 1345 non
1576 1291 1733 1358 Ξῗῇξὲξίρς,

99 1380 189 1416 tam
210 1375 425 1416 catharsin
457 1389 584 1428 quam
612 1374 831 1428 sanguinis
862 1375 1098 1414 tumultum
1119 1387 1391 1426 promovere,
1428 1373 1558 1424 (unde

100 1443 173 1496 qui
203 1442 403 1482 imminui
437 1442 641 1482 debuerat
673 1447 829 1493 tumor,
867 1443 957 1495 jam
994 1441 1157 1481 auctior
1189 1440 1379 1480 cernitur
1392 1440 1420 1492 3)
1454 1440 1559 1480 haec

98 1510 241 1563 itaque
275 1523 365 1550 non
396 1509 526 1549 alium
559 1509 755 1550 obtinent
786 1523 913 1549 usum
947 1509 994 1548 in
1024 1507 1270 1561 hujusmodi
1300 1506 1557 1560 corporibUS,

98 1592 224 1632 quam
253 1582 303 1618 ut
332 1577 564 1618 lenioribus
593 1577 834 1618 catharticis
866 1577 1089 1618 stimulum
1110 1576 1282 1616 addant.
1346 1575 1443 1616 Quo
1470 1589 1557 1615 non
1576 1594 1670 1624 quem
1689 1585 1722 1614 in

97 1645 308 1695 obstante,
332 1645 380 1685 in
409 1645 459 1685 iis
491 1645 562 1698 qui
591 1649 778 1699 purgatu
808 1649 909 1685 sunt
940 1644 1096 1694 faciles,
1125 1643 1374 1698 hydragoga
1401 1642 1484 1683 ista
1514 1647 1556 1683 et
1574 1627 1747 1709 lelilecsiussdis

96 1713 291 1754 celeriter
312 1717 355 1753 et
376 1727 474 1753 cum
494 1727 652 1766 magno
673 1713 827 1753 effectu
848 1717 1091 1766 operantur.
1573 1717 1746 1751 gatusunt.

161 1781 270 1835 [12]
310 1781 520 1823 Quocirca
542 1782 590 1821 in
616 1782 708 1822 istis
740 1782 811 1835 qui
842 1781 1026 1822 catharsi
1055 1785 1251 1834 prompte
1281 1779 1453 1830 cedunt,
1488 1794 1554 1833 sy·
1575 1790 1759 1830 Inistisqui

95 1863 227 1902 rupus
253 1848 305 1889 de
331 1848 451 1901 spina
474 1849 652 1899 cervina,
676 1850 804 1889 etiam
830 1849 954 1899 solus,
978 1863 1107 1902 aquas
1139 1852 1204 1888 sat
1229 1847 1393 1900 copiose
1415 1847 1528 1887 elicit
1541 1864 1552 1897 ς
1571 1833 1716 1915 1⁰32}ssssssss

98 1917 210 1971 quod
247 1917 418 1970 quidem
453 1917 690 1957 remedium
719 1918 765 1956 in
793 1917 859 1957 his
896 1932 1025 1971 aquas
1060 1917 1148 1957 fere
1179 1917 1300 1965 solas,
1329 1930 1482 1968 easque
1508 1915 1553 1954 in
1572 1918 1689 1947 cedunt
1732 1961 1738 1966 .

95 1998 253 2043 magu-a
293 1984 547 2037 quantitate,
581 1984 736 2034 educit,
770 1998 849 2025 nec
882 1985 1136 2037 sanguinem
1171 1982 1438 2036 perturbanS,
1475 1996 1553 2022 nec
1571 1961 1758 2033 {yancffifffiss

94 2053 265 2093 urinam
304 2052 484 2107 reddens
525 2051 817 2092 coloratiorem
861 2065 938 2104 pro
977 2050 1235 2103 reliquorum
1274 2049 1552 2102 purgantium
1569 2055 1749 2118 ἓῖὓρῖῑῑὶἓζὲ

94 2134 238 2160 more:
269 2119 314 2159 id
340 2124 512 2159 tantum
537 2119 667 2159 habet
695 2118 953 2159 incommodi
984 2131 1164 2171 syrupus
1194 2117 1278 2166 ille,
1302 2116 1414 2168 quod
1440 2115 1552 2156 inter
1570 2098 1680 2159 eliciti)
1701 2130 1734 2160 id

95 2186 358 2240 operandum
385 2187 606 2238 ingentem
635 2185 750 2225 sitim
779 2189 987 2238 provocet.
1051 2183 1178 2225 Quod
1209 2183 1242 2222 si
1269 2183 1382 2223 idem
1412 2183 1475 2222 vcl
1505 2183 1550 2222 in
1569 2172 1729 2245 ἲέῐξὲξὶἑῇζ

95 2267 262 2294 summa
289 2253 380 2293 dosi
408 2253 498 2293 aliis
530 2253 781 2306 propinetur
810 2253 882 2306 qui
914 2266 1037 2305 aegre
1074 2255 1377 2304 expiugantur,
1411 2264 1550 2303 neque
1568 2257 1620 2287 hic
1636 2268 1729 2297 syru-

94 2321 255 2362 multae
283 2326 516 2374 sequentur
548 2321 817 2375 dejectiones,
840 2335 978 2376 neque
1007 2334 1079 2361 eae
1107 2320 1243 2360 multa
1263 2333 1384 2372 aqua,
1406 2324 1455 2359 ut
1477 2319 1548 2359 de·
1567 2301 1740 2382 335,qu-

94 2387 288 2439 buerant,
309 2389 500 2429 refertae.
1565 2386 1708 2433 gaudum

159 2455 266 2510 [13.]
304 2455 516 2508 Equidem
543 2456 674 2509 probe
700 2456 877 2496 memini
902 2457 1015 2510 (cum
1041 2460 1146 2496 tunc
1173 2454 1359 2508 primum
1381 2453 1435 2494 ad
1457 2453 1548 2508 Hy·
1566 2434 1743 2510 ζῗὲῗέῐζίἲ-

94 2523 267 2578 dropem
283 2524 521 2564 curandum
537 2524 766 2578 invitarer)
787 2539 855 2566 me
872 2525 995 2565 annis
1013 2523 1193 2565 abhincd
1206 2523 1356 2576 viginti
1373 2528 1548 2576 septem,
1568 2518 1666 2543 vocet.

94 2595 168 2632 aut
197 2590 375 2640 circiter,
405 2590 459 2631 ad
486 2596 726 2632 matronam
753 2593 965 2646 quandam
997 2593 1111 2646 piam
1137 2596 1179 2632 et
1208 2591 1444 2641 honestam,
1473 2605 1548 2631 no-

92 2659 208 2699 mine
243 2658 492 2709 Saltmarsh,
527 2660 897 2700 Westmonasterii
933 2664 1280 2709 commorantem,
1314 2659 1442 2699 fuisse
1483 2673 1549 2699 ac·

93 2726 294 2767 cersitum
308 2742 320 2775 ;
352 2727 472 2780 cujus
495 2726 704 2768 abdomen
735 2727 947 2781 Hydrops,
971 2741 1053 2780 quo
1082 2727 1331 2767 atrociorem
1356 2725 1549 2767 nondum

91 2792 189 2844 vidi,
211 2793 257 2833 in
286 2793 442 2835 molem
473 2794 784 2847 magnitudinis
805 2794 873 2834 vix
905 2794 1138 2835 credendae
1166 2798 1370 2834 evexerat.
1434 2793 1549 2834 Huic

574 2877 586 2896 ¹¹
611 2879 735 2918 abhinc]
755 2890 796 2910 se.
815 2879 852 2909 ab
871 2889 952 2909 anno
974 2880 1062 2909 1683.
