1985 3308
226 2891 393 2946 [1688]

475 138 798 180 SCHEDULA
829 137 1192 179 MONITORIA.

394 247 536 286 Enata
555 245 687 295 rebus,
709 257 894 297 mensque
903 242 1014 296 facti

450 313 692 365 Eoeperiens,
715 313 948 364 animusque
957 310 1080 363 felioe.

337 381 433 421 Non
453 381 561 420 mille
572 381 745 433 plantae
764 383 803 420 et
823 379 951 419 multa
972 378 1080 419 domi
1099 378 1221 428 vitra,

337 450 532 501 Iynesque
552 451 721 497 eentum,
744 451 817 487 aut
837 446 1068 499 hypothesis
1079 446 1263 498 placens,

395 516 576 555 Prosunt
595 514 781 563 medenti,
802 513 866 553 vel
884 515 1066 553 coercent

454 582 586 622 Saeva
605 582 708 621 Luis
727 581 849 630 mala,
871 594 992 621 saeva
1011 580 1178 628 Febris;

337 649 398 688 Ni
410 652 556 701 pectus
577 649 686 688 adsit
707 649 865 688 consilii
877 652 1037 701 potens,

336 716 396 755 Ni
407 717 535 768 plena
554 716 669 768 rit-qis
688 716 974 767 Experientia‚

399 783 577 836 Ususque
596 782 804 822 Naturam
824 786 996 832 secutus,

456 850 565 897 Quid
567 849 730 902 faceret
750 853 938 890 moneant
958 850 1003 889 in
1023 863 1173 890 aurem.

336 918 451 958 Haec
462 918 614 970 praa'is
635 918 729 957 olim
745 918 904 970 yrande
925 918 1045 957 decus
1064 931 1207 958 sacrae

335 987 526 1027 Addua—it
545 986 644 1026 Arti
657 1002 670 1033 ;
700 987 761 1026 sio
780 989 955 1025 veterum
976 986 1090 1026 stetit

395 1055 550 1095 Secura
561 1053 683 1107 fama
696 1071 709 1101 ;
740 1054 800 1094 sic
812 1054 996 1106 praeivit

453 1123 740 1175 Hippocrates,
762 1122 988 1174 meruitque
1009 1122 1172 1162 coelum.

335 1192 395 1232 At
415 1204 495 1231 non
515 1190 680 1231 eandem
700 1194 809 1230 sorte
820 1191 922 1242 pari
942 1191 1051 1230 viam

338 1259 498 1299 Pressit
522 1259 701 1299 Galenus
715 1276 729 1306 ;
760 1271 839 1298 non
859 1258 1020 1298 Arabes
1039 1258 1171 1298 virum

393 1327 533 1380 Aeque
553 1327 735 1379 sequuti;
767 1340 846 1366 non
866 1327 1044 1366 Falerna

456 1395 586 1447 Usque
604 1395 771 1434 madens
790 1395 1036 1434 Paracelsus
1054 1387 1146 1434 uva.

335 1463 504 1504 Primus
523 1463 690 1503 relictae
715 1463 774 1502 Tu
791 1462 956 1515 ,qenium
977 1462 1128 1501 asseris

335 1531 551 1583 Fidemque
571 1543 735 1570 normae
751 1548 762 1569 :
795 1543 843 1570 en
864 1529 959 1570 diva
984 1529 1075 1569 Tibi
1095 1528 1219 1569 Salus

393 1599 634 1651 Applaudit,
657 1602 697 1638 et
716 1598 855 1638 ridens
874 1599 1083 1647 Juventus,

458 1667 630 1721 Vitaque
650 1680 730 1706 non
750 1669 928 1706 metuens
948 1665 1182 1718 sepulchri,-

335 1736 407 1775 Eoe
427 1749 502 1790 quo
523 1738 737 1788 vayanteni
756 1735 912 1787 scripta
932 1748 1055 1774 manu
1080 1734 1167 1773 Tua

340 1804 530 1844 Correxit
551 1803 684 1844 orbem
696 1803 857 1856 paqina
878 1802 1024 1842 nobilis
1038 1820 1049 1841 :

398 1871 584 1924 Lonyum
604 1872 677 1911 illa
697 1871 904 1920 morbosis,
932 1870 1104 1922 Tibique

450 1940 711 1991 Perpetumm
725 1938 923 1990 patefecit
944 1950 1096 1977 aevum.

335 2008 428 2047 Jam
450 2007 567 2061 siqua
587 2009 756 2056 restant,
778 2006 841 2058 eja
849 2003 1136 2057 frequentibus

339 2075 518 2116 Concede
538 2075 642 2115 votis
654 2091 667 2121 ;
698 2087 770 2114 nos
778 2073 1025 2126 juvenilium

401 2144 554 2196 Vulgus
573 2142 824 2192 Medentum‚
846 2154 919 2181 nos
939 2154 1068 2180 avara

455 2210 663 2257 Quaelibet
684 2210 929 2262 ea‘cipiemus
951 2222 1063 2249 aure.

334 2281 457 2320 Forte
476 2282 515 2319 et
525 2278 674 2331 futuro
695 2282 872 2330 tempore
892 2277 1092 2332 quispiam

334 2349 482 2398 Poeta,
503 2347 641 2387 Musis
662 2347 838 2396 charior,
862 2346 1016 2386 aetheri

397 2416 451 2456 Te
470 2415 584 2455 sidus
605 2415 740 2465 addet,
767 2414 820 2454 Te
839 2413 1003 2454 salubre

451 2484 587 2534 Sidus,
610 2486 649 2524 et
668 2484 713 2523 in
737 2482 922 2523 Crisibus
943 2481 1154 2534 beniynuin
1169 2498 1179 2519 .-

335 2552 409 2592 Me
426 2552 692 2592 destinantem
714 2551 817 2591 talia
842 2550 1058 2603 bemicae

339 2621 472 2660 Curae
491 2622 707 2672 reposcunt
719 2636 733 2666 ,·
763 2632 825 2659 me
844 2618 1034 2658 Medicus
1054 2616 1169 2657 labor

391 2687 452 2728 Et
471 2700 561 2740 spes
581 2688 738 2728 locatae
757 2700 836 2727 non
856 2698 1004 2726 vacare

451 2755 605 2796 Pieriis
615 2755 838 2808 patiuntur
857 2754 991 2795 undis.

1138 2819 1219 2859 En.
1245 2817 1453 2866 HANNES,

1014 2888 1078 2929 Ex
1100 2887 1219 2928 Aede
1240 2885 1399 2928 Christi
1420 2885 1558 2927 Oxon.

1477 139 1560 177 485

1596 252 1760 284 EnvARm

1599 295 1750 325 messs

1593 338 1756 368 CARMEN.
