1985 3308
442 123 731 165 EPISTOLA
764 123 822 164 II.
858 125 1291 166 RESPONSORIA.
1509 129 1592 168 313

136 243 244 279 muS,
266 229 312 270 in
339 230 536 271 remediis
567 229 808 270 catharticis
838 230 1063 283 (quantum
1091 230 1174 270 huc
1205 244 1339 284 usque
1367 245 1447 271 usu
1479 247 1590 273 com·
1632 245 1686 275 DE
1706 245 1779 275 Lus

134 297 350 351 perimus,)
385 297 614 339 curationis
649 297 786 338 omnis
820 297 945 338 cardo
977 297 1179 347 vertitur-5
1213 313 1392 352 quorum
1434 301 1588 342 auxilio
1608 288 1792 317 VENEREA.

134 365 200 405 vel
227 365 422 406 educitur
456 366 610 406 humor
636 378 826 419 peccans,
852 364 917 404 vel
955 370 1208 418 procuratur
1236 364 1412 406 diversio
1445 379 1586 407 succo-
1629 347 1772 418 {3:1³ng

133 447 230 473 rum
258 434 441 487 corporis
467 433 740 482 naturalium,
769 433 842 486 qui
872 432 995 473 aliter
1024 432 1137 473 hosti
1166 433 1213 472 in
1236 431 1442 486 pabulum
1469 431 1793 502 cedeJCumm-:wn

132 505 243 541 rent.
305 500 509 542 Quamvis
534 506 680 541 autem
700 505 795 541 tum
818 501 940 551 ratio,
962 505 1057 541 tum
1082 501 1354 554 experientia,
1377 501 1483 541 mihi
1504 501 1588 542 die·
1610 482 1785 557 Ggrlzzgarrm.

130 571 239 618 tant,
262 568 378 609 hunc
408 569 604 627 morbum
626 583 650 609 a
671 568 858 622 quolibet
887 568 1059 609 demum
1087 568 1320 609 cathartico
1352 582 1475 623 saepe
1497 569 1588 609 diu·
1607 568 1720 617 rhossass,
1737 578 1794 598 ‘'1¹-

133 649 214 689 que
247 636 434 677 exhibito
467 642 663 677 sanatum
702 636 768 687 iri,
802 650 852 677 ea
885 641 1032 677 tamen
1068 635 1244 676 caeteris
1279 633 1590 691 δραστικώτερα
1606 616 1746 683 2223}ss

131 703 238 743 mihi
263 704 462 744 videntur
489 719 595 758 quae
619 705 762 755 bilem,
790 704 972 745 maxime
996 718 1094 744 vero
1123 717 1230 757 quae
1260 703 1448 744 ichorem
1478 718 1588 745 sero·
1607 696 1788 769 {gffiffiiiscis

132 784 239 821 sum,
267 771 435 812 fortiter
459 786 482 812 e
513 772 719 825 sanguine
750 777 987 825 expurgant
1018 776 1060 812 et
1092 771 1348 812 subducunt.
1410 772 1475 813 Ac
1495 786 1589 825 pro·
1608 781 1753 811 vertitur.

130 838 230 879 inde
252 840 340 880 sola
354 840 501 894 jalapii
521 840 660 880 radice
681 839 936 893 pauperibus
958 839 1180 892 aliquoties
1202 838 1390 890 subveni,
1409 854 1591 893 quorum
1609 831 1737 863 Quibus

129 907 333 947 tenuitati
365 912 406 948 et
438 908 565 948 rebus
598 907 713 948 domi
749 907 940 960 angustis
974 906 1283 947 consulendum
1314 911 1416 947 erat.
1479 907 1590 948 Cum
1607 884 1682 946 ἓξὲξ
1698 884 1772 956 {iff-

128 986 226 1013 vero
246 977 288 1013 et
309 972 482 1013 morbus
504 973 775 1026 conspicuam
799 987 942 1013 secum
961 973 1105 1014 trahat
1127 973 1523 1026 inflammationem,
1546 979 1588 1016 et
1606 960 1758 1032 {ffiffibus

129 1040 440 1082 medicamenta
469 1041 710 1095 purgantia,
744 1041 896 1094 quibus
937 1041 1246 1094 expugnandus
1276 1041 1312 1081 is
1345 1046 1422 1093 est,
1454 1042 1590 1083 calida
1607 1054 1722 1085 Diaeta
1739 1065 1783 1085 re-

129 1108 258 1149 etiam
280 1109 378 1159 sint,
397 1109 537 1150 diaeta
550 1109 805 1162 refrigerans
821 1108 996 1149 omnino
1013 1112 1076 1148 est
1097 1107 1346 1162 imperanda
1367 1121 1392 1148 α
1413 1109 1587 1149 carceri·
1605 1097 1792 1169 Ξξξοῗέζζέ

129 1176 202 1216 bus
225 1177 354 1231 (quod
374 1178 559 1230 dicitur,)
585 1178 641 1217 acl
660 1175 820 1217 metasf.
1607 1182 1646 1212 ad
1662 1187 1773 1212 metas.

193 1245 300 1299 [14]
341 1246 410 1286 Sic
431 1246 574 1299 itaque
596 1246 708 1286 soleo
728 1243 1013 1298 praescribere
1030 1260 1099 1284 :—

129 1345 260 1386 [Fnrm.
279 1345 371 1385 58.]e
409 1345 447 1388 R
476 1346 618 1380 Massae
637 1346 831 1379 Pilularum
849 1345 1060 1378 Cochiarum
1080 1343 1256 1387 Majorum
1276 1343 1458 1377 drachmas
1475 1350 1552 1384 tres,

476 1403 636 1436 Extracti
654 1402 761 1436 Rudii
780 1401 981 1435 drachmam
1001 1411 1120 1441 unam,

478 1459 629 1493 Resinae
645 1459 670 1492 J
674 1459 806 1503 alapae,

480 1516 678 1562 Diagrydii,
695 1527 763 1549 ana
780 1515 1082 1555 semidrachmam,

475 1585 554 1608 cum
576 1574 770 1607 sufficiente
786 1574 982 1618 quantitate
1000 1572 1224 1617 Opobalsami
1240 1585 1247 1611 ;

312 1631 418 1665 Fiant
433 1631 562 1676 pilulae
579 1642 597 1664 e
616 1630 763 1674 singulis
781 1629 955 1663 drachmis
973 1640 1043 1663 seX.

124 1723 320 1765 Quatuor
340 1736 390 1762 ex
405 1721 471 1762 his
493 1720 671 1774 singulis
693 1719 854 1760 auroris
872 1717 1172 1771 deglutiendae
1189 1722 1290 1758 sunt
1306 1717 1413 1758 hora
1434 1723 1585 1771 quarta
1603 1727 1778 1758 Methodus

123 1791 187 1831 vel
220 1791 370 1844 quinta
393 1790 468 1842 (ita
486 1794 536 1829 ut
565 1802 689 1842 aeger
710 1787 1050 1841 superdormiat,)
1076 1786 1130 1827 ad
1155 1786 1243 1826 dies
1272 1787 1495 1827 duodecim
1521 1787 1582 1827 vel
1602 1770 1770 1843 ggsceirlycagp

125 1857 458 1911 quatuordecim,
482 1856 547 1896 vel
574 1856 703 1896 etiam
734 1855 890 1908 plureS,
923 1854 1058 1895 donec
1090 1855 1248 1895 scilicet
1278 1855 1428 1896 urinae
1461 1855 1585 1896 ardor
1603 1855 1771 1885 catharsin.

124 1930 167 1966 et
195 1924 396 1965 materiae
427 1923 725 1964 seminjformis
757 1923 870 1962 color
900 1922 1030 1962 flavus
1063 1922 1292 1963 admodum
1324 1923 1583 1963 imminuan-

123 1997 220 2042 tur3
253 2006 359 2045 quae
387 2006 485 2032 cum
518 2005 595 2044 pro
625 1994 722 2030 voto
754 1989 1045 2039 successerint,
1079 1990 1180 2029 satis
1211 2004 1301 2031 esse
1329 1996 1519 2041 autumo,
1550 1992 1583 2031 si

124 2073 262 2113 aeger,
283 2059 507 2112 interjecto
529 2071 693 2111 semper
714 2056 781 2097 die
801 2070 904 2106 uno,
928 2056 1097 2097 easdem
1120 2061 1285 2110 repetat
1307 2058 1360 2097 ad
1386 2058 1582 2111 septima-

124 2142 200 2168 nas
222 2127 359 2167 adhuc
387 2126 490 2166 duas
504 2142 515 2175 ;
549 2139 631 2178 quo
651 2129 842 2178 tempore
867 2124 1021 2177 elapso,
1045 2124 1198 2164 sufficit
1218 2129 1268 2164 ut
1298 2124 1363 2164 bis
1388 2125 1433 2164 in
1456 2126 1582 2178 septi-

123 2209 251 2235 mana
271 2199 496 2235 sumantur
515 2193 684 2247 pilulae,
708 2192 841 2232 doncc
861 2191 1016 2231 humor
1037 2205 1087 2231 ex
1107 2191 1284 2231 urethra
1305 2192 1463 2232 stillare
1486 2193 1580 2233 soli-

121 2266 192 2302 tus
217 2276 387 2316 prorsus
415 2265 649 2310 evanescat,
673 2259 785 2313 quod
809 2264 857 2299 ut
885 2259 1118 2311 plurimum
1141 2272 1229 2298 non
1250 2258 1332 2299 nisi
1356 2264 1451 2312 post
1473 2260 1580 2300 mul-

121 2334 188 2371 tos
205 2330 292 2371 dies
314 2328 538 2382 contingit.
577 2327 780 2370 Quamvis
798 2327 912 2368 enim
928 2326 1053 2379 vulgo
1075 2327 1320 2376 affirmetur,
1339 2327 1451 2380 quod
1471 2328 1580 2381 ejus-

121 2397 238 2438 modi
267 2397 398 2447 ichor,
421 2396 506 2450 qui,
533 2395 696 2449 (ardore
727 2395 876 2435 urinae
907 2398 949 2435 et
979 2394 1084 2434 flavo
1113 2393 1317 2434 materiae
1349 2394 1580 2436 extillantis

122 2465 260 2506 colore
282 2464 622 2519 disparentibus‚)
642 2478 767 2504 mane
788 2462 1050 2517 praesertim,
1067 2461 1113 2501 in
1130 2462 1375 2502 summitate
1397 2463 1497 2503 colis
1519 2463 1579 2503 di-

121 2532 222 2586 gitis
252 2532 480 2586 compressi
506 2532 560 2572 ad
584 2531 799 2585 guttulam
819 2545 951 2571 unam
983 2529 1210 2570 alteramve
1235 2529 1436 2580 cernitur,
1459 2545 1484 2570 a
1511 2530 1580 2571 de-

121 2599 287 2641 bilitate
303 2604 475 2641 tantum
496 2605 538 2640 et
560 2614 584 2640 a
603 2599 777 2640 laxitate
797 2598 984 2652 partium
1006 2596 1059 2637 ob
1082 2596 1293 2637 diutinam
1312 2596 1438 2637 virosi
1458 2597 1579 2638 fomi-

120 2668 176 2709 tis
206 2668 252 2709 in
279 2668 339 2709 eis
366 2682 529 2709 moram
557 2668 718 2709 oriatur
731 2684 743 2717 5
774 2665 919 2706 miseri
949 2670 1095 2705 tamen
1123 2665 1399 2718 experiuntur
1422 2679 1578 2718 magno

123 2750 198 2778 suo
215 2736 326 2778 malo
342 2736 540 2790 reliquias
561 2735 637 2776 has
659 2748 748 2776 esse
770 2733 956 2786 contagii
976 2747 1064 2773 non
1084 2732 1255 2786 penitus
1278 2732 1427 2774 deleti:
1452 2733 1577 2786 quod,

166 2852 176 2871 ¹
196 2865 214 2883 a
230 2864 343 2885 carcer.
359 2855 400 2884 ad
420 2852 530 2892 metas]
549 2853 568 2882 i.
583 2863 608 2883 e.
625 2854 663 2882 ab
680 2854 767 2881 initio
782 2853 822 2881 ad
924 2855 938 2870 ’ἕ
964 2850 1013 2879 Cf.
1031 2849 1119 2879 surm.
1139 2851 1209 2880 221.

115 2896 214 2932 finem.
256 2895 304 2926 Cf.
324 2896 452 2926 Erasmi
468 2898 569 2935 Δάας.
588 2896 607 2926 i.
626 2896 656 2924 6.
674 2896 722 2924 58.

823 2959 882 2985 SS
