1985 3308
408 148 492 188 528
574 147 710 188 ΤΗΟ.
747 145 1086 188 SYDENHAM
1122 146 1333 187 SCHED.
1365 145 1579 187 MONIT.
1612 147 1700 187 ΙΙΙ.

202 265 381 296 ΒεΜιοτυ
406 268 552 308 aquae,
575 254 648 296 sed
678 254 822 304 etiam,
846 253 898 295 ob
921 254 1011 307 jam
1042 253 1174 293 dictas
1201 252 1399 302 rationes,
1421 266 1511 293 non
1539 252 1629 293 sine
1653 254 1866 307 praesenti

217 309 370 382 ἶζῖῦὲζ
404 323 591 377 periculo
627 328 863 363 sumentur.
939 322 1093 373 Neque
1128 319 1271 359 minus
1306 319 1418 360 male
1449 320 1703 374 quandoque
1737 322 1865 375 poda·

202 395 381 452 W
406 390 529 444 gricis
560 390 672 431 cedit
703 403 907 443 aquarum
942 387 1213 428 mineralium
1245 400 1360 436 usus),
1381 387 1508 427 modo
1542 401 1662 428 senes
1691 388 1865 440 fuerint,

201 454 364 485 minerali-
409 459 473 511 (ut
494 462 595 498 sunt
624 457 902 511 plerumque,)
928 459 970 495 et
1000 454 1158 508 pariter
1185 454 1368 507 corporis
1396 454 1550 494 habitu
1579 454 1866 508 phlegmatico

202 507 392 580 ggssffiggue
405 525 698 578 imbecffloque
711 541 722 574 ;
773 524 818 563 in
852 523 918 562 his
958 521 1073 562 enim
1112 535 1426 574 nonnunquam
1455 522 1649 563 Naturae
1678 523 1786 564 vires
1817 537 1866 565 eo

201 583 382 656 3232&ch
406 607 540 647 usque
561 598 661 633 sunt
682 590 934 631 imminutae
955 604 1002 630 ac
1024 589 1222 639 succisae,
1247 593 1294 629 ut
1315 589 1490 630 omnino
1510 590 1790 631 metuendum
1811 591 1866 632 sit

405 675 460 702 ne
490 665 612 701 tanta
642 658 759 712 copia
790 671 996 711 aquarum
1025 657 1196 711 penitus
1228 657 1464 697 obruantur
1492 671 1539 698 ac
1570 659 1864 700 succumbant.
1928 686 1930 689 -

406 728 503 768 Sive
543 740 639 767 vero
678 726 759 766 hoc
804 725 851 765 in
891 739 1018 766 causa
1062 725 1116 766 sit
1160 738 1296 765 noxae
1338 739 1464 778 quam
1505 725 1654 766 exinde
1694 726 1866 780 capiunt

405 794 598 835 homines
625 793 701 834 tali
724 793 875 834 habitu
906 807 953 834 ac
980 796 1318 846 temperamento
1338 792 1532 845 praediti,
1557 793 1640 833 sive
1667 807 1755 834 non
1786 794 1864 844 sit3
1928 798 1930 802 ’

404 861 512 902 illud
531 861 636 902 mihi
657 860 1039 914 compertissimum
1061 866 1137 911 est,
1158 860 1275 900 haud
1301 874 1468 913 paucOS‚
1491 874 1671 913 quorum
1692 874 1866 915 corpora
1929 900 1931 902 .

406 929 487 970 hoc
514 928 663 969 morbo
683 928 818 969 fracta
849 928 1078 969 admodum
1109 933 1151 968 et
1183 927 1303 980 quasi
1334 927 1527 968 confecta
1546 928 1730 979 fuerant,
1751 928 1866 969 hisce

408 996 526 1050 aquis
546 996 824 1050 interemptos
847 996 958 1037 diem
980 1010 1104 1036 suum
1125 995 1288 1036 obiisse.

473 1064 581 1118 [13.]
618 1064 763 1118 Atque
797 1065 902 1105 haec
938 1078 1081 1104 eorum
1118 1063 1205 1104 fere
1239 1077 1405 1103 summa
1440 1068 1516 1113 est,
1550 1077 1656 1116 quae
1685 1062 1791 1104 mihi
1820 1064 1866 1104 in

407 1132 654 1172 morborum
675 1132 892 1173 curatione
912 1132 1119 1172 hactenus
1139 1131 1427 1180 innotescunt,
1450 1130 1503 1171 ad
1525 1130 1636 1171 diem
1658 1145 1740 1184 quo
1760 1131 1866 1172 haec

409 1199 556 1250 scribo,
601 1199 862 1253 Septembris
913 1199 1070 1241 scilicet
1120 1198 1366 1240 xicesimum
1416 1203 1458 1240 et
1507 1212 1684 1250 nonum,
1735 1200 1865 1240 Anno

410 1267 585 1309 Domim'
608 1268 732 1309 1686.

1022 2083 1229 2125 FINIS.
