1985 3308
238 291 367 322 Fatuus

229 334 380 364 Com-m.

417 179 474 217 48
823 177 1080 218 THOMAE
1115 175 1456 217 SYDENHAM

413 285 542 326 etiam
565 283 753 337 adusque
775 283 1073 324 duodecimum
1087 301 1098 333 3
1134 283 1246 337 quod
1266 282 1312 323 in
1328 282 1411 322 illis
1424 280 1673 335 praesertim
1694 278 1873 328 obtinet,

211 377 395 407 Axxomm
414 352 568 406 quibus
590 352 842 405 sanguinem
871 351 1040 392 demere
1067 365 1155 392 non
1187 351 1334 392 audeo.
1399 350 1509 390 Sunt
1532 348 1660 398 enim,
1683 347 1757 401 qui
1780 353 1875 401 post

234 420 369 450 ’fil-⁵64.
415 421 760 462 Intermittentes
791 420 1061 461 autumnales
1087 419 1186 471 (sive
1208 420 1433 460 Tertianae
1463 418 1624 459 fuerint
1655 417 1766 467 illae,
1789 416 1874 456 sive

211 1041 309 1071 Plura
325 1040 364 1070 de

208 1094 271 1113 usu
288 1093 360 1113 ene-

210 1131 345 1156 matum.

415 490 691 542 Quartanae,)
717 488 923 529 Febribus
946 488 1173 528 Continuis
1195 502 1245 528 ex
1266 487 1532 541 purgationis
1553 486 1598 526 in
1620 484 1874 539 praeceden-

412 558 468 599 tis
489 557 628 598 morbi
648 557 732 597 fine
754 557 923 597 defectu
948 556 1247 609 corripiuntur.
1312 556 1393 596 His
1416 556 1450 595 si
1472 554 1726 607 sanguinem
1749 553 1874 593 mise-

412 627 483 675 ris,
505 626 741 679 periculum
763 630 827 665 est
848 638 903 665 ne
925 624 1212 665 sedimentum
1233 624 1352 674 illud,
1376 623 1488 677 quod
1514 636 1761 676 praegressa
1792 621 1874 661 fer-

413 694 620 735 mentatio
661 692 926 746 deposuerat,
962 692 1008 732 in
1048 706 1231 732 massam
1273 691 1552 746 sanguineam
1591 689 1873 738 resorbeatur‚

413 775 625 815 novasque
649 760 797 801 turbas
823 760 992 801 excitet.
1055 758 1421 800 Venae-sectionis
1446 758 1591 811 itaque
1621 758 1726 807 loco,
1747 756 1874 797 rebus

411 830 473 870 ita
494 843 537 869 se
558 828 830 878 habentibus,
853 827 1104 882 clysteribus
1125 832 1236 876 utor,
1259 831 1301 866 et
1325 826 1494 879 quidem
1518 825 1570 866 ad
1600 825 1713 865 diem
1740 838 1875 878 usque

413 896 725 946 duodecimum,
748 895 873 936 modo
896 909 1020 948 aeger
1042 895 1095 935 sit
1112 894 1295 949 juvenis,
1311 900 1438 947 atque
1453 893 1726 934 fermentatio
1745 892 1875 933 nimis

413 965 610 1006 exaltata.

478 1032 585 1087 [23]
619 1033 689 1085 (2.)
724 1032 889 1072 Verum
921 1046 943 1072 e
968 1031 1194 1081 contrario,
1224 1030 1308 1071 sive
1338 1030 1726 1071 venae-sectionem
1755 1029 1875 1070 adhi-

411 1100 552 1141 bueris
585 1100 670 1141 sive
701 1100 903 1150 omiseris,
937 1100 972 1140 si
1003 1099 1223 1152 sanguinis
1255 1098 1572 1139 effervescentia
1600 1098 1728 1138 nimis
1759 1097 1874 1138 elan·

412 1173 598 1222 guescat,
626 1167 814 1221 adeoque
846 1167 1019 1208 stimulo
1051 1172 1173 1220 egeat
1194 1180 1249 1206 ne
1275 1166 1469 1206 Naturae
1495 1165 1708 1219 juvandae
1737 1165 1876 1218 impar

410 1237 538 1277 fuerit
552 1253 563 1286 3
594 1241 699 1277 tunc
716 1236 912 1289 equidem
933 1250 958 1276 a
979 1235 1230 1289 clysteribus
1252 1235 1381 1275 etiam
1398 1239 1497 1275 ante
1515 1234 1626 1274 diem
1648 1233 1874 1282 decimum,

411 1306 630 1358 multoque
660 1305 796 1357 magis
828 1318 877 1344 eo
908 1304 1204 1357 praeterlapso,
1227 1317 1397 1356 prorsus
1430 1301 1733 1343 abstinendum
1765 1301 1875 1342 arbi-

411 1379 513 1414 tror.
588 1373 804 1414 Quorsum
845 1373 960 1412 enim
996 1372 1209 1426 jacentem
1238 1372 1331 1426 jam
1370 1376 1412 1411 et
1444 1370 1571 1410 nimis
1603 1369 1876 1423 elanguidam

410 1440 784 1481 fermentationem
819 1440 998 1480 ulterius
1032 1453 1296 1493 compescere
1329 1444 1457 1492 atque
1491 1438 1719 1492 reprimere
1750 1452 1875 1478 cona-

412 1509 586 1549 remur?
640 1508 767 1550 Quod
800 1508 835 1548 si
868 1522 965 1548 vero
998 1513 1093 1562 post
1120 1513 1290 1561 tempus
1322 1507 1442 1558 illud,
1475 1507 1520 1547 in
1554 1506 1691 1547 morbi
1722 1520 1877 1560 nempe

413 1577 710 1627 declinatione,
733 1577 984 1631 clysteribus
1013 1576 1158 1627 utaris,
1180 1577 1369 1630 profecto
1390 1590 1478 1617 non
1503 1576 1645 1616 minus
1669 1575 1877 1616 absonum

412 1645 456 1685 id
477 1645 605 1685 fuerit
631 1650 759 1698 atque
781 1644 832 1685 ab
862 1645 979 1685 omni
1007 1645 1172 1685 ratione
1202 1645 1402 1694 alienum,
1427 1658 1555 1697 quam
1585 1644 1620 1684 si
1641 1643 1734 1697 quis
1756 1643 1876 1684 effer-

413 1713 599 1754 vescenti
649 1713 870 1754 cerevisiae
912 1713 1037 1752 nimis
1089 1713 1278 1766 amplum
1329 1713 1586 1766 spiraculum
1637 1712 1875 1766 aperuerit:

413 1781 572 1822 etenim
604 1786 751 1835 aperto
777 1781 849 1821 illo
878 1781 1085 1834 spiraculo
1110 1781 1382 1834 praepeditur
1408 1781 1591 1831 Natura,
1622 1795 1705 1834 quo
1735 1781 1877 1821 minus

413 1850 466 1890 ad
486 1849 727 1890 morbificae
748 1850 950 1889 materiae
973 1850 1280 1902 separationem
1303 1849 1435 1889 unitis
1456 1849 1615 1889 xiribus
1640 1848 1875 1889 incumbat.

420 1919 527 1973 [24]
566 1919 799 1972 Postquam
832 1919 964 1972 igitur
992 1919 1054 1958 vel
1086 1919 1374 1959 mediantibus
1407 1918 1755 1959 evacuatiouibus
1788 1917 1876 1958 ido-

412 1987 503 2027 neis
529 1992 656 2040 atquc
687 1987 936 2041 opportunis
966 2000 1090 2040 aeger
1116 1986 1194 2038 ἔξω
1213 1986 1380 2036 βελῶνι(
1401 1987 1565 2040 positus
1586 1987 1715 2027 fuerit
1745 2000 1876 2040 quan-

412 2060 507 2095 tum
540 2055 593 2095 ad
624 2055 697 2095 illa
729 2060 1016 2109 symptomata
1049 2055 1203 2095 attinet
1239 2069 1346 2108 quae
1380 2069 1429 2095 ex
1466 2055 1598 2095 nimia
1629 2055 1877 2096 ebullitione

413 2128 662 2173 nascuntur,
697 2124 761 2163 vel
801 2123 974 2163 morbus
1002 2123 1093 2176 jam
1131 2123 1429 2173 declinaverit3
1475 2128 1635 2177 quanto
1668 2122 1803 2176 magis
1835 2137 1876 2162 a-

414 2191 605 2231 strictam
625 2191 688 2231 illi
719 2192 859 2231 alvum
880 2191 1143 2245 praestitero,
1166 2197 1290 2232 tanto
1318 2191 1454 2245 magis
1477 2191 1587 2232 eam'
1623 2196 1742 2232 extra
1770 2190 1877 2244 peri-

414 2259 498 2299 culi
520 2259 655 2299 aleam
672 2260 829 2300 colloco
839 2277 850 2310 3
874 2273 1026 2313 nempe
1042 2259 1198 2300 Febrili
1216 2260 1393 2300 materia
1410 2259 1542 2300 adsui
1559 2259 1877 2300 concoctionem

415 2327 598 2368 suaviter
634 2342 681 2368 ac
716 2328 872 2368 blande
905 2328 1210 2382 propendente.
1275 2327 1484 2368 Quocirca
1512 2328 1546 2368 si
1578 2327 1878 2381 praecedentes

414 2396 708 2437 evacuationes
749 2396 1008 2450 sanguineae
1049 2410 1211 2436 massae
1247 2396 1367 2449 quasi
1406 2396 1625 2436 laxitatem
1663 2395 1878 2449 quandam
1926 2418 1929 2419 ν

414 2463 673 2514 induxerint,
705 2465 769 2505 vel
798 2465 999 2505 inducere
1032 2464 1264 2514 minentur,
1297 2464 1362 2504 vel
1395 2478 1520 2518 aeger
1551 2470 1651 2504 ante
1683 2463 1876 2504 debitum

414 2536 582 2586 tempus
614 2532 749 2573 Febre
789 2533 951 2574 levatus
982 2532 1124 2583 fuerit,
1156 2532 1222 2573 vel
1256 2532 1384 2572 etiam
1416 2532 1562 2573 Febris
1595 2532 1649 2572 ad
1681 2532 1878 2572 ultimam

417 2613 536 2640 suam
571 2600 794 2653 periodum
828 2600 1080 2655 pervenerit,
1112 2614 1201 2641 non
1234 2600 1372 2641 solum
1399 2605 1597 2642 enemata
1625 2600 1773 2654 procul
1802 2600 1876 2640 ha-

416 2666 506 2707 beri
536 2668 642 2718 volo,
680 2668 753 2709 sed
786 2674 827 2710 et
856 2668 1145 2709 cardiacorum
1179 2683 1303 2722 opem
1334 2673 1461 2722 atque
1489 2668 1694 2709 auxilium
1725 2682 1876 2722 sugge-

416 2734 598 2775 rendum
619 2736 814 2787 arbitror,
837 2742 964 2790 atque
986 2751 1084 2777 mox
1106 2736 1159 2777 ad
1181 2737 1323 2777 alvum
1345 2737 1696 2790 adstringendam
1717 2740 1876 2776 memet

418 2815 605 2855 accingo.

461 2905 475 2925 k
498 2903 553 2941 ἔξω
565 2904 686 2943 βελῶν]
699 2904 717 2933 1.
728 2912 846 2935 stemma
855 2907 1113 2945 telorumjaetum.
1176 2907 1335 2942 Gaisford‚
1354 2907 1489 2936 Paroem.
1510 2908 1615 2937 Graec.

418 2955 458 2976 sc.
474 2948 503 2975 in
521 2952 600 2976 tuto.-
627 2947 696 2976 vide
711 2947 837 2977 Erasmi
856 2950 955 2988 Adag.
971 2949 988 2978 i.
1002 2951 1030 2979 3.
1043 2950 1092 2978 93.
1107 2963 1112 2982 ς
1219 2947 1226 2967 ¹
1248 2948 1326 2986 eom]
1347 2960 1410 2979 eum
1428 2949 1508 2978 'edd.
1528 2949 1589 2984 ¹66,
1609 2949 1668 2979 '68.
