1985 3308
392 170 447 210 74
794 166 1050 207 THOMAE
1085 163 1425 207 SYDENHAM

211 284 349 315 Faunus
387 275 499 326 ferit,
528 273 645 315 haud
680 277 800 314 vacat
827 273 1039 327 periculo;
1073 273 1307 326 quinetiam
1348 272 1402 312 ad
1435 284 1602 312 menses
1631 269 1751 319 duos,
1780 267 1847 309 vel

190 328 371 400 Ᾱξῖξζζῖξζ,
389 349 488 393 tres,
510 342 619 383 forte
640 341 767 382 etiam
788 341 834 382 in
848 346 1127 394 sequuturum
1140 353 1274 394 usque
1294 353 1366 380 ver
1379 335 1649 393 tyrannidem
1666 340 1845 378 exercet.

215 414 348 443 ‘61-’64.
392 411 559 453 Deinde
574 410 819 452 Quartanae
836 413 879 450 et
899 408 1215 462 periculosiores
1230 412 1330 448 sunt
1345 412 1387 448 et
1403 406 1703 448 obstinatiores
1718 405 1848 458 longe

189 479 375 552 ἓξὲἶξξὲἓθ
393 493 518 534 quam
544 482 644 519 sunt
675 478 771 519 illae
802 477 853 518 (le
885 477 1038 531 quibus
1069 477 1219 517 ultimo
1251 475 1456 516 diximus:
1488 475 1563 516 ubi
1597 474 1709 515 enim
1740 476 1849 513 natu

188 563 235 593 les
252 569 329 594 natu
391 547 636 601 grandiores
665 546 893 599 impetunt,
917 545 1084 586 eosdem
1113 544 1258 598 paucis
1287 543 1425 584 adhuc
1454 541 1715 597 paroxysmis
1739 539 1848 580 mul-

188 607 371 688 {fffi‘ffgfes
389 621 501 657 tatos
523 614 776 669 quandoque
794 614 995 667 jugulant
1010 630 1021 663 3
1055 626 1137 666 quo
1158 613 1203 652 in
1220 625 1320 653 casu
1342 625 1466 665 aeger
1486 615 1676 664 tempore
1697 608 1848 650 exhor-

189 702 250 731 que
262 692 361 732 jugu-
389 683 634 732 rescentiae,
651 683 912 734 ineunteque
935 681 1038 721 adeo
1051 693 1313 734 paroxysmo,
1331 684 1381 719 ut
1402 679 1631 733 pliuimum
1653 676 1846 726 moritur,

190 734 265 764 lant.
391 751 502 805 quod
520 752 607 804 jam
639 751 678 804 [ξ
701 750 760 802 3.]
791 749 966 789 dietum.
1013 748 1138 790 Quod
1161 747 1195 787 si
1217 760 1342 800 aeger
1357 747 1403 787 in
1425 746 1657 787 senectutis
1677 749 1849 786 tantum

387 819 516 859 fuerit
533 817 731 867 confinio,
746 816 929 857 necdum
947 816 1036 869 ejus
1057 815 1188 855 limen
1206 820 1557 868 praetergressus,
1571 813 1671 854 licet
1692 826 1782 853 non
1801 812 1849 852 in

389 887 535 927 eodem
556 889 746 925 versetur
767 883 1009 924 discrimine
1036 897 1091 923 ne
1113 883 1226 923 inter
1250 896 1522 936 paroxysmos
1554 881 1689 936 primo
1717 881 1848 922 laces-

389 961 528 995 sentes
550 954 643 994 luce
664 953 864 1006 privetur,
887 951 1003 992 haud
1030 955 1174 992 tamen
1196 951 1318 991 facile
1341 965 1366 991 a
1387 950 1521 991 Febre
1542 949 1622 991 hac
1644 948 1849 999 elabetur,

388 1021 471 1062 nisi
505 1025 696 1062 vertente
733 1033 859 1070 anno,
897 1023 1208 1073 appetenteque
1248 1018 1321 1059 illo
1360 1023 1552 1072 tempore
1595 1031 1678 1071 quo
1713 1018 1850 1071 primo

389 1089 706 1144 corripiebatur.
768 1089 1092 1142 Nonnunquam
1135 1089 1263 1129 etiam
1300 1088 1489 1129 “haeret
1522 1088 1646 1128 lateri
1681 1086 1851 1128 lethalis

390 1158 595 1208 arund0,'’
621 1156 761 1212 [Virg.
785 1159 887 1197 Aen.
910 1157 963 1197 iv.
989 1155 1078 1212 73]
1111 1171 1189 1197 nec
1221 1157 1306 1197 nisi
1339 1170 1363 1197 a
1393 1160 1529 1196 morte
1555 1153 1852 1209 languescenti

390 1226 618 1266 decutitur.
688 1225 795 1279 [14.]
838 1225 1060 1267 Quartana
1094 1225 1266 1265 interim
1299 1229 1451 1279 typum
1488 1223 1668 1264 subinde
1699 1221 1847 1272 variat,

389 1294 571 1348 plurima
592 1293 718 1334 etiam
746 1293 857 1346 parit
883 1298 1167 1347 symptomata
1180 1310 1191 1343 3
1229 1292 1489 1342 scorbutum,
1521 1291 1653 1345 (verbi
1680 1290 1846 1345 gratia‚)

189 1377 336 1407 Juniores
388 1366 579 1402 ventrem
606 1361 868 1410 induratum,
895 1360 1142 1415 hydropem,
1173 1365 1253 1402 etc.
1317 1360 1517 1401 Juniores
1547 1373 1646 1400 vero
1672 1358 1849 1400 ferendo

190 1420 359 1503 ἓῖζζεῖἐζῇθ
389 1429 488 1470 huic
510 1429 656 1470 morbo
677 1444 798 1483 pares
830 1434 943 1479 sunt,
974 1443 997 1470 a
1029 1443 1110 1482 quo
1142 1442 1452 1482 nonnunquam
1479 1427 1590 1469 circa
1619 1427 1848 1468 solstitium

190 1505 326 1535 solstitio
389 1497 580 1538 brumale
609 1497 860 1547 liberantur,
891 1496 1157 1552 frequentius
1189 1501 1336 1537 tamen
1368 1510 1457 1536 non
1483 1495 1567 1536 nisi
1594 1494 1848 1536 adveniente

187 1548 336 1630 {5233}ss
390 1579 519 1606 verno
581 1565 860 1618 aequinoctio,
918 1565 980 1605 vel
1035 1565 1162 1605 etiam
1220 1570 1427 1605 autumno
1478 1562 1734 1617 insequenti,
1774 1561 1851 1602 ubi

189 1633 362 1715 ggsslsu‘ffigff
391 1634 550 1675 scilicet
584 1634 966 1675 venae-sectionem
1009 1638 1083 1673 aut
1124 1633 1339 1674 catharsin
1383 1632 1644 1673 admiserint.
1714 1631 1850 1684 Saepe

189 1719 234 1748 tio
252 1729 358 1756 verno,
390 1716 479 1743 non
512 1701 602 1743 sine
635 1706 806 1755 stupore
848 1716 940 1742 sum
981 1701 1164 1742 intuitus
1194 1701 1380 1741 infantes
1410 1699 1589 1741 tenellos
1629 1713 1726 1741 cum
1769 1698 1850 1739 hoc

189 1761 375 1835 ssffnitiflrlibe·
393 1769 538 1810 morbo
573 1783 648 1823 per
677 1775 789 1811 totos
822 1783 987 1811 menses
1021 1783 1092 1809 sex
1128 1769 1384 1818 commissos,
1421 1782 1501 1809 nee
1531 1781 1750 1821 oppressos
1785 1770 1849 1806 ta-

393 1852 504 1888 men,
537 1838 610 1878 sed
640 1837 691 1878 de
723 1837 869 1878 eodem
903 1837 1118 1890 (Herculis
1147 1837 1282 1877 instar
1309 1836 1459 1890 pueri,)
1484 1835 1530 1876 in
1557 1835 1678 1876 cunis
1699 1834 1849 1875 trium-

392 1906 586 1959 phantes.

191 1986 373 2017 Quisemel
456 1975 563 2028 [15]
604 1974 688 2015 Hie
724 1974 974 2024 notandum,
1013 1974 1125 2027 quod
1159 1974 1449 2027 cujuscunque
1486 1970 1656 2012 demum
1699 1971 1850 2012 aetatis

188 2028 359 2102 ἓζέἶὲξῖἓῗ
392 2047 466 2083 aut
479 2043 803 2096 temperamenti
817 2042 944 2082 fuerit
965 2042 1000 2082 is
1023 2042 1095 2095 qui
1118 2042 1340 2083 Quartana
1356 2039 1593 2094 corripitur,
1609 2039 1644 2080 si
1661 2039 1850 2093 quolibet

191 2114 240 2162 ri't,
258 2114 344 2144 haud
391 2111 473 2151 alio
505 2111 615 2152 iitae
647 2116 836 2165 tempore
873 2111 953 2164 (vel
986 2110 1114 2151 etiam
1147 2109 1200 2151 ab
1236 2110 1316 2150 hoc
1350 2108 1662 2160 remotissimo,)
1703 2107 1850 2148 eadem

190 2157 354 2230 ‹sigiciuffiga
391 2179 520 2219 semel
549 2179 814 2230 laboraverit,
836 2193 924 2221 non
957 2179 1030 2219 diu
1057 2178 1286 2219 admodum
1314 2192 1411 2219 eum
1438 2176 1624 2218 secunda
1653 2176 1733 2216 hac
1761 2175 1850 2216 vice

188 2242 357 2315 {aigletfflffl-
391 2246 589 2300 fatigabit
610 2247 796 2298 morbus,
820 2247 892 2288 sed
920 2251 1014 2301 post
1036 2261 1191 2300 paucos
1214 2246 1376 2299 aliquot
1397 2257 1670 2299 paroxysmos
1699 2248 1850 2297 sponte

392 2330 468 2356 sua
489 2316 673 2356 solvetur
686 2332 698 2366 3
736 2315 849 2369 quod
871 2315 980 2356 scitu
1002 2315 1178 2368 dignum
1203 2319 1306 2355 erat.

190 2401 318 2433 Ismen-
457 2383 564 2437 [16]
594 2383 1008 2443 Intermittentium?
1024 2387 1165 2423 autem
1182 2381 1432 2423 Vernalium
1453 2379 1715 2421 curationem
1738 2377 1851 2432 quod

189 2454 359 2518 ss'lss'fflsffgn
394 2456 569 2505 spectat,
591 2451 688 2492 lieet
710 2451 802 2492 illas
825 2465 900 2492 suo
922 2464 1087 2506 semper
1108 2450 1282 2490 arbitrio
1303 2446 1612 2504 permittendas
1637 2445 1848 2487 existima-

190 2539 324 2560 mnam
393 2518 536 2569 verim,
574 2524 617 2560 et
647 2519 757 2559 nihil
786 2532 957 2574 prorsus
992 2517 1261 2566 movendum,
1303 2518 1414 2570 (eum
1449 2528 1575 2556 nemo
1612 2514 1848 2569 quisquam,

190 2572 366 2662 33¹5}
395 2587 507 2640 quod
538 2587 679 2638 sciam,
711 2601 856 2628 earum
890 2601 1078 2640 unquam
1114 2599 1242 2642 opera
1277 2585 1373 2626 fatis
1411 2582 1664 2625 concesserit
1677 2599 1689 2633 ;
1722 2586 1849 2635 atque

191 2675 375 2704 mutesve„
394 2668 444 2694 ex
472 2654 656 2705 adverso,
680 2656 752 2708 qui
779 2656 872 2696 illas
901 2655 1070 2709 abigere
1098 2658 1358 2708 sategerunt,
1379 2652 1576 2694 remediis
1599 2649 1850 2706 praesertim

188 2716 352 2789 ξξὲξξήῗῑῡ
394 2723 707 2773 evacuantibus,
725 2723 770 2763 id
790 2727 961 2764 tantum
983 2723 1160 2775 egerint,
1179 2727 1227 2763 ut
1248 2721 1419 2762 morbus
1440 2720 1541 2761 inde
1562 2717 1850 2760 confirmatior

188 2802 308 2841 possint
393 2789 649 2844 pertinacius
671 2790 924 2843 obsisteret,)
950 2790 985 2831 si
1006 2795 1152 2831 tamen
1172 2790 1417 2845 importuna
1445 2787 1561 2841 aegri
1580 2785 1849 2841 impatientia

188 2850 373 2917 ξξᾞζζζζζζί-
394 2857 554 2898 Medici
576 2872 697 2913 opem
720 2859 873 2900 obnixe
896 2858 1111 2912 efflagitet,
1130 2858 1474 2899 Intermittentes
1495 2855 1702 2896 Vernales
1723 2853 1848 2894 variis

188 2938 261 3001 {¹8⁶¹}ss
272 2930 370 2969 jugu‘
435 2945 447 2960 ¹
471 2943 592 2972 Interm.
612 2942 680 2982 ᾇτ’]
699 2944 766 2973 Has
783 2946 883 2983 ilnque
901 2945 1012 2974 Febres
1030 2945 1265 2974 Intermitlentes
1279 2945 1373 2973 variis
1388 2944 1481 2973 modis
1498 2942 1546 2981 ἅτ.
1563 2940 1631 2971 edd.
1650 2939 1713 2977 ³66,
1730 2939 1791 2969 ⁸68.
