1985 3308
23 175 25 179 ·
11 0 31 158 *ἥθ’-’ξ

406 986 826 1045 EDITORIS
895 983 1325 1041 MONITUM.

762 1158 970 1182 &4-

197 1283 371 1351 QUID
397 1292 443 1333 in
473 1292 553 1333 hac
583 1306 692 1333 nova
713 1291 900 1332 Thomae
924 1289 1169 1343 Sydenham
1191 1289 1381 1343 Operum
1411 1288 1596 1330 editione

138 1369 384 1411 adornanda
413 1370 710 1424 praestiterim,
744 1383 903 1422 aequus
932 1368 1096 1421 judicet
1130 1368 1306 1417 Lect0r5
1345 1367 1446 1420 quid
1479 1381 1597 1420 prac-

140 1451 251 1489 stare
272 1449 488 1499 voluerim,
511 1448 580 1489 hic
600 1448 785 1489 breviter
807 1461 1029 1501 exponam.

197 1602 399 1656 Inprimis
424 1603 470 1642 in
496 1602 638 1642 animo
661 1608 750 1643 erat
776 1607 941 1643 textum
965 1601 1163 1642 exhibere
1193 1616 1216 1642 a
1244 1601 1423 1651 mendis,
1447 1600 1600 1654 quibus

139 1685 304 1721 scatent
340 1680 548 1721 editiones
580 1694 780 1734 nuperae,
817 1695 943 1734 quam
979 1681 1099 1734 potui
1127 1680 1414 1734 purissimum.
1473 1679 1601 1721 Quod

140 1763 190 1798 ut
231 1759 451 1809 efficerem,
490 1758 543 1799 ad
583 1759 781 1812 antiquas
823 1764 864 1799 et
907 1759 1115 1812 genuinas
1157 1757 1474 1799 ascendendum
1511 1761 1601 1798 erat

141 1836 359 1886 editiones,
394 1850 487 1877 eam
522 1837 746 1890 praecipue
783 1851 910 1890 quam
947 1837 1152 1890 cujusque
1182 1836 1406 1876 Tractatus
1440 1840 1600 1888 postre-

140 1927 254 1954 mam
282 1915 447 1954 Auctor
475 1914 614 1955 adhuc
643 1915 762 1955 vivus
793 1916 1005 1956 recensuit
1020 1932 1031 1965 ;
1063 1897 1203 1967 nedue
1235 1913 1286 1954 ab
1318 1913 1383 1953 his
1410 1927 1601 1967 unquam

141 1994 276 2035 sciens
297 1995 462 2045 recessi,
479 1995 561 2035 nisi
583 1995 618 2035 si
640 1995 810 2048 quando
832 1995 1110 2036 manifestum
1135 1999 1374 2035 occurreret
1395 1994 1601 2034 mendum

141 2072 510 2124 typographicum,
531 2073 597 2112 vel
622 2073 851 2114 memoriae
879 2073 1002 2126 lapsu
1029 2073 1117 2126 ipse
1148 2072 1403 2125 peccavisset
1424 2072 1600 2112 Auctor.

146 2149 265 2190 Sicut
292 2154 439 2190 tamen
459 2150 623 2190 Auctor
645 2150 914 2191 Clarissimus
945 2151 1125 2191 eandem
1150 2164 1294 2191 vocem
1321 2165 1409 2190 non
1438 2164 1602 2203 semper

143 2227 294 2267 eodem
336 2227 461 2268 modo
502 2228 681 2281 scripsit,
724 2228 782 2268 sic
822 2229 911 2282 ipsc
951 2229 1130 2268 fortasse
1170 2242 1258 2268 non
1299 2228 1456 2280 ubique
1496 2228 1601 2267 mihi

146 2304 384 2345 constitisse
411 2305 626 2353 inveniam
658 2306 704 2346 in
733 2320 814 2359 quo
846 2306 879 2346 si
911 2305 1173 2358 deliquerim,
1197 2305 1335 2345 fraudi
1363 2305 1443 2345 fuit
1473 2305 1601 2346 editio

133 2395 291 2422 recens
319 2382 575 2423 Germanica
603 2397 730 2436 quam
755 2383 1019 2437 typographo
1044 2384 1200 2424 tradidi
1231 2384 1277 2423 in
1301 2398 1467 2434 manus,
1495 2398 1602 2437 quae

149 2464 310 2500 sextam
331 2460 417 2501 fere
438 2465 602 2514 partem
622 2462 920 2503 vocabulorum
943 2463 1063 2502 aliter
1085 2467 1211 2515 atque
1233 2462 1284 2502 ab
1306 2462 1397 2515 ipso
1414 2463 1601 2503 Auctore

145 2539 344 2592 scriptam
365 2539 586 2580 referebat.

201 2693 351 2734 Textui
373 2694 518 2736 breves
535 2696 906 2738 adnotatiunculas
929 2697 1100 2751 subjeci,
1120 2711 1297 2750 quarum
1315 2697 1418 2737 aliae
1438 2696 1600 2750 Syden-

142 2772 334 2813 hamium
365 2788 389 2813 a
420 2787 463 2814 se
493 2774 582 2828 ipso
610 2775 834 2826 illustrare,
865 2776 969 2817 aliae
998 2791 1118 2817 voces
1150 2781 1224 2817 aut
1251 2777 1422 2830 phrases
1455 2776 1599 2816 diffici-

142 2850 266 2892 liores
298 2856 371 2892 aut
398 2852 684 2894 inusitatiorcs
721 2854 958 2907 explanare,
990 2859 1200 2895 conantur
1214 2873 1224 2905 ;
1278 2860 1319 2895 et
1351 2869 1454 2908 quas
1485 2855 1599 2894 haud

143 2928 317 2969 omnino
339 2930 492 2971 otiosas
514 2936 587 2971 aut
608 2932 782 2972 inutiles
803 2932 968 2972 futuras
992 2947 1125 2986 spero.
