1985 3308
260 159 781 204 OBSERVATIONUM
814 159 1191 200 MEDICARUM
1228 166 1256 198 I.
1283 170 1315 198 5.
1460 162 1513 203 79

59 273 192 311 tatem
213 269 404 310 obtinere
426 267 582 308 debent
608 266 791 320 liquores
814 265 1049 317 memorati,
1072 270 1121 307 ut
1149 266 1322 320 spiritus
1343 279 1513 319 prorsus
1558 276 1694 307 anmzs

59 337 242 378 obruant
263 335 598 390 opprimantque,
622 333 726 374 adeo
747 337 795 374 ut
815 347 903 373 non
925 333 1100 374 omnino
1116 338 1379 374 moveantur.
1533 319 1715 393 Ᾱζῖξζζῖῖζ,

123 404 232 458 [27]
272 403 352 444 His
368 401 494 457 jactis
509 401 815 451 fundamentis,
835 401 957 454 (quae
979 400 1149 454 quidem
1171 401 1314 442 nescio
1331 416 1385 442 an
1407 401 1512 452 aliis,
1560 404 1716 452 ’61:644

57 471 163 513 mihi
176 475 288 512 certe
304 470 468 511 ratione
484 484 572 510 11011
586 468 900 510 contemnenda
914 468 992 509 niti
1010 468 1238 522 videntur)
1256 469 1412 509 mirum
1426 483 1514 510 non
1532 458 1717 532 {ffiffifft'efnn

58 541 138 582 erit
159 539 193 580 si
213 539 295 580 illis
315 553 404 579 non
421 538 546 578 aliam
567 536 766 578 medendi
787 536 1039 577 methodum
1061 541 1362 590 superstruam,
1387 552 1514 591 quam
1531 548 1577 572 tes
1594 553 1693 598 {⁶⁸un

57 607 230 662 quaein
261 606 467 647 Febribus
490 605 716 646 Continuis
744 604 798 645 ad
829 604 1163 659 despumationis
1189 605 1381 646 debitum
1409 619 1513 659 opus
1531 586 1694 658 ffissfffib

55 675 137 716 rite
157 674 461 729 perficiendum
487 672 729 714 adhibenda
753 672 967 713 videaturr
978 689 991 722 3
1024 686 1121 713 cum
1146 673 1350 714 nimirum
1371 674 1468 714 illae
1490 688 1515 714 a
1531 676 1679 744 xffiaceu·

57 743 284 785 Continuis
315 742 434 783 nullo
466 741 709 782 discrimine
741 741 1034 795 sejungantur,
1062 741 1096 782 si
1127 741 1320 782 ordinem
1351 746 1513 796 spectes
1531 767 1611 796 quae
1628 757 1668 786 ad

57 821 139 866 quo
166 812 336 852 Natura
356 809 587 851 earundem
617 808 840 850 materiam
871 810 1078 863 expellere
1107 810 1225 861 solet,
1249 810 1407 851 scilicet
1439 824 1514 864 per
1531 799 1716 882 ἓῐῗξὲᾚης

56 879 416 921 effervescentiam
448 883 563 919 certa
592 876 766 931 periodo
801 877 1174 931 comprehensam:
1207 878 1286 919 etsi
1318 878 1430 935 quod
1460 878 1514 919 ad
1530 885 1698 933 perficiem·

56 958 202 988 earum
224 946 418 1001 speciem,
441 950 567 1000 atque
588 950 768 986 naturae
788 946 1092 999 proprietatem
1114 946 1282 997 attinet,
1304 946 1397 987 illas
1426 950 1468 988 et
1490 961 1514 987 a
1531 927 1716 1001 ssgsst'ssfssu‘

55 1014 294 1064 Continuis,
327 1019 370 1055 ct
398 1028 423 1054 a
452 1027 496 1054 se
526 1013 708 1054 invicem
738 1013 971 1067 plurimum
1003 1013 1171 1054 differre
1200 1027 1290 1054 non
1318 1013 1512 1055 diffitear.

54 1081 208 1135 Itaque
228 1082 293 1122 vel
323 1081 573 1122 methodum
597 1095 680 1134 qua
712 1094 755 1121 se
779 1081 951 1121 Natura
977 1081 1157 1122 liberare
1179 1081 1231 1122 ab
1259 1081 1340 1122 1100
1365 1081 1514 1123 11101ὒο

54 1151 173 1201 solet,
195 1156 318 1192 caute
340 1151 585 1204 soliciteque
610 1150 884 1201 observando,
907 1150 1113 1191 indicium
1139 1165 1304 1192 sumere
1333 1156 1513 1206 oportet,

55 1232 138 1273 quo
157 1218 530 1259 fermentationem
552 1217 747 1258 obortam
772 1218 1067 1269 acceleremus,
1091 1223 1218 1272 atque
1245 1219 1307 1259 ita
1327 1219 1381 1260 ad
1402 1219 1513 1260 sani-

53 1288 188 1326 tatem
219 1299 365 1338 aegros
395 1285 676 1338 perducamus
691 1301 702 1335 3
734 1285 801 1325 vel
830 1285 876 1325 in
906 1285 1042 1338 ipsam
1073 1299 1244 1326 causam
1275 1287 1513 1340 specificam

52 1352 328 1407 penetrando,
371 1352 511 1393 danda
552 1353 631 1393 erit
679 1365 807 1406 opera
855 1356 905 1393 ut
944 1353 1142 1393 remediis
1183 1354 1422 1394 efficacibus
1463 1369 1511 1395 ac

54 1420 255 1475 specificis
285 1420 433 1461 morbo
461 1420 627 1461 obviam
656 1425 789 1461 eatur.
858 1420 966 1474 [28]
1003 1421 1073 1461 Ab
1104 1420 1258 1462 horum
1287 1422 1513 1463 alterutros

52 1488 332 1529 indicationes
354 1488 585 1529 sumendae
618 1492 732 1529 sunt.
794 1488 888 1542 Ego
914 1493 1141 1542 utramque
1161 1490 1274 1530 viam
1294 1489 1510 1544 ingressus

54 1556 280 1610 aliquando
306 1556 382 1607 fui,
405 1562 532 1610 atque
558 1556 704 1597 illaesa
728 1555 807 1609 (uti
834 1556 1010 1610 opinor,)
1044 1558 1298 1598 verecundia
1322 1558 1512 1611 profiteri

52 1637 225 1679 possum
245 1638 334 1665 non
365 1624 455 1664 sine
481 1638 648 1665 summa
679 1638 781 1665 cura
801 1628 928 1678 atque
959 1625 1198 1666 attentione
1230 1626 1362 1666 animi
1390 1626 1510 1667 inde-

51 1691 186 1743 fessa3
218 1693 292 1733 sed
311 1693 505 1733 nondum
527 1706 620 1733 eam
642 1693 890 1733 felicitatem
911 1693 1090 1747 adeptus
1111 1709 1206 1735 sum
1226 1698 1276 1735 ut
1296 1695 1511 1735 Autumni

0 1767 1 1770 ’
53 1760 208 1802 Febres
229 1761 572 1802 Intermittentes
594 1765 710 1802 certa
730 1761 871 1816 aliqua
890 1762 1010 1816 praxi
1031 1766 1157 1816 atque
1183 1763 1426 1804 medicandi
1445 1778 1510 1804 ra-

51 1829 169 1870 tione
188 1829 337 1870 tollere
357 1829 527 1883 possim,
551 1834 780 1883 antequam
803 1834 934 1870 statas
954 1830 1047 1871 illas
1068 1830 1418 1872 fermentationes
1444 1831 1511 1886 (de

54 1897 207 1951 quibus
235 1911 361 1951 supra
388 1897 431 1952 [ξ
455 1899 509 1938 23
532 1898 612 1951 sq.]
643 1897 776 1938 locuti
803 1899 979 1952 sumus,)
1010 1899 1265 1952 peregerint,
1292 1904 1512 1954 utcunque

53 1965 280 2006 molestum
295 1965 375 2005 hoc
395 1964 736 2006 febricitantibus
756 1965 962 2016 videatur,
986 1966 1058 2020 qui
1079 1980 1263 2020 eousque
1284 1967 1511 2009 sanitatem

54 2046 173 2073 suam
199 2037 419 2086 expectare
444 2032 567 2073 inviti
595 2038 819 2086 coguntur.
882 2034 1045 2074 Revera
1069 2038 1212 2074 autem
1243 2034 1373 2088 siquis
1398 2036 1512 2076 inter

54 2101 253 2141 mortales
293 2100 541 2154 reperiatur,
584 2101 667 2153 qui,
711 2100 795 2140 sive
835 2101 1035 2142 methodo
1076 2101 1218 2155 aliqua
1257 2107 1384 2153 certa,
1427 2103 1512 2143 sive

53 2167 239 2209 remedio
267 2168 459 2221 specifico
488 2168 691 2218 adhibito,
715 2167 914 2208 Febrium
945 2167 1097 2208 harum
1123 2169 1512 2210 Intermittentium

53 2249 224 2277 cursum
260 2249 348 2276 non
379 2235 513 2275 solum
544 2235 749 2285 inhibere,
783 2235 856 2275 sed
892 2235 1020 2276 etiam
1057 2237 1231 2277 omnino
1264 2237 1512 2291 abrumpere

53 2304 170 2345 novit
183 2320 195 2354 ς
228 2303 416 2344 existimo
439 2317 531 2344 eum
555 2303 668 2344 omni
691 2304 786 2357 jure
812 2304 961 2354 teneri,
983 2309 1032 2345 ut
1052 2304 1238 2346 humano
1260 2305 1405 2359 generi
1425 2319 1512 2347 rem

51 2371 165 2412 illam
188 2384 447 2425 summopere
469 2371 746 2425 expetendam
768 2371 1018 2425 patefaciat:
1053 2372 1164 2426 quod
1186 2373 1220 2413 si
1241 2387 1329 2413 non
1349 2373 1510 2424 fecerit,

54 2452 133 2493 ego
147 2439 266 2480 illum
286 2453 365 2480 nec
381 2439 485 2480 boni
506 2439 618 2490 civiS,
633 2453 712 2480 nec
732 2439 956 2493 prudentis
972 2441 1050 2481 viri
1070 2455 1225 2482 nomen
1246 2441 1396 2482 mereri
1415 2455 1511 2495 pro-

52 2507 256 2548 nunciare
279 2507 436 2557 ausim3
462 2521 599 2561 neque
621 2507 731 2548 enim
754 2507 854 2548 civis
875 2507 977 2548 boni
999 2512 1076 2559 est,
1090 2508 1196 2548 illud
1216 2509 1262 2548 in
1283 2522 1368 2550 rem
1393 2522 1511 2550 suam

52 2579 227 2626 vertere,
262 2575 374 2629 quod
414 2576 495 2616 toti
531 2575 677 2629 generi
719 2575 905 2616 humano
940 2580 1026 2616 tam
1066 2576 1219 2628 ingens
1258 2575 1510 2617 beneficium

53 2647 246 2697 apportet
259 2659 271 2694 ς
302 2657 381 2684 1100
421 2643 499 2684 viri
538 2643 774 2697 prudentiS,
816 2643 973 2684 Divina
1014 2643 1320 2685 Benedictione
1360 2649 1510 2686 semet-

51 2709 188 2766 ipsum
214 2711 390 2766 privare,
414 2726 537 2766 quam
566 2726 591 2752 a
620 2712 790 2753 Summa
818 2712 1019 2753 Bonitate
1043 2713 1189 2753 liceret
1218 2716 1451 2767 expectare,
1474 2713 1509 2753 si

51 2778 108 2820 ad
135 2779 350 2834 publicum
381 2779 538 2821 bonum
568 2779 896 2834 promovendum
930 2794 974 2821 se
1005 2779 1257 2834 accingeret.
1321 2781 1507 2822 Honoris

98 2894 112 2915 *ἱ
134 2893 245 2922 Febres
261 2891 331 2932 Suc]
349 2902 408 2923 om.
427 2893 476 2923 ed.
494 2893 554 2925 ’76.
855 2896 865 2911 ⁸
888 2892 1052 2933 alterutro]
1071 2895 1167 2924 allero
1182 2893 1251 2924 edd.
1270 2894 1332 2930 ¹66,
1351 2894 1411 2924 ’68.

97 2937 109 2951 ‘
129 2933 282 2974 videatur]
302 2937 419 2965 videtur
434 2936 502 2967 edd.
521 2936 583 2972 ³66,
603 2935 665 2965 ⁹68.
