1985 3308
268 283 369 312 Vl'rA.

230 666 279 696 De
296 665 383 695 Tabe

427 170 494 211 xvi
651 167 789 210 THO.
824 163 1166 208 SYDENHAM
1197 163 1397 205 OPERA
1429 161 1648 204 OMNIA.

653 274 858 307 DELETIS
881 272 1086 304 VETERIS
1112 270 1389 302 SEPULCHRI
1412 269 1662 308 VESTIGIIS,

789 339 853 370 NE
880 337 963 369 REI
990 335 1222 368 MEMORIA
1247 334 1526 372 INTERIRET,

679 404 773 434 HOC
799 401 1014 433 MARMOR
1037 400 1151 430 PONI
1176 399 1333 430 JUSSIT
1359 399 1648 430 COLLEGIUM

624 467 820 501 REGALE
846 465 1147 498 MEDICORUM
1172 464 1487 495 LONDINENSE
1512 464 1599 496 A.D.
1620 465 1710 496 1810.

956 530 1138 562 OPTIME
1164 530 1365 561 MERITO.

495 623 605 678 [19.]
644 620 792 662 Paullo
814 624 914 660 ante
935 623 1117 660 mortem
1138 617 1294 659 tabidis
1312 631 1479 673 quoque
1494 618 1732 673 prospicere
1754 617 1894 659 adhuc

228 708 376 738 libellum
431 691 626 746 cupiebat
638 707 650 741 ς
683 689 843 730 etenim
864 687 976 742 apud
1005 687 1198 728 animum
1220 688 1514 738 constituerat,
1537 702 1596 738 ea,
1620 701 1727 741 quae
1753 687 1895 741 ipsum

229 752 370 792 parabat,

230 794 285 824 sed
301 804 362 824 non

229 838 371 878 perfecit.

236 1208 302 1245 Pio,
320 1208 413 1237 benc-

234 1251 318 1286 volo,
333 1261 407 1280 can-

235 1295 371 1332 didoque

237 1342 302 1367 erat
319 1337 389 1366 ani-

236 1391 298 1410 mo.

433 761 572 814 ampla
593 757 852 812 experientia
870 756 922 797 de
943 756 1246 810 praecavendo,
1262 756 1475 807 leniendo,
1494 762 1535 797 et
1558 755 1745 797 curando
1765 756 1896 797 hocce

433 829 592 879 morbo,
614 829 661 869 in
681 827 840 881 Anglia
860 826 1091 868 admodum
1117 826 1344 880 frequenti,
1367 826 1582 877 docuerat,
1603 826 1650 867 in
1675 826 1817 867 libello
1844 826 1897 867 de

432 898 594 953 phthisi
613 895 770 951 publici
785 894 893 949 juris
914 895 1064 936 facere.
1119 894 1202 935 Sed
1222 908 1312 935 non
1327 894 1409 935 nisi
1428 894 1670 949 fragmenta
1690 894 1898 949 quaedam

434 966 488 1007 ad
515 980 583 1006 eas
611 978 677 1006 res
704 963 976 1018 pertinentia,
1009 977 1112 1017 quas
1143 962 1189 1003 in
1218 962 1355 1017 primo
1385 962 1523 1004 morbi
1548 963 1684 1004 stadio
1715 962 1898 1016 aegrotis

433 1035 641 1090 proficuas
681 1037 909 1086 repererat,
944 1031 997 1072 ab
1033 1031 1184 1072 eodem
1223 1032 1313 1073 viro
1353 1031 1521 1073 erudito
1563 1031 1635 1086 qui
1675 1033 1900 1073 Processu-3·

434 1105 621 1156 Inteyros·
642 1101 787 1152 edidit,
810 1100 1008 1154 evulgata
1029 1105 1144 1141 sunt.

501 1169 612 1226 [20]
646 1169 794 1212 Qualis
829 1169 1131 1223 Sydenhamio,
1158 1166 1344 1219 Medico,
1372 1168 1501 1210 fuerit
1527 1168 1705 1220 indoles,
1728 1183 1779 1210 ex
1809 1168 1901 1223 ejus

438 1239 603 1293 scriptis
619 1242 756 1292 patet3
782 1251 887 1291 quae
902 1236 1237 1277 luculentissime
1252 1236 1448 1291 probant,
1465 1237 1579 1278 illius
1597 1237 1902 1292 experientiam

437 1313 653 1355 Medicam
672 1326 762 1353 non
783 1311 915 1352 solam
946 1315 988 1351 et
1018 1311 1189 1351 unicam
1216 1311 1345 1351 fuisse
1375 1311 1591 1361 virtutem,
1615 1325 1698 1365 qua
1718 1310 1902 1365 reliquos

439 1395 540 1422 suae
572 1380 722 1422 aetatis
755 1379 948 1420 Medicos
983 1379 1169 1419 multum
1203 1378 1441 1433 superabat.
1504 1380 1718 1420 Benevolo
1758 1379 1902 1420 candi-

440 1451 577 1503 doque
610 1449 752 1489 animo
781 1453 869 1488 erat
886 1465 896 1498 3
930 1461 1036 1501 quae
1073 1448 1164 1488 aliis
1195 1448 1419 1501 profutura
1449 1462 1538 1489 esse
1569 1452 1707 1500 norat,
1736 1462 1786 1489 ea
1814 1462 1904 1489 non

439 1518 680 1558 invidorum
701 1530 818 1557 more
846 1516 926 1556 sibi
951 1520 1123 1556 tantum
1149 1516 1355 1567 servabat,
1379 1516 1453 1557 sed
1472 1516 1636 1558 liberali
1657 1517 1784 1558 modo
1805 1531 1904 1558 cum

442 1586 533 1627 aliis
565 1583 917 1626 communicabat.
981 1584 1193 1637 Religiose
1228 1585 1408 1625 DEUM
1444 1585 1622 1637 colebat,
1645 1585 1780 1640 Cujus
1802 1599 1904 1640 quo·

441 1654 521 1695 ties
546 1653 810 1694 mentionem
840 1652 989 1707 injicit,
1012 1667 1179 1693 summa
1207 1666 1305 1694 cum
1335 1653 1573 1694 reverentia
1597 1654 1719 1694 Illius
1740 1653 1905 1708 praedi-

443 1728 511 1764 cat
531 1736 689 1764 nomen
702 1739 713 1773 3
745 1727 787 1763 et
809 1736 833 1763 a
855 1721 952 1764 Quo
978 1722 1138 1762 derivat
1161 1722 1361 1775 quicquid
1384 1722 1486 1763 boni
1508 1736 1530 1763 e
1552 1737 1628 1763 sua
1649 1723 1908 1777 experientia

443 1792 615 1832 Medica
643 1792 690 1832 in
723 1791 902 1832 aliorum
935 1790 1163 1831 sanitatem
1194 1790 1508 1832 redundaverit.
1569 1791 1691 1832 Nihil
1721 1791 1908 1846 praecla-

441 1862 529 1902 rius
562 1861 863 1915 antiquiusque
902 1860 1100 1911 habebat,
1135 1875 1262 1913 quam
1293 1860 1483 1901 humano
1524 1861 1671 1915 generi
1703 1876 1780 1902 sua
1812 1875 1906 1902 eru-

444 1930 605 1971 ditione
631 1943 789 1983 suoque
810 1929 928 1969 Artis
953 1928 1159 1969 Salutaris
1187 1943 1266 1969 usu
1294 1929 1525 1970 utilitatem
1547 1929 1723 1970 adferre.
1785 1929 1906 1970 Tunc

445 2012 489 2039 se
520 1998 703 2039 maxime
735 1997 901 2038 felicem
933 1996 1217 2051 praedicabat,
1255 2011 1352 2037 cum
1383 1996 1495 2037 viam
1521 2010 1568 2038 ac
1599 1998 1812 2038 rationem
1841 1997 1906 2038 in-

443 2068 606 2108 venisse
628 2066 707 2107 sibi
726 2066 951 2116 videretur,
967 2080 1049 2119 qua
1068 2064 1328 2115 morborum,
1347 2065 1418 2118 qui
1437 2065 1667 2106 maximam
1682 2066 1907 2107 hominum

445 2141 631 2189 stragem
661 2135 783 2175 edere
817 2134 1022 2185 solebant,
1056 2134 1273 2174 saevitiam
1305 2137 1510 2185 coercere,
1541 2134 1906 2188 plurimorumque

443 2204 667 2244 hominum
687 2203 818 2244 vitam
840 2203 1149 2256 sanitatemque
1169 2206 1335 2256 poterat
1357 2216 1616 2244 conservare.
