1985 3308
626 134 972 177 TRACTATUS
1005 134 1068 176 ΙΙ.
1486 136 1569 177 475

114 253 242 294 quam
262 241 375 283 bona
403 243 486 284 fide
506 241 665 283 fuerint
686 242 881 292 traditae,
904 241 1018 282 haud
1041 240 1163 281 aliter
1184 239 1300 290 sciet,
1324 253 1450 293 quam
1472 241 1507 280 si
1527 240 1572 280 in
1612 249 1666 279 Dm
1685 249 1757 278 Hx*-

113 321 259 349 earum
289 310 408 363 praxi
435 310 564 351 fuerit
591 314 796 360 versatus,
829 323 877 349 ac
901 308 1078 362 perinde
1109 308 1156 347 in
1189 307 1448 348 observando
1480 307 1571 347 dili-

112 389 216 428 gens
242 392 289 418 ac
316 378 505 419 curiosus
534 378 771 431 explorator
801 382 928 430 atque
960 390 1037 430 ego
1065 375 1181 429 prius
1208 375 1386 415 fueram.
1446 375 1506 415 At
1538 375 1573 414 si

111 443 156 483 in
177 445 320 497 paucis
340 445 390 485 iis
413 460 519 499 quae
541 445 698 499 scripsi,
715 445 941 494 Naturam,
958 458 1026 484 me
1048 443 1167 497 quasi
1182 457 1315 484 manu
1331 443 1572 493 ducentem,

111 512 286 553 omnino
322 517 492 553 secutus
528 513 694 563 fuerim,
726 512 886 553 nullius
913 526 1105 565 unquam
1131 511 1315 552 hominis
1352 510 1572 563 (quantus-

111 592 279 632 cunque
303 580 337 619 is
366 580 539 620 demum
568 580 650 632 sit,)
676 579 992 633 opinationibus
1023 593 1092 619 me
1124 578 1337 628 addicens,
1359 591 1435 631 pro
1457 582 1572 618 certo

108 645 244 686 habco
266 647 488 699 sapientes,
513 652 720 700 quotquot
743 651 855 697 sunt,
878 647 1046 687 veniam
1070 646 1176 686 mihi
1198 646 1348 686 saltem
1371 645 1571 695 ‹laturos;

111 727 215 766 quos
232 718 274 754 et
294 714 425 754 latere
446 729 533 755 non
554 719 706 768 potest,
730 715 813 754 duo
835 729 924 754 esse
946 715 1171 755 hominum
1193 727 1361 768 genera,
1385 713 1457 766 qui
1478 727 1572 766 pro-

109 780 270 821 fectum
302 795 474 822 omnem
505 782 551 821 in
582 782 689 822 Arte
721 782 893 822 Medica
924 796 974 822 cx
1005 796 1138 835 aequo
1173 781 1402 835 prohibent
1434 781 1572 821 suffla-

108 847 373 901 minantque.
443 848 553 903 [44]
599 849 792 889 Primum
832 850 863 889 ii
904 855 1019 900 sunt,
1063 850 1148 902 qui,
1190 850 1360 889 nullum
1400 862 1572 901 prorsus

109 915 348 969 symbolum
380 915 433 956 ad
464 930 558 956 eam
579 930 707 970 quam
735 918 991 970 profitentur
1013 917 1167 958 Artem
1199 917 1474 958 excolendam
1493 916 1574 970 ipsi

109 983 387 1034 conferentes,
409 983 492 1023 illis
522 990 774 1024 succensent
807 985 881 1038 qui
909 985 975 1025 vel
1000 985 1229 1025 minimum
1250 985 1440 1025 conferre
1460 984 1573 1025 vide-

109 1055 239 1092 antur
253 1068 265 1102 ;
298 1052 488 1092 defectus
527 1052 701 1093 interim
738 1067 834 1093 suos
868 1057 995 1106 atque
1038 1053 1272 1094 socordiam
1312 1053 1574 1093 reverentiae

110 1133 238 1173 quam
273 1120 582 1173 antiquioribus
617 1120 658 1173 (a
694 1120 847 1174 quibus
878 1135 933 1161 ne
963 1121 1101 1161 latum
1132 1135 1326 1174 unguem
1360 1120 1574 1160 discedere

109 1189 300 1242 audent,)
332 1189 476 1230 deberi
504 1189 783 1240 contendunt,
811 1190 948 1244 specie
975 1195 1284 1244 praetexentes.
1358 1190 1573 1232 Quorsum

107 1271 207 1299 vero
246 1258 430 1311 reliquas
466 1263 578 1299 artes
619 1273 779 1310 omnes,
823 1274 929 1312 quae
970 1260 1164 1301 homines
1205 1260 1346 1301 minus
1386 1265 1575 1313 tangunt

104 1327 355 1381 juvantque,
377 1342 534 1381 magna
553 1326 819 1368 incrementa
840 1328 1068 1380 sumpsisse
1088 1328 1311 1378 fateamur,
1334 1328 1463 1368 etiam
1484 1328 1574 1368 sine

108 1395 197 1435 ulla
225 1395 461 1448 priscorum
490 1395 715 1435 hominum
742 1394 911 1448 injuria,
935 1395 1067 1435 solam
1088 1400 1233 1435 autem
1255 1395 1472 1435 Medicam
1493 1409 1574 1434 un-

109 1461 238 1516 dique
256 1462 488 1515 perfectam
511 1462 802 1502 existimemus
821 1462 838 1502 ’.Ρ
896 1462 970 1502 An
997 1476 1086 1502 non
1113 1462 1302 1502 certioris
1323 1461 1445 1502 istius
1468 1476 1575 1515 quae

107 1543 223 1570 nune
244 1529 409 1570 obtinet
431 1529 662 1583 navigandi
683 1529 785 1570 artis
806 1534 1057 1583 repertores,
1077 1543 1175 1570 eum
1195 1529 1362 1583 pyxidis
1378 1529 1574 1570 nauticae

107 1612 247 1648 usum,
271 1598 343 1653 qui
362 1598 424 1638 ita
443 1597 623 1638 feliciter
643 1597 781 1648 cessit,
803 1601 972 1638 tentare
993 1596 1224 1651 potuerint,
1246 1597 1329 1637 nisi
1349 1596 1506 1650 primos
1527 1610 1575 1637 ac

107 1666 299 1707 rudiores
326 1667 434 1717 illos,
469 1667 541 1720 qui
569 1681 659 1707 non
688 1666 772 1706 nisi
803 1666 857 1707 ad
888 1666 1108 1707 stellarum
1139 1670 1416 1719 conspectum
1438 1669 1480 1705 et
1505 1664 1575 1705 lit-

107 1739 250 1775 torum
290 1734 505 1774 anfractus
546 1747 719 1774 cursum
755 1748 882 1774 suum
918 1732 1174 1786 dirigebant,
1206 1732 1323 1786 prius
1359 1735 1576 1784 contemp-

109 1801 273 1842 serint?
334 1802 425 1842 Aut
458 1802 692 1843 accuratior
719 1802 793 1842 illa
820 1816 868 1843 ac
895 1801 1031 1855 magis
1058 1802 1248 1855 perfecta
1275 1801 1359 1842 sive
1382 1806 1575 1842 constru-

109 1870 316 1910 endarum
343 1870 530 1921 navium,
554 1869 638 1910 sive
665 1861 900 1910 earundem
923 1869 970 1909 in
993 1884 1142 1922 pugna
1165 1869 1467 1922 regendarum,
1491 1882 1571 1919 ars,

110 1951 194 1990 qua
220 1937 345 1977 hodie
372 1951 472 1990 prae
501 1937 678 1978 caeteris
711 1938 874 1991 pollent
902 1938 1098 1990 Europae
1128 1937 1264 1990 magis
1292 1937 1574 1977 occidentales

108 2004 285 2054 incolae,
318 2004 422 2045 istos
456 2005 628 2058 sugillat
660 2019 878 2058 naupegos
912 2004 984 2058 qui
1017 2005 1170 2045 classes
1204 2019 1274 2045 eas
1309 2004 1575 2044 fabricabant

110 2087 217 2126 quae
242 2073 343 2113 olim
364 2072 479 2113 Actii
507 2071 909 2126 depraeliabantur?
942 2076 1015 2112 aut
1036 2072 1284 2125 Augustum
1312 2076 1354 2111 et
1375 2071 1575 2112 Marcum

109 2140 363 2190 Antonium,
389 2140 501 2180 tanti
524 2140 626 2180 belli
654 2140 782 2180 duces
812 2144 854 2179 et
885 2139 1084 2180 classium
1114 2144 1312 2189 rectores,
1339 2138 1576 2191 ignominia

110 2208 269 2250 afficit?
330 2209 518 2259 Adhaee,
539 2209 766 2248 innumera
789 2208 876 2248 fere
909 2212 1009 2248 sunt
1041 2207 1235 2260 exempla
1263 2220 1407 2246 rerum
1438 2220 1463 2245 a
1492 2219 1574 2245 nu-

108 2276 220 2330 peris
240 2276 486 2317 hominibus
506 2276 792 2326 inventarum,
811 2289 917 2328 quae
940 2275 1190 2329 antiquioris
1213 2274 1368 2315 saeculi
1389 2273 1574 2314 inventis

109 2345 236 2398 longe
268 2344 529 2384 antecellunt
542 2359 553 2392 3
587 2357 767 2397 quarum
795 2341 987 2383 omnium
1017 2345 1252 2395 repertores
1277 2340 1394 2381 haud
1419 2339 1573 2393 potiori

105 2412 203 2466 jure
223 2412 458 2466 priscorum
479 2411 707 2452 memoriae
734 2411 820 2451 vim
847 2410 1002 2450 inferre
1028 2409 1228 2450 censendi
1249 2412 1363 2458 sunt,
1387 2422 1514 2461 quam
1535 2407 1572 2448 is

109 2478 222 2518 filius
244 2478 375 2532 patris
396 2478 554 2518 famam
580 2478 747 2518 laedere
771 2477 988 2531 putandus
1015 2482 1091 2527 est,
1115 2477 1187 2530 qui
1210 2490 1301 2517 rem
1321 2475 1573 2516 familiarem

111 2559 136 2586 a
164 2551 342 2599 parente
374 2550 603 2599 acceptam,
632 2545 844 2586 industria
868 2560 916 2586 ac
948 2545 1118 2586 solertia
1154 2559 1229 2585 sua
1260 2544 1493 2585 auctiorem
1523 2557 1571 2584 ac

111 2614 437 2655 cumulatiorem
478 2614 724 2655 reddiderit.
813 2614 920 2667 [45]
970 2614 1048 2654 Est
1094 2618 1137 2653 et
1187 2612 1303 2653 aliud
1346 2612 1572 2652 hominum

111 2696 259 2736 genus,
295 2682 378 2736 qui,
412 2697 511 2736 prae
545 2682 676 2723 animi
707 2683 890 2733 levitate,
919 2682 1081 2736 ingenii
1113 2695 1161 2722 ac
1193 2681 1424 2735 sapientiae
1455 2681 1573 2722 haud

109 2751 295 2804 vulgaris
345 2751 521 2791 titulum
572 2751 832 2802 affectantes,
875 2750 1183 2805 speculationes
1233 2749 1287 2790 ad
1326 2749 1572 2790 morborum

112 2819 376 2860 curationem
408 2834 461 2860 ne
494 2819 631 2860 hilum
670 2819 875 2860 facientes
915 2819 1088 2860 moleste
1121 2819 1349 2872 ingerunt5
1392 2817 1575 2858 Medicis

111 2899 199 2928 non
229 2892 319 2928 tam
339 2887 451 2928 viam
478 2892 879 2941 praemonstrantes,
904 2902 1031 2941 quam
1052 2886 1223 2940 ignibus
1246 2886 1332 2926 suis
1352 2885 1481 2926 fatuis
1503 2885 1573 2926 cle-

113 2953 198 2994 vios
228 2954 273 2994 in
302 2969 487 2996 errorem
518 2960 704 3008 agentes.
770 2955 849 2995 His
877 2955 1047 2996 Natura
1078 2968 1176 2994 eum
1206 2954 1369 3007 ingenii
1399 2953 1575 2994 modum

1626 299 1751 321 DRoPE.
