1985 3308
410 152 804 193 DisSER'rA'rlo
836 151 1240 193 EPISTOLARIS.
1472 156 1554 194 309

97 261 220 300 flatus
261 260 510 313 quandoque
550 259 766 299 nidorosos
802 273 824 298 6
866 259 1097 299 ventriculo
1138 259 1349 307 emittant,
1393 259 1553 311 quotics
1598 274 1650 303 Dr.
1671 273 1735 302 Av-

96 328 253 380 aliquid
286 327 558 377 comederint,
594 327 692 367 licet
734 326 949 366 moderate
990 330 1161 366 tantum
1198 330 1239 365 et
1281 340 1355 378 pro
1388 326 1551 366 ratione
1573 316 1756 387 's'frqmlcli

96 395 321 447 appetitus,
358 399 450 435 tum
492 394 619 434 etiam
661 393 886 447 aliquando
920 393 1085 433 aeidum
1127 397 1333 443 eructent,
1383 398 1550 433 acetum
1573 402 1747 441 1³13}OE-

95 476 241 515 sapore
273 463 470 512 referens,
499 463 661 515 quoties
683 462 727 501 in
749 476 794 502 os
819 461 1053 502 ascenderit
1071 478 1081 510 3
1113 461 1226 500 laesa
1252 475 1406 513 nempe
1434 466 1550 500 utro·
1570 454 1682 525 {lgss‘t'fl'q
1701 461 1732 484 ct

93 529 217 582 bique
253 530 535 580 concoctione,
563 534 602 570 et
633 530 764 570 succis
793 529 968 583 proinde
1000 543 1024 569 a
1054 528 1239 569 naturali
1271 534 1388 568 statu
1418 528 1548 568 inter·
1569 520 1670 569 acidi.¹

93 598 233 638 versis.

154 664 263 721 [75]
303 666 455 720 Neque
483 667 561 707 hoc
593 672 764 707 tantum
790 667 961 707 nominc
982 667 1168 707 infelices
1191 671 1304 716 sunt,
1328 666 1440 719 quod
1461 680 1549 707 cor-

92 748 169 786 pus
196 733 256 774 ita
283 735 392 774 male
421 736 633 785 affectum,
660 740 701 775 61
729 735 846 788 quasi
874 739 1197 787 conquassatum,
1225 734 1292 787 (ad
1319 734 1453 774 instar
1484 747 1550 774 ae-

93 801 209 841 dium
225 801 368 842 ruinas
384 802 657 856 undiquaque
679 803 999 855 1ninitantium,)
1020 807 1190 842 tantum
1211 816 1298 842 non
1319 807 1487 841 corruat
1508 806 1550 841 et

92 868 272 919 fatiscat,
302 883 399 909 cum
434 870 569 923 magis
603 871 740 910 adhue
773 870 915 910 animo
947 875 1168 923 aegrotent
1204 884 1331 923 quam
1363 883 1548 922 corpore.

92 936 203 977 Cum
239 937 353 977 6111111
390 937 624 991 desperatio
660 939 784 991 plane
820 937 1066 978 insanabilis
1107 937 1158 978 (16
1195 937 1371 991 hujusce
1413 937 1550 977 morbi

91 1009 242 1045 natura
277 1005 344 1055 sit,
377 1005 658 1058 indignantur
693 1005 921 1045 admodum
955 1005 1117 1058 quoties
1147 1004 1296 1058 aliquis
1327 1005 1393 1045 vel
1424 1005 1548 1044 mini-

90 1087 204 1113 mam
235 1073 286 1113 (16
315 1073 494 1113 sanitate
522 1073 809 1126 recuperanda
836 1087 954 1127 spem
984 1072 1201 1127 injecerit,
1234 1073 1355 1113 facilc
1376 1073 1549 1113 interim

89 1141 322 1191 credentes,
347 1142 490 1182 omnia
510 1156 566 1192 se,
590 1155 866 1195 quaecunque
894 1141 939 1180 in
968 1141 1162 1181 homines
1193 1140 1342 1181 cadere
1371 1147 1549 1194 possunt

89 1209 368 1259 incommoda,
407 1223 597 1263 quaeque
631 1209 733 1249 adeo
765 1209 846 1249 fert
882 1223 1023 1249 rerum
1056 1213 1222 1259 natura,
1255 1222 1548 1262 perpessuros3

89 1277 329 1317 tristissima
351 1291 540 1332 quaeque
563 1277 641 1317 sibi
657 1277 908 1326 ominantes,
927 1281 1052 1329 atque
1074 1276 1284 1326 timorem,
1302 1276 1420 1326 iram,
1440 1276 1547 1316 zelo-
1569 1295 1740 1329 Atroeissi-

88 1344 263 1398 typiam,
280 1345 549 1398 suspiciones,
568 1350 609 1385 et
628 1345 781 1398 siquae
799 1344 1004 1384 atrociora
1025 1348 1124 1384 sunt
1142 1343 1272 1383 animi
1287 1343 1546 1396 pathemata,
1568 1342 1739 1413 Πξέἶιᾶῃῑωῑ

91 1412 157 1452 vel
173 1426 224 1452 ex
244 1412 455 1452 levissima
469 1413 535 1453 vel
556 1412 683 1453 etiam
699 1412 818 1452 nulla
838 1426 1008 1465 prorsus
1031 1411 1131 1451 data
1146 1425 1261 1461 ansa,
1285 1411 1545 1464 arripientes,
1568 1393 1739 1456 &53³3ss

88 1484 130 1520 et
152 1479 248 1520 811111
260 1480 448 1520 foventes
461 1480 687 1533 irrequieto
705 1479 912 1532 anxioque
929 1496 940 1529 ;
973 1479 1025 1519 ab
1048 1478 1165 1519 omni
1185 1478 1361 1518 interim
1378 1478 1547 1531 gaudio,
1567 1471 1683 1500 fovent.

88 1561 173 1600 spe,
195 1547 369 1597 laetitia,
393 1547 680 1598 abhorrentes,
705 1561 809 1601 quae
833 1547 866 1586 si
886 1547 995 1588 forte
1016 1551 1253 1597 occurrant,
1277 1546 1447 1599 quando
1467 1546 1547 1586 hae

87 1629 204 1656 rarae
237 1622 355 1656 avesg
382 1620 494 1666 sunt,
516 1615 774 1656 velocissime
806 1615 987 1665 avolant,
1015 1615 1204 1654 animum
1232 1614 1404 1654 interim
1436 1614 1551 1654 haud

87 1683 228 1724 minus
262 1684 535 1724 vehementer
570 1683 841 1737 exagitantia,
876 1697 1004 1736 quam
1045 1683 1182 1723 solent
1218 1682 1444 1723 moestiora
1479 1683 1551 1722 illa

87 1750 216 1802 πάθη,
238 1752 299 1792 ita
328 1757 377 1792 ut
408 1752 574 1792 nullubi
605 1752 942 1792 mediocritatem
974 1755 1154 1802 servent,
1186 1751 1232 1791 in
1262 1765 1350 1791 una
1379 1750 1550 1791 levitate

87 1825 357 1870 constantes,
388 1834 503 1861 nunc
535 1824 679 1860 amant
710 1824 877 1874 praeter
907 1819 1094 1869 modum,
1123 1833 1220 1860 mox
1253 1819 1348 1860 odio
1380 1819 1550 1860 eosdem

88 1887 177 1927 81116
198 1900 324 1927 causa
344 1893 659 1940 prosequuntur
674 1905 686 1937 3
718 1901 833 1927 nunc
852 1887 933 1928 hoc
954 1887 1110 1927 illudve
1127 1887 1207 1927 sibi
1224 1886 1438 1940 agendmn
1455 1901 1548 1940 pro-

88 1959 265 2007 ponunt,
301 1969 398 1994 mox
431 1969 456 1995 a
489 1955 702 2008 proposito
729 1955 924 1995 resiliunt
961 1960 1003 1995 et
1032 1954 1145 2008 quod
1173 1969 1271 1995 cum
1304 1969 1353 1995 eo
1383 1960 1549 2008 pugnat

88 2023 408 2075 aggrediuntur,
435 2023 506 2064 sed
540 2037 676 2076 neque
707 2023 786 2063 hoc
815 2028 1040 2076 peragunt,
1062 2023 1123 2064 ita
1154 2024 1284 2064 animi
1312 2025 1548 2078 pendentes

87 2097 136 2131 ut
170 2105 390 2144 nunquam
426 2092 549 2131 liccat
583 2091 726 2144 quieta
761 2096 905 2132 mente
941 2091 1184 2132 consistere.
1248 2092 1459 2145 Quodque
1497 2092 1547 2132 de

88 2160 389 2212 superstitiosis
426 2159 572 2200 asserit
609 2160 764 2200 Orator
799 2160 1031 2210 Romanus,
1074 2160 1161 2213 [De
1195 2161 1334 2200 Divin.
1369 2161 1412 2201 ii.
1452 2162 1539 2215 72]

87 2214 244 2267 nostris
279 2227 394 2268 111866
432 2227 754 2268 Melancholicis
787 2227 962 2280 pulchre
1004 2227 1207 2280 quadrat:
1253 2228 1546 2282 “Perfugium

86 2295 252 2336 videtur
287 2295 478 2336 omnium
507 2295 700 2336 laborum
732 2300 774 2335 et
806 2295 1139 2336 sollicitudinum
1171 2309 1261 2336 6886
1292 2310 1479 2347 somnus,
1503 2303 1545 2338 at

87 2376 138 2402 ex
159 2376 207 2402 eo
228 2363 319 2416 ipso
339 2363 545 2416 plurimae
567 2376 692 2403 curae
713 2368 937 2416 metusque
953 2367 1190 2403 nascuntur
1203 2364 1244 2413 ;''
1277 2364 1379 2404 dum
1396 2365 1547 2405 funera

87 2434 257 2470 tantum
278 2431 324 2470 in
349 2431 536 2481 somniis,
559 2436 600 2471 61
624 2431 878 2471 denatorum
909 2430 1141 2470 amicorum
1167 2431 1356 2481 umbrae,
1379 2446 1544 2485 reprac-

87 2503 322 2539 sentantur.
384 2499 453 2539 Ita
483 2503 572 2539 tam
614 2499 755 2539 animo
796 2512 925 2553 quam
967 2512 1138 2551 corpore
1179 2499 1543 2550 excarnificantur,

87 2567 206 2620 quasi
226 2567 330 2607 haec
358 2567 444 2607 1113.
474 2567 610 2607 omnis
632 2567 743 2620 ignis
775 2571 885 2608 68861
917 2567 1252 2620 expurgatorius,
1275 2568 1318 2607 in
1353 2582 1436 2621 quo
1458 2582 1543 2609 866-

86 2634 185 2684 lera,
218 2634 299 2675 alio
332 2634 377 2674 in
411 2639 525 2675 statu
556 2639 812 2688 perpetrata,
840 2636 930 2689 jam
963 2635 1130 2675 luerent
1163 2641 1289 2688 atque
1311 2637 1542 2690 expiarent.

85 2702 237 2756 Neque
256 2702 337 2743 hoc
357 2707 528 2743 tantum
548 2704 747 2744 maniacis
768 2703 920 2744 accidit
942 2707 984 2743 61
1004 2702 1194 2756 furiosis,
1219 2718 1322 2757 quos
1352 2703 1543 2754 dicimus,

85 2769 158 2811 sed
179 2771 308 2811 etiam
334 2770 430 2822 illis,
453 2771 538 2824 qui,
562 2771 595 2811 si
623 2771 700 2812 hos
731 2770 862 2812 animi
884 2771 1068 2824 impetus
1099 2771 1294 2824 excipias,
1317 2771 1546 2825 prudentia

128 2892 142 2912 ὅ
167 2890 185 2903 “
196 2889 279 2918 Rara
292 2891 356 2918 aris
372 2889 534 2928 proverbio
550 2889 713 2919 dicebatur
730 2899 778 2918 res
793 2889 924 2928 quaevis
938 2899 1016 2918 nova
1034 2893 1063 2918 et
1080 2889 1211 2918 inventu
1227 2890 1384 2929 perrara.”
1400 2889 1547 2929 (Erasmi

87 2932 189 2970 Adug.
207 2931 238 2960 ii.
259 2932 282 2961 1.
303 2932 370 2970 21.)

775 2986 855 3024 3n
