1985 3308
623 130 968 172 TRACTATUS
1002 131 1038 172 Ι.
1474 134 1559 173 439

105 239 203 280 solis
242 239 408 280 influxu
441 242 591 291 vegeta
629 242 914 288 conservatur,
951 238 1050 279 lecti
1090 237 1215 288 calor,
1251 237 1405 278 bruma
1443 252 1560 292 prae·
1592 245 1645 274 De
1663 245 1752 275 Pon-

105 307 263 358 sertim,
292 308 389 349 solis
419 307 553 347 vicem
583 310 632 346 ut
663 310 782 359 gerat
811 320 982 347 11666336
1013 310 1090 347 est.
1151 306 1285 346 Mane
1315 320 1411 346 vero
1443 307 1561 359 spiri-
1587 332 1593 333 ff
1616 297 1759 334 3³93*ss

102 374 219 415 tibus
249 380 338 416 tam
367 390 391 416 a
419 388 687 429 praegressae
714 374 851 415 noctis
883 375 1024 430 quiete
1053 388 1180 428 quam
1205 388 1230 414 a
1256 374 1402 414 lectuli
1427 374 1563 414 calore

103 443 347 484 refocillatis
398 443 742 496 invigoratisque,
784 447 1079 496 praeterquam
1127 442 1240 495 quod
1287 442 1375 483 dies
1420 456 1563 496 super-

102 511 275 551 veniens
296 511 544 552 firmitatem
572 525 619 552 ac
647 511 778 552 robur
802 511 986 565 eorporis
1014 516 1118 552 tono
1145 510 1354 561 conciliet,
1378 510 1565 552 diluculo

85 592 275 632 ,surgere
303 580 382 620 hoc
412 584 615 633 tempore,
642 580 741 621 licet
770 580 918 620 horam
945 594 1077 620 unam
1108 580 1336 620 alteramve
1365 593 1389 619 a
1416 593 1565 620 somno

102 647 316 687 matutino
342 648 551 698 detrahat,
574 662 662 688 11011
687 648 747 688 ita
775 647 909 689 altum
930 648 1084 689 vulnus
1113 648 1308 689 Naturae
1335 648 1492 700 infligit
1518 661 1566 688 ac

102 713 270 767 vigiliae
297 715 561 768 vespertinae
592 715 645 755 ad
673 715 820 756 horam
851 730 982 757 unam
1011 717 1075 757 vel
1103 716 1280 757 alteram
1310 720 1563 770 protractae.

105 781 394 824 Quamobrem
433 782 524 822 istis
567 783 638 835 qui
675 783 892 836 Podagrae
933 788 1034 824 sunt
1072 784 1257 835 obnoxii,
1294 784 1448 825 author
1487 798 1566 838 ego

103 850 196 900 sim,
218 850 369 904 hyeme
396 850 633 904 praecipue,
655 855 704 891 ut
724 851 834 892 lecto
861 857 1028 893 matin¹e
1050 852 1280 893 admodum
1308 867 1351 893 se
1372 852 1565 893 commit·
1583 860 1753 909 praecipue

102 922 211 968 tant,
235 922 278 959 et
304 918 491 958 diluculo
519 923 742 972 exmgant,
767 920 1037 973 quantumvis
1068 935 1240 961 somnus
1264 921 1382 974 justo
1401 920 1566 961 brevior
1584 902 1735 986 {2ss¹1}ssss

104 986 280 1027 suadeat
308 991 357 1027 ut
386 986 546 1026 diutius
577 986 783 1027 cubantes
814 988 998 1029 eundem
1028 988 1167 1028 adhuc
1193 993 1426 1039 veneutur5
1468 1002 1566 1029 cum

102 1068 277 1095 somnus
320 1054 392 1108 qui
431 1054 492 1095 ita
532 1055 718 1096 diluculo
758 1056 935 1110 capitur,
978 1061 1199 1097 secuturae
1240 1057 1376 1097 noetis
1417 1070 1566 1096 somno

101 1122 360 1163 tantundem
400 1123 609 1174 detrahat,
652 1127 779 1177 atquc
815 1124 876 1165 ita
915 1125 1090 1166 tandem
1127 1125 1318 1166 Naturae
1353 1125 1394 1165 vi
1433 1125 1564 1175 illata,

102 1194 325 1244 spretoque
348 1190 529 1244 sapienti
550 1191 640 1244 ejus
662 1191 874 1243 instituto,
897 1196 1067 1233 noctem
1088 1207 1164 1246 pro
1186 1193 1253 1234 die
1275 1192 1367 1247 quis
1395 1192 1563 1242 habeat,

103 1258 215 1298 diem
237 1272 457 1311 perversus
479 1273 555 1312 pro
576 1263 715 1299 nocte.

167 1324 276 1380 [53.]
302 1325 507 1367 Quinimo
524 1327 655 1366 animi
671 1327 956 1381 tranquillitas
973 1328 1091 1369 omni
1112 1343 1190 1382 ope
1207 1327 1459 1369 stabilienda
1475 1331 1538 1368 est
1551 1344 1563 1378 ς
1584 1339 1697 1371 Animi
1712 1351 1769 1382 pa-

101 1406 199 1434 cum
228 1392 569 1446 pertiubationes
600 1407 759 1444 omnes,
792 1395 827 1434 si
856 1396 1058 1448 repagula
1089 1396 1219 1436 semel
1249 1395 1490 1449 effringant,
1513 1396 1565 1436 ad
1584 1383 1736 1418 themata.

101 1461 344 1502 solvendam
361 1462 587 1515 spirituum
608 1462 696 1516 (qui
717 1467 818 1503 sunt
839 1463 1126 1516 digestionum
1142 1464 1456 1517 instrumenta,)
1477 1479 1563 1518 sys-
1583 1436 1748 1499 iaiffifflg

100 1530 225 1580 tasin,
248 1543 296 1570 ac
322 1530 500 1583 proinde
522 1530 575 1570 ad
596 1530 815 1584 Podagrae
835 1530 1160 1582 incrementum,
1182 1531 1369 1572 multum
1390 1532 1561 1572 faciant.
1582 1516 1769 1595 ξξὸζθζξξῇ,

99 1598 338 1640 Prudenter
371 1599 515 1652 itaque
551 1612 694 1639 secum
729 1598 959 1639 meditetur
1000 1612 1124 1651 aeger
1158 1599 1429 1639 mortalitatis
1465 1613 1565 1640 suae
1584 1598 1675 1646 catio,
1693 1599 1758 1638 spi-

99 1667 399 1718 conditionem,
421 1680 500 1708 nec
529 1680 571 1707 se
599 1681 744 1707 earum
772 1681 879 1720 quae
904 1680 998 1707 eam
1019 1670 1256 1720 sequuntur
1275 1666 1565 1707 molestiarum
1583 1645 1722 1723 ζζὲἶὲζῖ,

100 1739 290 1776 exortem
318 1735 474 1776 stultus
502 1735 724 1788 opinetur:
763 1735 848 1775 sive
875 1735 991 1776 enim
1022 1735 1087 1775 sui
1113 1735 1244 1788 ipsius
1273 1735 1358 1775 sive
1386 1735 1564 1776 aliorum
1582 1726 1721 1809 1⁸32}ss

100 1803 223 1856 eulpa
251 1803 362 1843 hanc
393 1803 525 1843 animi
555 1803 868 1856 aegritudinem
897 1804 1047 1856 pariat,
1069 1818 1158 1844 non
1187 1804 1344 1858 poterit
1374 1818 1564 1857 unquam
1584 1812 1733 1843 evitanda

98 1870 261 1911 mundo
280 1870 395 1923 leges
416 1870 528 1920 dare,
546 1871 618 1923 qui
638 1871 799 1911 nemini
820 1871 1039 1922 hactenus,
1056 1872 1370 1925 quantumlibet
1391 1872 1564 1913 demum
1583 1860 1667 1885 sunt.

99 1943 251 1992 potens
282 1943 355 1978 aut
387 1938 552 1991 sapiens
581 1938 722 1989 fuerit,
755 1953 920 1992 semper
949 1953 1111 1980 morem
1143 1940 1271 1993 gessit
1287 1956 1299 1990 ς
1335 1954 1474 1993 neque
1504 1941 1565 1981 ita

100 2006 297 2059 cuiquam
319 2019 482 2059 semper
503 2020 554 2046 ex
575 2006 707 2046 animi
737 2010 835 2047 voto
860 2006 1067 2048 cedebant
1099 2021 1165 2047 res
1199 2021 1357 2058 01111163,
1387 2021 1435 2048 ac
1456 2022 1564 2049 vana

100 2087 222 2114 mens
250 2074 543 2128 spoponderat,
566 2079 622 2124 at,
646 2074 873 2127 derepente
904 2075 1018 2115 inter
1044 2089 1188 2115 rerum
1218 2080 1443 2128 apparatus
1472 2077 1562 2116 ani-

99 2155 215 2183 mam
241 2155 383 2195 agens,
409 2142 621 2182 humanae
647 2142 890 2196 fragilitatis
918 2142 1130 2196 specimen
1155 2143 1330 2183 tandem
1356 2143 1456 2193 edit,
1483 2144 1561 2184 im-

98 2209 251 2251 merito
273 2223 316 2250 se
336 2209 454 2250 brevi
474 2210 584 2250 vitae
606 2209 749 2251 fi'uetu
771 2210 967 2263 spolians.
1010 2210 1132 2251 Idem
1154 2211 1283 2251 etiam
1304 2211 1561 2252 incommodi

100 2278 291 2331 sequitur
310 2278 487 2318 nimiam
510 2278 640 2318 animi
668 2278 720 2318 ad
743 2278 883 2319 studia
904 2284 946 2319 et
974 2293 1039 2320 res
1061 2279 1189 2319 serias
1211 2279 1559 2333 applicationem:

99 2359 198 2387 eum
219 2347 333 2387 enim
363 2347 463 2388 huic
493 2347 641 2388 morbo
672 2360 771 2400 prae
799 2348 974 2388 caeteris
1004 2347 1262 2401 quibuslibet
1283 2348 1561 2388 Melcmclzolz'a

98 2413 225 2467 vulgo
246 2414 358 2455 dieta
377 2429 516 2456 6011163
538 2429 702 2469 semper
729 2415 968 2466 adhaereat,
992 2416 1064 2469 qui
1085 2416 1122 2456 ei
1151 2420 1250 2456 sunt
1273 2415 1455 2466 obnoxii,
1478 2417 1560 2469 spi-

98 2481 205 2522 ritus
227 2483 428 2524 animales
457 2483 530 2524 diu
557 2484 826 2536 multumque
848 2483 1087 2536 cogitando,
1109 2483 1238 2523 etiam
1263 2497 1350 2523 non
1371 2482 1561 2524 adhibito

99 2550 305 2591 artificiali
334 2550 539 2592 librorum
564 2550 835 2600 adminiculo,
857 2550 1036 2604 fatigare
1064 2549 1200 2590 solent
1222 2554 1348 2603 atque
1369 2549 1559 2601 obruere,

96 2617 177 2660 hoc
196 2618 335 2672 ipsum
355 2619 415 2660 ita
435 2619 554 2660 valde
576 2633 623 2660 ac
647 2619 879 2672 nimiopere
901 2622 1087 2671 agentes,
1109 2624 1157 2658 ut
1179 2618 1362 2671 eorporis
1384 2632 1558 2660 oecono-

96 2686 182 2727 mia
210 2687 379 2741 integra
409 2687 589 2741 amplius
621 2687 857 2727 conservari
883 2691 1094 2739 nequeat;
1147 2700 1274 2739 quam
1302 2685 1355 2726 ob
1387 2700 1558 2728 eausam

99 2754 163 2807 (ut
183 2755 290 2796 mihi
310 2755 504 2808 videtur,)
529 2755 598 2795 hic
619 2754 792 2795 morbus
816 2767 1047 2808 perpaucos
1072 2754 1319 2808 insipientes
1344 2755 1428 2808 (me
1449 2755 1557 2796 exci-

94 2822 184 2876 piat
205 2824 277 2877 qui
296 2824 435 2877 volet,)
461 2823 680 2877 occupant
701 2837 902 2876 unquam.

161 2890 268 2945 [ἵν-1.]
309 2892 496 2933 Caeteris
517 2905 614 2933 vero
643 2890 839 2933 omnibus
862 2905 968 2944 quae
994 2891 1046 2931 ad
1070 2890 1381 2944 impediendam
1403 2891 1553 2934 humo·
1572 2889 1716 2965 ocgffisgs

1708 2948 1721 2966 5
1735 2964 1743 2972 2
