1985 3308
417 156 503 196 450
834 157 1092 199 THOMAE
1127 157 1468 199 SYDENHAM

227 268 282 298 Dr:
301 269 390 298 Pon-
417 263 598 304 voluerit
629 268 789 317 quanto
822 265 958 306 tutius
991 271 1118 319 atque
1151 279 1278 320 ocyus
1310 264 1532 305 sanabitur
1561 262 1597 303 is
1629 262 1703 317 qui
1731 275 1883 303 venae-

257 321 364 376 arom.
419 330 676 373 sectionibus
712 346 760 374 ac
794 334 1122 387 purgationibus
1153 338 1303 374 utetur
1339 329 1585 372 alternatisd
1616 345 1750 384 usque
1781 330 1884 370 dum

212 375 385 444 leatigiacfi}
417 398 528 440 bene
558 398 770 451 habuerit,
799 401 1005 454 neglectis
1033 414 1205 454 prorsus
1232 399 1520 440 levidensibus
1547 398 1640 440 istis
1671 411 1778 452 quae
1807 412 1896 452 pro.

213 455 383 529 ξζξζξῗζζῖ
417 480 536 507 more
556 472 652 520 post
670 469 925 521 sanguinem
947 469 1078 509 semel
1099 468 1302 508 eductum
1325 481 1448 521 saepe
1469 466 1738 518 exhibentur,
1757 471 1885 519 atque

312 522 319 536 ‚
385 518 398 523 -

213 540 297 570 tinui
313 541 398 572 solu·
419 534 549 575 etiam
576 548 626 576 ea
650 536 855 576 sudorum
882 536 1180 577 sollicitatione
1208 550 1315 590 quae
1340 535 1432 590 pari
1459 549 1587 589 passu
1611 549 1710 576 cum
1737 548 1885 576 eorum

212 586 399 665 {ssssssgsezr-
419 617 501 643 usu
522 603 629 644 solet
649 603 876 657 procedere
889 621 901 654 ς
940 618 965 644 a
1000 618 1084 657 qua
1117 604 1306 657 partium
1337 604 1428 658 jam
1460 604 1534 644 diu
1565 603 1618 643 ad
1647 603 1885 643 inflamma-

212 678 370 741 lgqagss‘i'gsszn
418 670 582 711 tionem
606 685 913 724 propensarum
937 672 1267 713 excalefactione
1296 686 1421 726 aeger
1443 671 1534 712 sine
1555 685 1684 712 causa
1708 670 1756 711 in
1774 670 1886 711 vitae

227 730 235 740 ‘
357 734 364 747 9

214 759 373 793 quantum
418 738 656 792 periculum
679 739 920 780 adducitur.

213 796 376 878 &digitus
484 807 592 860 [70.]
633 807 760 849 Quod
781 809 829 859 si,
845 809 954 850 nihil
974 810 1295 864 proficientibus
1315 809 1382 850 his
1400 823 1507 864 quae
1524 808 1651 849 attuli
1672 807 1885 857 omnibus,

212 880 273 910 alia
290 882 369 920 petit
418 874 557 915 adhuc
577 875 720 916 minus
742 890 871 929 sagax
886 877 1042 928 videar,
1061 882 1103 919 et
1120 878 1263 918 minus
1285 877 1478 931 copiosus
1497 877 1545 917 in
1560 875 1885 917 medicamentis
1945 892 1950 901 ³

212 924 352 953 medica-

212 972 331 1002 menta,
347 966 385 995 ad
418 942 616 982 eruendis
639 945 1037 999 enumerandisque‚
1060 946 1258 986 universa
1277 946 1350 985 illa
1376 958 1612 998 proponam
1634 958 1741 997 quae
1758 942 1885 984 Luci·
1944 975 1959 1001 ‚¹

210 1008 400 1090 rlsscgigffiffs
418 1023 525 1049 anus
560 1009 606 1050 in
639 1010 979 1069 Τραιγοποδάνγρᾳ
1010 1014 1101 1067 jam
1131 1014 1300 1068 plenius
1337 1013 1520 1066 collegit,
1553 1026 1576 1053 e
1613 1011 1764 1066 quibus
1794 1015 1887 1052 tam

212 1097 269 1123 est,
417 1082 594 1119 externa
630 1093 758 1132 quam
792 1081 964 1122 interna
1000 1082 1073 1136 qui
1102 1083 1215 1123 volet
1251 1082 1380 1135 eligat
1394 1098 1406 1132 3
1449 1094 1556 1135 quae
1591 1081 1735 1121 forsan
1768 1079 1887 1120 haud
1931 1123 1946 1132 ..

415 1145 559 1186 minus
596 1147 781 1188 efficacia
821 1150 976 1190 sentiet
1014 1165 1143 1204 quam
1178 1155 1279 1191 sunt
1316 1163 1463 1191 eorum
1498 1149 1683 1202 plurima
1718 1162 1825 1201 quae
1860 1162 1887 1188 a

416 1214 637 1255 nonnullis
678 1215 1046 1270 depraefficantur.
1107 1218 1238 1272 Apud
1280 1218 1395 1258 hunc
1436 1217 1656 1270 Podagrae
1698 1216 1887 1257 Persona

415 1281 478 1322 ita
503 1282 608 1323 istos
639 1283 882 1338 alloquitur,
913 1287 985 1339 qui
1018 1291 1180 1327 secreta
1208 1286 1415 1340 quaedam
1441 1285 1631 1326 remedia
1658 1299 1702 1326 se
1728 1283 1885 1325 habere

411 1349 648 1402 jactabant,
671 1352 826 1405 quibus
846 1353 882 1394 is
902 1354 1077 1395 morbus
1097 1354 1229 1408 possit
1252 1354 1489 1408 expugnari
1504 1371 1573 1394 :—

214 1443 354 1493 [·L·ucia.-
631 1445 690 1480 Τίς
708 1445 769 1489 τὴν
788 1446 943 1491 ἀνίκητόν
967 1446 1025 1492 [με
1045 1448 1209 1482 δεσπότιν
1227 1449 1341 1482 πόνων

212 1497 245 1516 nl
262 1497 365 1517 11'1'1810
669 1509 678 1521 ν
742 1506 757 1521 9
899 1513 907 1523 ι
1045 1515 1059 1521 a-
1110 1512 1118 1523 ,
1145 1513 1153 1525 x
1265 1513 1272 1525 x
1413 1514 1427 1521 ε·
1465 1525 1471 1531 ,

211 1529 245 1559 in
267 1530 397 1559 medem·
633 1514 701 1543 Ουκ
722 1511 792 1544 οιδε
811 1512 995 1558 Ποδαγραν
1014 1527 1081 1546 των
1101 1527 1155 1547 επι
1171 1513 1296 1557 χθονος
1313 1513 1450 1557 βροτων
1465 1539 1471 1551 ,

212 1576 259 1601 tes
275 1572 377 1655 Podla-
625 1569 698 1607 Ἠν
717 1575 794 1607 οὔτε
813 1575 965 1615 λιβάνων
983 1575 1081 1619 ἀτμὶς
1100 1575 1328 1620 ἐξιλάσκεται,

213 1625 287 1654 grae
299 1619 323 1644 e.

635 1637 722 1670 Οὔτε
740 1637 845 1682 χυθὲν
864 1635 945 1683 αἷμα
962 1639 1127 1684 βρωμίοις
1145 1638 1224 1685 παρ’
1245 1637 1418 1684 ἐμπύροις,

634 1701 682 1734 Οὐ
703 1703 781 1737 ναὸς
800 1700 908 1741 ὄλβου
927 1703 1130 1748 περικρεμὴς
1149 1703 1356 1748 ἀγάλμασιν.
1860 1703 1882 1736 5

624 1760 698 1798 ‘’Hv
717 1766 795 1799 οὔτε
816 1766 926 1800 Παιὰν
945 1767 1138 1811 φαρμάκοις
1156 1769 1248 1801 νικᾶν
1267 1766 1394 1808 σθένει,

632 1828 774 1862 Πάντων
794 1828 908 1875 ἰατρὸς
926 1831 993 1863 τῶν
1013 1829 1048 1863 ἐν
1067 1829 1198 1878 οὐρανῷ
1219 1830 1315 1872 θεῶν,

634 1891 682 1924 Οὐ
700 1893 779 1927 παῖς
798 1894 816 1925 ὁ
836 1893 964 1933 Φοίβου
982 1893 1182 1937 πολυμαθὴς
1199 1892 1423 1937 Ἀσκλήπιος.

631 1953 692 1999 Ἐξ
709 1954 748 1989 οὗ
766 1956 832 2002 γὰρ
852 1955 940 2001 ἐφύη
960 1953 1095 2002 πρῶτον
1113 1957 1304 2003 ἀνθρώποις
1320 1957 1430 2003 γένος,

628 2019 791 2063 Τολμῶσι
809 2020 933 2055 πάντες
951 2021 1076 2065 τούμὸν
1096 2020 1253 2062 ἐκβαλεῖν
1273 2021 1406 2064 σθένος,
1838 2024 1882 2058 10

632 2085 807 2118 Κυκῶντες
827 2083 878 2117 ἀεὶ
897 2084 1087 2129 φαρμάκων
1105 2083 1310 2129 τεχνήματα.

621 2143 756 2182 ’Ἄλλος
772 2147 840 2193 γὰρ
859 2147 968 2190 ἄλλην
988 2146 1038 2181 ἐπ’
1060 2147 1117 2191 ἐμὲ
1136 2149 1286 2194 πειράζει
1305 2149 1440 2194 τέχνην·

630 2210 817 2255 Τρίβουσιν
836 2210 1082 2256 ἀρνόγλωσσα,
1104 2212 1156 2245 καὶ
1177 2212 1298 2247 σέλινά
1316 2228 1386 2257 μοι,

634 2274 698 2307 Καὶ
718 2273 839 2318 φύλλα
858 2274 1036 2320 θριδάκων,
1058 2275 1112 2308 καὶ
1131 2276 1270 2320 νομαίαν
1288 2277 1490 2323 ἀνδράχνην,

621 2333 751 2371 ”Αλλοι
771 2337 808 2371 δέ
827 2337 987 2383 πράσιον,
1009 2339 1040 2372 οἱ
1060 2337 1096 2372 δὲ
1116 2340 1396 2386 ποταμογείτονα,
1834 2345 1878 2380 15

622 2397 750 2434 ’Ἄλλοι
770 2400 882 2436 κνίδας
900 2401 1092 2447 τρίβουσιν,
1114 2402 1215 2436 ἄλλοι
1237 2402 1430 2449 σύμφυτον,

620 2461 749 2497 ”Anna
769 2463 900 2509 φακοὺς
919 2464 1069 2510 φέρουσι
1088 2465 1166 2501 τοὺς
1185 2465 1220 2500 ἐκ
1239 2468 1425 2511 τελμάτων,

629 2527 844 2573 Σταφυλῗνον
863 2527 985 2572 ἑφθὸν,
1006 2529 1037 2562 οἱ
1056 2528 1093 2563 δὲ
1112 2528 1233 2574 φύλλα
1251 2536 1445 2577 Περσικῶν,

627 2591 851 2637 Ὑοσκύαμον,
871 2591 1018 2636 μήκωνα,
1036 2595 1202 2637 βολβοὺς,
1225 2596 1331 2636 σίδια,

628 2656 794 2697 Ψύλλων,
814 2657 969 2698 λίβανον,
985 2657 1080 2704 ῥίζαν
1099 2660 1301 2707 ἐλλεβόρου,
1323 2663 1447 2709 νίτρον,
1829 2671 1878 2706 20

628 2722 733 2765 Τῆλιν
750 2719 822 2765 μετ’
843 2718 946 2760 οἴνου,
963 2722 1113 2768 γυρίνην,
1135 2725 1394 2771 κολλάμφακον,

629 2784 892 2830 Κυπαρισσίνην
911 2785 1039 2828 κηκῖδα,
1059 2789 1160 2832 γῦριν
1179 2788 1342 2833 κριθίνην,

630 2846 792 2894 Κράμβης
810 2847 969 2893 ἀπέφθου
989 2848 1121 2894 φύλλα,
1140 2850 1259 2898 γύψον
1277 2853 1314 2887 ἐκ
1331 2854 1449 2901 γάρου,

461 2921 477 2943 <¹
504 2923 551 2952 Cf.
572 2925 703 2954 Provess.
722 2926 782 2954 Int.
800 2934 825 2954 c.
845 2927 893 2954 52.
1073 2931 1087 2948 Θ
1112 2929 1243 2959 Luciam'
1259 2930 1328 2971 ιξπ]
1347 2931 1399 2962 Sic
1417 2933 1492 2972 Syd.
1511 2934 1542 2964 in
1562 2935 1628 2966 Ind.
1645 2937 1727 2974 Rem,
1744 2936 1796 2967 hic
1811 2945 1872 2969 om.
