1985 3308
392 163 683 204 EPISTOLA
709 163 771 203 11.
807 161 1238 204 RESPONSORIA.
1459 163 1538 202 311

90 269 223 310 mictu
244 284 410 312 cessans
430 285 505 325 per
525 284 696 311 omnem
716 270 914 311 urethrae
937 270 1112 310 ductum
1135 269 1286 309 acriter
1315 268 1542 308 admodum
1581 277 1637 332 pn
1656 277 1731 308 Lm:

89 337 240 389 uritur,
263 339 444 380 maxime
465 353 548 393 qua
568 339 612 378 in
634 339 831 392 glandem
853 338 1019 378 desinit.
1066 337 1392 389 Nonnunquam
1414 336 1540 375 ctiam
1564 319 1743 371 {essm-..u

89 419 208 446 erosa
229 411 356 460 atque
372 407 581 448 excoriata
599 406 775 447 urethra
790 406 882 461 jugi
903 405 1018 459 puris
1041 405 1208 446 acrioris
1229 405 1359 454 fluxu,
1373 404 1543 444 Natura
1558 388 1614 450 12³0r
1618 390 1658 451 ¹1¹3
1662 391 1743 452 Tse-

88 472 134 513 in
166 487 292 515 carne
323 489 431 516 nova
461 475 548 516 vice
575 476 665 529 jam
700 474 941 528 deperditae
968 474 1086 528 justo
1118 472 1372 526 occupatior,
1403 472 1543 512 laxam
1562 464 1631 493 ⁶¹⁸²
1647 475 1744 501 ποῇ’»

90 541 304 594 quandam
325 548 367 583 et
389 543 656 596 spongiosam
682 542 914 593 substituit,
938 555 1057 596 quae,
1080 541 1190 582 mole
1212 540 1398 594 quotidie
1419 545 1544 581 aucta

89 614 131 650 et
165 610 320 651 sensim
351 611 563 662 indurata,
586 611 909 652 ca1·unculm·um
941 609 1233 651 excrescentiis
1264 609 1325 650 ita
1353 614 1541 649 meatum
1563 614 1704 663 unde-is-

88 677 324 719 urinarium
353 679 533 730 infercit,
556 685 604 720 ut
633 679 808 721 tandem
837 679 938 720 lotio
969 693 1057 719 non
1088 678 1212 718 detur
1242 677 1378 718 exitus
1391 694 1402 727 ς
1436 691 1543 730 quae
1561 657 1682 693 chum,

89 745 260 799 quidem
300 748 551 788 carunculae
594 747 868 788 nihilominus
909 761 959 787 ex
998 746 1209 787 ulceribus
1260 745 1338 786 sibi
1377 745 1542 786 adnatis

87 814 274 855 ichorem
307 815 519 868 quendam
553 820 766 866 evomunt,
799 820 841 856 ct
870 821 965 856 tum
998 815 1168 855 Medico
1203 827 1371 855 crucem
1403 814 1543 866 figunt

88 881 201 923 inter
240 883 491 934 curandum,
527 889 622 925 tum
662 898 788 937 aegro
824 883 958 936 magis
998 883 1089 936 ipsa
1128 887 1264 923 morte
1303 881 1544 922 timendum

87 951 259 992 malum.
323 951 526 994 Quinimo
557 966 678 1006 saepe
710 952 873 1002 accidit,
895 956 943 993 ut
975 951 1124 1001 sanics,
1154 965 1261 1004 quae
1281 964 1356 1004 per
1378 950 1543 991 Gonor-

87 1019 260 1061 rhoeam
291 1020 499 1075 deplenda
529 1026 632 1072 erat,
654 1021 717 1062 vel
748 1036 772 1061 a
801 1027 922 1062 motu
949 1020 1196 1071 idolentiori,
1218 1020 1282 1061 vel
1307 1019 1543 1072 astringen-

86 1087 197 1129 tium
216 1103 311 1139 usu,
327 1089 372 1129 in
393 1094 580 1130 scrotum
596 1089 796 1143 deposita,
815 1089 1124 1130 atrocissimum
1145 1088 1332 1130 dolorem
1354 1093 1395 1128 ct
1418 1087 1543 1128 scroti
1561 1094 1656 1124 scroti
1672 1094 1719 1142 5¹¹?

86 1155 466 1198 inflammationem
488 1163 687 1208 accersat,
707 1172 824 1198 nunc
855 1158 1073 1207 alterutro,
1095 1171 1211 1197 nunc
1231 1161 1428 1209 utroque,
1451 1155 1541 1209 ejus
1562 1136 1744 1166 flammatu).

86 1224 218 1266 latere
239 1224 284 1265 111
303 1225 459 1266 molem
479 1225 698 1278 ingentem
723 1225 856 1266 elato:
889 1225 1153 1279 gonorrhoea
1176 1224 1349 1265 interim
1369 1237 1540 1277 progre-

88 1292 204 1333 ditur
223 1293 398 1343 tardius,
422 1299 465 1334 at
485 1307 582 1333 vero
603 1293 751 1334 minae
777 1293 901 1334 ardor
921 1307 1009 1334 non
1029 1293 1172 1333 mitius
1200 1296 1337 1345 urget.
1397 1292 1541 1345 Atque

85 1359 190 1401 haec
222 1365 322 1402 sunt
358 1361 649 1402 communiora
683 1361 821 1402 morbi
851 1361 978 1415 hujus
1012 1365 1309 1415 symptomata,
1340 1364 1541 1400 manente

85 1427 166 1469 hoc
187 1427 277 1481 ejus
298 1432 427 1469 statu.

151 1495 259 1549 [11.]
297 1496 357 1536 At
384 1509 482 1537 vero
507 1496 670 1549 quoties
697 1496 782 1536 sive
806 1496 944 1537 morbi
970 1496 1252 1537 diuturnitate
1279 1500 1321 1536 et
1347 1495 1392 1535 in
1417 1495 1540 1536 dietis
1561 1505 1730 1537 Quomodo

85 1562 276 1617 partibus
310 1578 430 1605 mora
464 1563 662 1617 contagio
697 1578 865 1605 sursum
899 1564 1036 1605 fertur
1070 1568 1112 1604 et
1149 1563 1306 1604 sensim
1342 1562 1541 1616 sanguini
1561 1550 1686 1579 Gonor-

1559 1592 1655 1621 rhoea

84 1631 224 1673 labem
253 1630 472 1686 imprimit,
494 1637 568 1673 aut
599 1632 778 1674 materia
809 1632 1021 1672 virulenta
1050 1631 1242 1672 indebito
1273 1630 1537 1683 adstringen-
1559 1635 1710 1665 adolescit

84 1699 196 1740 tium
224 1714 306 1741 usu
332 1699 379 1740 in
405 1713 578 1754 corpore
597 1704 767 1741 retenta
795 1700 995 1741 humores
1022 1703 1288 1753 putrescunt,
1309 1713 1408 1739 vera
1428 1698 1540 1740 Lues
1558 1688 1715 1751 Ἒυζῗὲῗῃ]

85 1767 285 1819 exoritur,
307 1767 353 1808 in
374 1782 457 1821 qua
476 1772 677 1819 tumores,
696 1769 780 1809 sive
800 1768 1006 1819 bubones,
1024 1782 1147 1822 saepe
1167 1768 1214 1808 in
1234 1767 1412 1820 inguine
1428 1780 1540 1807 eom-
1561 1779 1721 1814 Bub0nes,

83 1839 281 1889 parentes
320 1835 506 1888 primum
546 1836 636 1890 ejus
672 1836 851 1889 gradum
891 1837 1173 1877 constituunt.
1235 1835 1412 1876 Dolores
1447 1839 1542 1875 tum
1560 1845 1682 1894 dolopes

85 1907 226 1956 eaput,
243 1907 338 1944 tum
360 1908 477 1944 artus
497 1904 543 1944 in
565 1904 840 1945 articulorum
863 1905 1116 1955 interstitiis,
1138 1905 1350 1956 (humeros
1367 1903 1539 1954 scilicet,
1558 1898 1724 1967 {ffffliffoe'

84 1970 270 2020 brachia,
293 1975 336 2011 ct
357 1971 494 2024 talos,)
519 1971 746 2012 crudeliter
766 1972 943 2022 laniant,
966 1973 1085 2012 nullo
1110 1972 1257 2013 ordine
1277 1971 1539 2021 invadentes

85 2042 129 2080 et
150 2052 224 2092 per
243 2038 478 2089 intervalla,
500 2039 599 2080 licet
619 2044 752 2080 noctu
778 2054 952 2092 aegrum
982 2040 1128 2081 lectuli
1155 2040 1292 2080 calore
1322 2039 1541 2092 perfusum

85 2106 296 2147 rarissime
325 2106 574 2157 destituant,
599 2120 678 2147 nec
710 2107 794 2147 nisi
824 2107 902 2148 sub
936 2121 1132 2148 auroram
1159 2108 1343 2148 libenter
1370 2120 1540 2147 evanes-

85 2178 198 2215 cant.
260 2173 486 2215 crustulae
521 2174 650 2215 etiam
685 2179 728 2216 et
758 2175 991 2229 porrigines
1021 2174 1155 2216 varias
1185 2175 1368 2228 corporis
1398 2179 1539 2228 partes
1558 2180 1728 2229 crustulae,

86 2241 330 2296 deturpant.
392 2243 644 2284 Flavcscunt
667 2242 746 2284 hae
766 2243 898 2284 ferme
921 2244 974 2284 ad
993 2243 1129 2284 instar
1149 2243 1244 2294 favi,
1269 2258 1351 2296 quo
1373 2243 1494 2296 signo
1516 2257 1540 2283 a
1556 2227 1708 2305 ἓξᾷᾏζᾞ

85 2311 259 2352 caeteris
294 2311 492 2352 omnibus
533 2317 691 2365 queant
724 2312 982 2363 internosci5
1035 2313 1289 2367 quandoque
1322 2313 1541 2366 superficie
1560 2319 1679 2348 Ps⁰⁸ss⁰⁷

84 2378 232 2420 latiore
262 2379 379 2420 varia
412 2384 622 2434 occupant
653 2380 836 2434 corporis
872 2381 1007 2435 spatia
1037 2381 1091 2422 ad
1121 2395 1219 2422 eum
1252 2381 1427 2422 modum
1459 2395 1542 2433 quo

84 2447 201 2501 lepra
239 2447 286 2489 in
326 2448 593 2489 Medicorum
639 2449 805 2503 scriptis
846 2449 1103 2503 depingitur.
1182 2448 1357 2491 Quanto
1398 2453 1541 2489 autem

83 2516 220 2569 magis
256 2516 416 2558 scabies
450 2517 554 2559 haec
589 2517 857 2570 diffunditur,
889 2523 1012 2559 tanto
1043 2518 1186 2558 minus
1223 2532 1348 2571 aeger
1383 2517 1540 2558 discru-

83 2583 234 2625 ciatur.
295 2585 504 2626 Universa
530 2590 816 2640 symptomata
839 2586 1102 2641 pedetentim
1128 2586 1445 2636 incrudescunt,
1469 2585 1540 2626 do-

83 2651 148 2693 lor
166 2666 267 2706 prae
286 2653 471 2707 reliquiS,
495 2653 566 2707 qui
588 2654 764 2696 tandem
786 2669 835 2696 eo
856 2668 991 2709 usque
1017 2654 1305 2705 exacerbatur,
1327 2658 1376 2694 ut
1398 2667 1441 2694 se
1467 2667 1540 2694 ne-

85 2727 212 2775 queat
232 2722 359 2763 miser
380 2723 539 2764 diutius
565 2723 612 2764 in
638 2723 748 2765 lecto
776 2725 1007 2774 continere,
1034 2724 1108 2765 scd
1134 2724 1327 2778 protinus
1353 2724 1540 2774 exiliens,

83 2788 168 2830 huc
197 2790 297 2831 illuc
327 2791 373 2831 in
404 2791 598 2833 cubiculo
632 2793 808 2833 cursitet
843 2793 1097 2847 irrequietus
1128 2793 1259 2834 femie
1286 2793 1419 2833 donce
1446 2792 1540 2832 illu-

85 2862 237 2898 cescat.
298 2858 421 2899 Adde
448 2859 560 2912 quod
588 2873 687 2913 prae
721 2859 875 2901 doloris
899 2860 1166 2901 vehementia
1193 2860 1385 2901 cranium
1415 2864 1541 2913 atquc
1558 2868 1728 2898 exostoscs,

85 2936 179 2966 ossa
207 2925 410 2967 tibiarum
442 2926 796 2981 brachiorumque
829 2928 928 2969 hinc
956 2928 1055 2968 inde
1088 2928 1344 2970 attolluntur
1374 2928 1418 2968 in
1449 2941 1540 2982 per-
