1985 3308
288 148 809 191 OBSERVATIONUM
842 150 1217 191 MEDICARUM
1249 155 1291 188 V.
1316 160 1347 190 5.
1469 154 1553 194 229

91 256 342 309 pulmonum
380 257 498 311 quasi
539 257 782 298 constrictio
818 257 1144 310 coarctatioque,
1178 257 1294 298 unde
1330 257 1553 298 difficulter
1602 273 1732 305 Tussus

91 324 277 377 spirabat
308 340 445 379 aeger,
482 324 755 366 inhibebatur
785 324 941 375 Tussis,
976 324 1240 365 excitabatur
1269 324 1397 364 febris
1428 325 1550 365 vehe-
1570 316 1755 391 g}¹‡:'¹j}¹3.

91 391 287 432 mentior.

150 457 232 515 [7.]
269 460 393 501 Febri
414 466 456 502 et
481 461 672 515 pessimis
701 462 791 516 ejus
819 461 1114 515 symptomatis
1144 461 1377 502 rectissime
1402 461 1550 514 (quan-

88 530 182 567 tum
204 534 398 569 accurate
419 529 532 569 facta
552 529 844 570 observatione
866 529 972 568 mihi
1000 529 1223 581 constitit,)
1249 529 1552 570 occurrebatur

87 596 425 637 venae-sectione
458 597 502 637 in
535 596 720 647 brachio,
757 603 799 637 et
835 597 1086 650 epispastico
1119 597 1285 637 nuchae
1323 597 1548 650 applicato,

86 663 265 717 clystere
286 664 389 705 item
412 665 599 718 quotidie
620 664 858 718 injiciendo.
910 665 1103 718 Aegrum
1125 664 1299 704 interim
1319 663 1547 704 monebam

86 735 136 771 ut
158 731 336 784 singulis
358 732 506 773 diebus
528 732 580 772 ad
602 733 724 773 horas
746 732 906 785 aliquot
927 732 1037 773 lecto
1059 732 1295 782 absisteret,
1314 731 1548 772 abstineret

87 813 112 839 a
148 800 358 850 carnibus,
393 814 509 841 nunc
545 800 786 841 cerevisiam
826 805 1014 851 tenuem,
1048 814 1164 841 nunc
1194 801 1258 841 lac
1294 814 1424 854 aquae
1455 814 1548 854 per-

85 868 275 918 mistum,
298 883 414 909 nunc
435 869 648 923 ptisanam
673 868 858 922 aliquam
879 868 1204 922 refrigerantem
1229 882 1276 909 ac
1297 869 1545 918 lenientem,

85 935 286 976 sorberet.
347 937 502 990 Elapso
513 937 603 990 jam
625 936 754 977 biduo
775 936 980 987 triduove,
1004 937 1038 976 si
1065 936 1258 977 nondum
1280 936 1547 976 minueretur

84 1002 203 1060 dolor
232 1004 388 1053 lateris,
410 1004 483 1044 sed
515 1004 652 1045 adhuc
683 1004 955 1045 vehomenter
984 1010 1168 1058 urgeret,
1196 1005 1449 1058 sanguinem
1479 1018 1542 1044 se-

84 1071 224 1112 cundo
247 1071 422 1121 detraxi,
438 1076 480 1112 et
502 1076 550 1112 ut
565 1072 611 1112 in
631 1087 713 1112 usu
735 1076 979 1113 enematum
993 1073 1236 1125 persisteret
1258 1072 1397 1113 adhuc
1414 1072 1539 1112 suasi.

82 1139 293 1181 Enemata
325 1145 469 1181 autem
506 1140 618 1194 quod
654 1140 822 1190 attinet,
860 1140 1087 1193 diligenter
1121 1140 1427 1181 advertendum
1463 1145 1539 1191 est,
1561 1153 1729 1192 Enmnata,

86 1208 254 1260 (tamin
286 1208 366 1249 hac
388 1222 515 1261 quam
547 1208 638 1248 aliis
668 1207 885 1261 febribus,)
911 1222 972 1259 ea,
990 1209 1080 1262 jam
1111 1209 1254 1249 fractis
1285 1208 1423 1249 morbi
1443 1208 1539 1248 viri-
1558 1197 1750 1278 ((Ιξῗζᾞᾞζῗζ

81 1275 161 1316 bus
183 1280 225 1316 et
246 1280 390 1317 retusa
407 1276 507 1326 acie,
524 1290 612 1316 non
630 1276 703 1316 diu
717 1281 757 1316 et
771 1277 975 1317 continuo
991 1277 1223 1330 repetenda
1239 1289 1341 1327 esse,
1356 1277 1540 1317 maxime
1558 1282 1726 1333 febribus)

79 1343 125 1383 in
146 1343 342 1384 foeminis
369 1343 555 1397 passioni
575 1343 811 1397 hystericae
841 1343 1046 1394 obnoxiis,
1070 1348 1145 1384 aut
1166 1345 1264 1384 viris
1295 1344 1539 1398 hypochon-
1558 1324 1666 1398 {1¹2}ssssss
1675 1337 1746 1400 ξῗζῗ

80 1410 231 1451 driacis
244 1428 256 1461 3
299 1425 397 1452 cum
431 1411 584 1451 talium
617 1411 790 1464 sanguis
826 1415 952 1464 atque
992 1411 1192 1452 humores
1234 1411 1540 1463 εὐμετάβλητοι
1558 1409 1627 1468 Ῑῗῑῑδ,
1645 1422 1708 1441 ¹¹0ss

80 1479 179 1530 sint,
202 1493 250 1521 ae
279 1480 399 1521 nullo
419 1479 506 1520 fere
536 1479 709 1532 negotio
738 1479 1009 1533 exagitentur
1034 1484 1161 1533 atque
1193 1484 1402 1530 aestuent,
1425 1458 1738 1532 1111ᾶο1ξιῗὲιῖῗΡΕ·

77 1549 353 1603 perturbatur
373 1549 557 1603 corporis
579 1548 835 1598 oeconomia,
859 1553 901 1589 et
923 1553 1209 1602 symptomata
1224 1549 1389 1590 febrilia
1410 1550 1539 1590 etiam
1560 1539 1745 1573 ¹¹¹³Xi¹¹¹ei¹¹

1558 1580 1705 1612 foeniini·

76 1617 191 1657 ultra
211 1617 379 1658 solitam
398 1617 619 1671 periodiun
641 1631 788 1669 aegros
811 1616 1081 1657 discruciant.
1557 1595 1736 1663 hystoricis,

138 1683 220 1740 [8.]
257 1685 341 1726 Sed
369 1691 420 1726 ut
451 1685 504 1726 ad
530 1699 620 1725 rem
647 1689 930 1726 revertamur:
964 1685 1066 1725 dum
1087 1685 1167 1726 hoc
1195 1690 1317 1738 pacto
1349 1685 1534 1739 spatium
1552 1676 1737 1749 ᾗὲιὲζῖξζξῃ,

76 1753 224 1794 morbo
245 1753 583 1804 concederemus,
600 1767 682 1807 quo
699 1752 872 1806 sanguis
889 1753 1044 1793 calidas
1061 1753 1153 1794 illas
1167 1753 1408 1807 particulaS,
1427 1768 1535 1807 quae
1555 1752 1677 1784 driacis.

75 1822 122 1862 in
141 1823 332 1876 pleuram
354 1837 402 1863 ac
428 1823 650 1877 pulmones
678 1823 960 1876 impegerant,
985 1823 1143 1863 sensim
1170 1827 1399 1874 excuteret,
1425 1838 1537 1878 sym-

76 1894 268 1943 ptomata
286 1891 483 1931 universa
505 1891 667 1945 placide
689 1891 883 1932 solebant
904 1905 1151 1932 evanescere
1167 1908 1179 1941 ;
1202 1905 1300 1931 cum
1322 1891 1395 1944 qui
1426 1905 1538 1932 mor-

76 1957 179 1997 bum
200 1958 380 1998 ferocius
402 1963 528 2011 atque
555 1959 700 1999 hostili
726 1973 857 1999 manu
888 1959 1259 2012 aggrediebantur,
1281 1959 1448 2012 ingenti
1473 1973 1536 2000 re-

75 2025 312 2065 mediorum
340 2026 557 2066 molimine
587 2026 747 2066 bellum
767 2027 1011 2076 inferentes,
1033 2027 1099 2067 vel
1127 2040 1221 2066 suos
1245 2040 1391 2079 aegros
1413 2025 1536 2066 amit-

75 2096 229 2143 terent,
263 2093 327 2133 vel
366 2093 517 2133 saltem
557 2093 845 2147 phlebotomia
885 2094 1050 2147 saepius
1091 2093 1271 2146 repetita
1304 2107 1431 2146 quam
1471 2093 1537 2134 vel

74 2160 317 2214 postulabat
349 2161 487 2202 morbi
523 2161 685 2214 genius,
708 2161 773 2202 vel
806 2161 935 2201 etiam
970 2166 1065 2201 tuto
1095 2161 1270 2210 ferebat,
1303 2160 1535 2200 eorundem

74 2227 204 2268 vitam
235 2228 441 2269 redimere
478 2234 744 2282 cogerentur.
807 2228 917 2269 Cum
953 2228 1067 2269 cnim
1097 2228 1144 2268 in
1173 2242 1271 2268 vera
1301 2228 1534 2269 Pleuritide
1555 2245 1704 2278 Pleurieis

72 2296 355 2337 venae-sectio
385 2297 565 2350 repetita
595 2310 765 2337 omnem
793 2310 1020 2336 numerum
1052 2295 1252 2343 absolvat,
1282 2295 1452 2348 solaque
1480 2295 1534 2336 ad
1552 2299 1625 2319 vera
1641 2290 1708 2320 ⁵⁰¹³

1552 2333 1686 2371 repetita

73 2364 335 2405 curationem
369 2365 560 2415 sufficiat,
592 2365 732 2417 (modo
764 2379 852 2405 non
877 2364 1119 2404 obstiterint
1149 2363 1460 2403 medicamenta
1490 2369 1531 2404 et
1550 2384 1736 2422 uenae-sec-

72 2432 263 2485 regimcn
292 2433 503 2483 calidiora,
537 2447 643 2487 quae
672 2439 821 2474 contra
850 2433 1067 2485 militant,)
1097 2445 1146 2472 ex
1179 2431 1351 2472 adverso
1381 2431 1426 2471 in
1451 2431 1531 2472 hoc
1549 2422 1633 2490 {¹13¹oe
1650 2428 1740 2448 cura-

73 2508 354 2557 symptomate
389 2504 490 2544 satis
523 2509 612 2544 erat
649 2503 790 2553 semel,
823 2503 887 2544 vel
920 2508 967 2542 ut
1003 2502 1235 2555 plurimum
1271 2501 1348 2551 bis,
1380 2515 1530 2542 venam
1553 2513 1589 2543 111
1612 2514 1670 2544 hae

72 2584 245 2621 secasse,
267 2572 393 2613 modo
416 2586 541 2624 aegro
559 2571 859 2612 concederetur
880 2576 928 2610 ut
950 2584 972 2610 c
989 2570 1097 2610 lecto
1119 2574 1341 2622 exurgeret
1364 2574 1405 2609 et
1426 2574 1531 2622 potu
1550 2556 1582 2629 sse
1580 2557 1659 2635 5¹¹1}ss
1677 2601 1725 2630 vel

70 2639 338 2693 refrigeranti
368 2645 570 2681 uteretur.
647 2640 782 2680 Nulla
822 2645 965 2679 autem
999 2637 1176 2691 cogebat
1217 2637 1446 2677 necessitas
1482 2637 1531 2690 (si
1550 2643 1704 2716 &afflindis

69 2705 179 2748 benc
210 2708 544 2760 observaverim)
581 2708 833 2761 sanguinem
865 2707 1030 2760 saepius
1067 2706 1256 2755 educere,
1289 2705 1371 2745 nisi
1402 2705 1476 2746 ubi
1507 2719 1532 2746 a
1550 2737 1662 2757 venam
1676 2739 1727 2758 se,

71 2775 206 2816 calorc
237 2775 337 2816 soris
369 2776 594 2817 accedente
627 2775 853 2816 admodum
884 2774 1179 2815 intenderetur
1220 2773 1382 2814 dictum
1418 2787 1529 2827 sym·
1546 2780 1636 2843 {22⁸³
1653 2771 1728 2801 ⁵215*

69 2847 215 2896 ptoma
228 2861 238 2893 3
271 2858 408 2897 neque
429 2844 556 2885 etiam
579 2844 623 2883 in
647 2844 725 2884 hoc
750 2858 849 2884 casu
871 2843 1058 2896 periculo
1079 2842 1123 2882 id
1144 2842 1318 2882 omnino
1340 2841 1528 2882 vacabat.

129 2910 209 2967 [9.]
248 2912 371 2952 Hanc·
398 2912 487 2965 jam
520 2919 668 2953 nactus
701 2927 860 2962 ansam,
888 2911 1068 2965 paucula
1095 2911 1146 2951 de
1177 2924 1226 2951 eo
1254 2910 1391 2950 dicam
1418 2909 1529 2963 quod
1551 2917 1599 2947 De
1615 2917 1738 2948 Pleuro-
