1985 3308
0 1443 29 1615 l

13 1628 26 2019 J

540 152 879 194 PROCESSUS
912 151 1179 193 INTEGRI.
1510 153 1592 193 605

193 261 344 301 Sumat
373 259 603 314 pilularum
634 259 876 300 cochiarum
906 257 1122 299 minorum
1152 258 1371 312 scrupulos
1399 257 1504 300 duos
1535 259 1593 298 al-
1680 269 1735 300 Da

132 330 266 370 ternis
295 328 518 370 matutinis
544 342 619 383 per
649 342 721 368 sex
740 328 850 369 vices
864 344 875 377 3
908 327 1061 368 deinde
1089 327 1226 381 capiat
1256 331 1322 367 ter
1349 326 1396 366 in
1426 325 1493 367 dic
1520 341 1595 380 per
1614 311 1793 342 PAnAnsx

133 394 314 448 triginta
334 395 423 436 dies
444 395 675 436 Electuarii
695 394 1033 436 Antiscorbutici
1060 394 1281 436 drachmas
1312 394 1429 444 duas,
1452 408 1595 448 supcr-

133 462 320 504 bibendo
333 463 481 516 Aquae
494 462 866 504 Antiscorbuticae
873 469 899 486 ¹¹¹
917 462 1151 504 cochlearia
1167 477 1250 504 sex.
1273 462 1399 517 (Vide
1414 462 1461 502 in
1475 463 1596 503 Scor-

135 530 227 570 buto
256 531 310 584 [c.
333 531 422 584 59.]
434 531 460 584 .)

139 618 268 658 [For-m.
286 623 385 665 252]
437 618 477 662 R
507 620 690 665 Unguenti
708 620 742 654 N
746 621 854 655 etvini
872 622 993 656 uncias
1010 627 1090 663 tres,

508 678 658 722 Spiritus
676 677 898 713 Lavendulae
915 679 1121 724 Compositi,

509 734 657 780 Spiritus
676 734 901 769 Cochleariae
920 735 1119 776 Hortensis‚
1137 746 1206 769 ana
1222 735 1501 781 sesquiunciam;

321 792 434 826 Misce
449 806 457 833 ;
480 798 514 826 et
530 792 748 837 inungantur
765 798 879 837 partes
894 792 1050 833 affectae,
1065 798 1103 826 ut
1118 793 1220 838 spina
1237 792 1340 834 dorsi,
1354 797 1431 833 etc„
1444 802 1547 826 mane
1561 797 1597 826 ct

323 860 407 883 sero.

1615 372 1786 402 CURATIO.

193 928 400 982 Pleraque
439 928 808 983 praescriptorum,
844 933 944 970 utut
984 929 1195 970 curationi
1235 928 1422 970 scorbuti
1458 929 1594 970 solum

135 995 340 1036 destinari
374 995 610 1047 xidcantur,
643 1001 848 1048 attamen,
871 1010 968 1038 cum
998 997 1196 1038 humores
1228 997 1378 1038 crudos
1410 1010 1458 1037 ac
1491 997 1595 1037 fixos

134 1064 386 1105 volatilisare
408 1078 507 1119 prae
539 1065 632 1106 aliis
654 1071 753 1119 apta
780 1069 882 1106 nata
912 1070 1025 1116 sunt,
1048 1066 1093 1106 in
1122 1065 1311 1120 Paralysi
1339 1065 1468 1106 etiam
1496 1079 1595 1106 con-

135 1132 328 1173 veniunt.

686 1290 811 1330 CAP.
846 1291 1041 1331 LVHU

631 1398 695 1436 De
722 1397 836 1437 Tussz'
858 1401 896 1437 et
918 1398 1096 1437 Phthisi.

192 1485 348 1526 'Possm
369 1499 444 1539 per
465 1499 508 1526 se
529 1490 661 1539 patet.
713 1486 902 1527 Phthisis
924 1491 1068 1528 autem
1088 1486 1250 1527 invadit
1272 1485 1324 1527 ab
1347 1485 1497 1527 aetatis
1520 1499 1594 1525 an-
1614 1495 1755 1526 phthisis

133 1567 191 1594 no
207 1553 371 1594 decimo
388 1558 534 1594 octavo
556 1554 610 1594 acl
629 1554 897 1608 trigesimum
919 1554 1131 1608 quintum.
1164 1555 1435 1595 Extenuatur
1451 1557 1594 1593 totum
1614 1539 1792 1579 descriptio.

134 1634 310 1674 corpus,
344 1620 473 1661 febris
503 1621 700 1662 molestat
729 1622 904 1673 hectica,
928 1637 952 1663 a
982 1622 1075 1663 cibo
1107 1622 1382 1672 invalescens,
1413 1635 1519 1675 quae
1545 1635 1593 1662 ex

133 1689 350 1729 celeritate
365 1689 525 1742 pulsus,
547 1689 839 1744 rubedineque
860 1704 1080 1744 genarum,
1099 1690 1362 1744 dignoscitur
1373 1707 1386 1740 3
1417 1689 1597 1730 materia

133 1770 209 1811 per
229 1756 397 1796 Tussim
419 1762 588 1798 excreta
612 1763 790 1799 cruenta
810 1763 873 1799 est
895 1763 969 1799 aut
993 1759 1236 1812 purulenta,
1258 1758 1305 1798 in
1328 1757 1473 1811 ignem
1496 1771 1594 1798 con-

130 1825 246 1879 jecta
264 1828 426 1864 tetrum
448 1825 580 1878 spirat
601 1825 787 1876 odorem,
811 1830 853 1866 et
880 1826 1071 1866 immissa
1090 1826 1137 1866 in
1156 1840 1228 1866 vas
1245 1839 1355 1879 aqua
1369 1825 1594 1878 repletum,

134 1893 318 1934 fundum
363 1893 471 1947 petit
487 1911 498 1944 ς
551 1894 724 1935 sudores
773 1895 976 1936 nocturni
1023 1895 1342 1948 superveniunt,
1383 1894 1594 1935 livescunt

135 1962 312 2003 tandem
344 1975 490 2015 genae,
521 1962 649 2002 facies
684 1963 827 2015 pallet,
860 1967 1121 2003 exacuantur
1152 1976 1276 2003 nares
1289 1979 1301 2012 3
1351 1966 1595 2016 temporum

136 2044 303 2084 quoquc
325 2030 545 2083 collapsus,
568 2030 779 2083 unguium
800 2029 1048 2080 incurvatio,
1066 2029 1313 2082 capillorum
1335 2028 1530 2079 defluxio,
1552 2033 1595 2069 et

136 2099 218 2139 alvi
249 2098 503 2152 profluvium
533 2098 863 2151 colliquativum,
884 2102 1067 2139 mortem
1100 2097 1245 2138 statim
1273 2097 1596 2138 subsecuturam

137 2167 411 2208 denunciant.

201 2234 280 2288 [2.]
321 2234 367 2274 Si
397 2233 540 2274 Tussis
575 2247 722 2274 recens
753 2233 895 2284 fuerit,
928 2237 970 2274 et
1005 2232 1199 2274 nondum
1229 2231 1383 2273 febrim
1410 2235 1484 2272 aut
1515 2231 1596 2272 alia
1615 2240 1787 2273 Commo.

136 2302 259 2356 signa
286 2302 684 2355 pcripncumonjam
714 2302 891 2342 notham
929 2301 1178 2342 comitantia
1208 2300 1471 2342 accersiverit
1487 2317 1498 2350 3
1531 2299 1595 2340 vel

138 2371 172 2411 si
195 2385 218 2411 a
238 2370 479 2424 plcuritide,
503 2375 577 2411 aut
597 2371 961 2424 peripneumonia,
979 2370 1032 2411 ob
1054 2370 1294 2423 neglectam
1315 2368 1594 2409 sufficientem

135 2438 470 2493 phlebotomiam
500 2438 609 2479 male
641 2439 811 2489 curatis,
834 2438 982 2479 cadem
1013 2452 1282 2492 nequaquam
1315 2442 1409 2478 orta
1439 2436 1593 2487 fuerit3

138 2507 240 2548 satis
263 2507 343 2547 erit
365 2512 413 2547 ut
435 2520 561 2560 aeger
580 2521 655 2560 per
672 2507 759 2547 dies
782 2507 942 2561 aliquot
960 2507 1011 2547 ab
1033 2520 1115 2547 usu
1134 2506 1221 2546 vini
1243 2511 1285 2546 et
1307 2505 1444 2546 carnis
1466 2504 1594 2545 absti-

137 2580 250 2626 neat,
274 2580 315 2616 et
336 2575 402 2615 his
424 2574 631 2616 similibus
652 2575 849 2616 remediis
871 2575 924 2616 ad
944 2575 1115 2616 libitum
1135 2578 1284 2615 utatur
1299 2590 1367 2614 :—

202 2643 281 2697 [3.]
311 2643 557 2684 Balsamum
579 2642 792 2696 sulphuris
814 2642 1026 2683 anisatum
1055 2641 1109 2682 ad
1137 2646 1281 2695 guttas
1303 2641 1449 2682 decem
1470 2640 1593 2682 coch-

136 2711 239 2752 lcari
255 2725 343 2752 uno
360 2710 545 2751 sacchari
562 2710 795 2764 crystallini
810 2710 1064 2751 instillatum
1079 2710 1145 2750 bis
1161 2709 1226 2751 vel
1241 2714 1307 2751 ter
1322 2709 1367 2749 in
1384 2708 1451 2750 die
1473 2708 1594 2750 devo-

136 2786 256 2821 retur
261 2797 272 2830 ;
294 2784 343 2820 ut
364 2779 491 2819 ctiam
509 2778 763 2819 tabellarum
780 2779 1060 2832 sequentium,
1078 2793 1181 2832 quas
1198 2792 1340 2820 secum
1357 2791 1482 2831 aeger
1497 2791 1596 2818 con-

137 2849 261 2890 tinuo
282 2853 435 2902 portet,
457 2862 588 2888 unam
609 2847 853 2902 frequentor
873 2852 1061 2889 assumat
1078 2864 1144 2887 :—

183 2938 202 2951 ¹¹²
232 2934 280 2963 Cf.
298 2934 422 2964 forium.
443 2934 514 2970 261,
534 2934 606 2964 262.
820 2939 836 2955 ¹¹
864 2934 913 2964 Cf.
932 2934 985 2964 inf.
1005 2945 1028 2964 c.
1048 2934 1108 2967 6ος
1142 2936 1262 2964 observ.
1282 2935 1361 2964 Mra.
1381 2944 1408 2963 ν.
1428 2935 1454 2963 ὂ.
1471 2935 1488 2963 3
1506 2944 1551 2972 sq.
