1985 3308
427 151 507 189 102
833 149 1089 190 THOMAE
1123 149 1316 190 SYDEN
1326 149 1366 189 H
1373 149 1463 188 AM

245 267 375 297 anms
422 270 568 298 corum
589 271 637 297 ac
657 256 964 298 rheumatismo
989 257 1277 298 laborantium
1302 256 1556 309 sanguinem
1587 255 1712 308 plane
1738 268 1880 295 aemu-

224 310 393 383 Jffiss's
420 325 558 376 latur;
591 325 787 366 adustam
815 326 1068 366 anthraeum
1097 325 1261 375 faciem,
1292 323 1473 378 pyrotici
1501 323 1678 364 actualis
1705 322 1880 375 impres-

218 398 401 451 έξΝξοξξυζΜ
421 393 528 434 sioni
560 407 647 434 non
675 393 936 444 absimilem,
969 408 1136 434 necnon
1167 393 1358 433 bubones
1386 392 1511 445 ipsos,
1542 391 1613 444 qui
1643 390 1880 430 infiamma-

250 439 300 474 6⁰'
331 441 380 468 ‘³⁰'
420 461 583 502 tionem
605 475 737 515 aeque
763 462 994 502 solenniter
1022 461 1239 515 excipiunt
1267 474 1315 501 ac
1344 460 1525 501 eandem
1551 458 1622 499 alii
1654 458 1880 512 cujuscun-

424 543 505 582 que
531 530 697 582 generis
724 534 913 570 tumores
939 529 1140 582 consequi
1176 528 1326 579 solent,
1348 528 1414 568 uti
1449 533 1491 568 et
1521 526 1880 567 inflammationes

418 597 642 650 pleraeque
672 610 818 637 omnes
854 597 900 637 in
926 597 1166 637 abscessum
1196 596 1497 636 terminantur.
1560 594 1677 636 Quin
1708 598 1750 634 et
1779 594 1881 634 anni

418 669 648 718 tempestas
685 679 768 718 qua
808 665 1041 718 epidemica
1075 664 1213 704 Pestis
1248 669 1297 704 ut
1333 663 1565 717 plurimum
1601 662 1800 711 exoritur,
1828 660 1882 702 ad

420 733 530 773 hanc
565 747 655 773 rem
691 733 932 786 symbolum
969 747 1094 772 suum
1126 732 1316 772 conferre
1348 731 1539 780 videtur,
1581 730 1730 771 eodem
1765 729 1881 770 enim

420 805 610 854 tempore
639 800 858 853 (nimirum
888 800 999 853 quod
1030 800 1143 840 inter
1163 813 1342 840 vernum
1374 799 1665 851 aestivumque
1691 798 1882 838 medium

420 870 513 920 cst,)
557 867 817 921 pleuritides,
871 868 1066 920 anginae,
1116 867 1306 920 aliaeque
1356 866 1612 906 inflammati
1661 865 1882 918 sanguinis

419 936 662 976 affectiones
699 935 960 989 populariter
997 936 1196 988 ingruere
1229 939 1564 975 consueverunt:
1609 934 1881 988 quemadmo-

420 1005 521 1044 dum
543 1004 672 1044 etiam
693 1018 915 1057 nunquam
943 1003 1251 1057 frequentiores
1271 1003 1378 1043 mihi
1398 1003 1514 1043 visae
1536 1007 1637 1043 sunt
1659 1016 1787 1056 quam
1808 1016 1882 1056 per

420 1073 579 1125 aliquot
601 1072 859 1125 septimanas
882 1086 988 1125 quae
1010 1086 1196 1124 nuperae
1219 1072 1358 1113 Pestis
1380 1071 1666 1112 Londinensis
1688 1075 1882 1111 exortum

419 1145 753 1181 antecesserunt.
815 1140 909 1180 Nee
940 1154 1037 1181 vero
1067 1140 1228 1180 nullius
1255 1145 1318 1180 est
1350 1140 1557 1180 momenti
1584 1139 1706 1179 illum
1741 1139 1882 1192 ipsum

420 1223 594 1259 annum,
617 1213 682 1249 tot
702 1208 886 1248 millium
909 1213 1048 1261 strage
1068 1207 1302 1258 funestum,
1325 1207 1512 1261 alioquin
1538 1207 1812 1248 mitissimum
1834 1221 1882 1248 ac

420 1277 747 1317 saluberrimum
788 1276 1004 1326 extitisse,
1057 1290 1288 1330 omnesque
1330 1277 1402 1330 qui
1443 1291 1468 1316 a
1503 1277 1628 1316 Peste
1669 1275 1882 1316 immunes

420 1345 701 1398 perstiterunt
727 1359 951 1398 nunquam
982 1345 1146 1385 meliori
1173 1344 1418 1386 valetudine
1448 1358 1546 1385 usos
1578 1343 1734 1384 fuisse:
1778 1344 1880 1398 quin

421 1418 463 1453 et
485 1426 554 1453 eos
577 1413 649 1466 qui
676 1412 728 1453 ab
755 1413 899 1453 eadem
928 1413 1255 1463 convaluissent,
1278 1412 1500 1453 cachexiae
1521 1411 1698 1465 aliisque
1720 1411 1880 1452 affecti-

419 1480 499 1521 bus
530 1495 554 1520 a
577 1481 741 1520 residua
767 1481 957 1534 priorum
988 1481 1234 1521 morborum
1256 1480 1350 1521 labe
1381 1480 1601 1534 provenire
1624 1480 1771 1530 solitis,
1794 1494 1882 1520 non

418 1548 553 1601 magis
568 1548 769 1589 obnoxios
787 1548 984 1602 deinceps
998 1549 1161 1589 xixisse.
1198 1549 1365 1591 Quibus
1380 1548 1541 1589 accedit
1559 1547 1671 1601 quod
1688 1554 1730 1588 et
1747 1562 1881 1602 quan-

418 1622 658 1669 taecunque
678 1617 918 1657 latitudinis
942 1622 1205 1670 apostemata
1226 1623 1267 1657 et
1289 1617 1551 1667 carbunculi,
1568 1621 1794 1670 postquam
1813 1615 1879 1656 in-

419 1685 660 1725 flammatae
681 1685 914 1738 particulae
935 1699 1023 1724 una
1044 1699 1141 1725 cum
1163 1686 1279 1726 sanie
1308 1685 1599 1734 decessissent,
1630 1684 1880 1737 chirurgicis

420 1753 598 1802 auxiliis,
614 1753 748 1806 iisque
765 1767 852 1793 non
867 1753 1096 1793 admodum
1113 1754 1376 1806 conquisitis,
1394 1753 1516 1794 facile
1533 1758 1683 1793 sanata
1702 1752 1878 1793 fuerint.

485 1821 592 1874 [172]
631 1822 793 1861 Verum
829 1822 1044 1875 perquirat
1080 1822 1149 1862 hic
1180 1822 1356 1863 fortasse
1393 1821 1556 1874 aliquis,
1590 1821 1624 1861 si
1661 1821 1799 1861 Pestis
1833 1821 1880 1860 in

418 1888 754 1929 inflammatione
791 1889 973 1943 quadam
1007 1890 1224 1940 consistat,
1263 1890 1334 1943 qui
1374 1890 1448 1930 fiat
1485 1895 1533 1929 ut
1568 1889 1881 1929 medicamenta

302 2010 308 2016 ,
419 1957 628 1997 calidioris
669 1972 832 2007 censuS,
872 1959 1011 2011 qualia
1052 1964 1152 1999 sunt
1189 1959 1527 2011 alexipharmaca
1557 1971 1688 2011 prope
1723 1957 1878 2007 omnia,

215 2009 403 2083 sslaegffffi‘j
418 2031 512 2065 tum
534 2025 587 2065 ad
608 2026 783 2079 hujusce
805 2026 980 2066 affectus
1001 2027 1274 2080 therapeiam,
1297 2041 1423 2079 quam
1445 2025 1737 2080 propliylaxin,
1758 2030 1881 2067 tanto

218 2094 398 2143 quecalicu-
419 2107 517 2134 cum
549 2094 693 2134 fructu
727 2095 1021 2148 usurpentur?
1091 2094 1177 2135 Cui
1198 2095 1444 2149 respondeo,
1466 2095 1539 2135 illa
1567 2095 1775 2135 duntaxat
1805 2108 1880 2148 per

215 2138 386 2211 gsssslfflfg'
421 2162 614 2203 accidens
643 2163 847 2202 auxilium
873 2167 1098 2216 praestare,
1122 2178 1275 2218 nempe
1304 2164 1610 2217 diaphoreseos,
1633 2178 1762 2218 quam
1789 2177 1878 2203 sus-

216 2234 379 2296 ἕξιῐιξξὲζ-
420 2229 567 2280 citant,
590 2229 796 2270 beneficio
812 2248 824 2280 3
857 2245 939 2284 quo
968 2231 1199 2284 particulae
1231 2231 1451 2285 sanguinis
1478 2231 1768 2271 inflammatae
1799 2230 1878 2271 dif-

217 2314 286 2339 tum
302 2319 374 2349 pro·
419 2298 576 2338 flantur
597 2304 725 2352 atque
747 2299 1099 2340 exterminantur.
1144 2300 1270 2341 Quod
1301 2300 1335 2339 si
1356 2300 1464 2340 forte
1485 2299 1674 2339 exhibita
1704 2299 1878 2339 sudores

216 2358 373 2434 ἓξζὲξέῇᾞς
420 2379 681 2407 commovere
703 2381 790 2407 non
818 2367 998 2417 valeant,
1026 2368 1088 2419 (ut
1105 2381 1304 2421 persaepe
1325 2367 1506 2419 accidit,)
1531 2381 1629 2406 mox
1657 2366 1878 2420 sanguinis

219 2437 383 2485 amphore-
419 2434 678 2484 incendium,
694 2434 746 2475 ab
769 2434 965 2475 addititio
986 2435 1123 2475 calore
1144 2436 1280 2489 magis
1298 2435 1534 2485 efferatum,
1554 2448 1700 2476 eorum
1721 2448 1877 2475 noxam

216 2486 392 2562 ζῖῗίιῗιζζῃιὲ
420 2502 558 2554 palam
593 2503 839 2556 proclamat.
918 2503 1206 2557 Prophylaxin
1251 2509 1299 2544 ut
1350 2503 1476 2544 verbo
1527 2503 1751 2555 attingam,
1788 2516 1877 2543 non

216 2576 355 2605 beralius
421 2584 514 2609 sum
547 2571 713 2611 nescius
745 2571 874 2611 etiam
905 2571 959 2611 ad
998 2571 1115 2611 illam
1147 2571 1446 2612 antidotalium
1477 2570 1711 2611 calidorum
1750 2584 1876 2610 usum
1923 2561 1925 2563 ¹

216 2618 401 2690 ἓῗὲἦξζᾟὲω
423 2637 575 2687 passim
605 2637 915 2691 depraedicari;
948 2643 991 2678 at
1014 2652 1096 2692 quo
1118 2639 1419 2688 emolumento,
1442 2638 1580 2678 adhuc
1607 2637 1876 2691 probandum

214 2703 345 2775 forti01ra
419 2709 563 2744 restat.
626 2705 720 2746 Inio
752 2706 900 2746 vinum
933 2706 1107 2747 liberius
1142 2707 1468 2760 ingurgitatum,
1503 2707 1667 2760 aliaque
1701 2706 1876 2746 fortiora

217 2755 399 2817 ss‘gssssssfflssffis,
420 2773 725 2823 praeservativa
760 2775 881 2814 statis
913 2775 1027 2815 horis
1064 2775 1212 2815 dietim
1253 2780 1482 2828 assumpta,
1517 2774 1765 2828 complures,
1803 2774 1875 2827 qui

218 2830 400 2912 ξξξηῑῖἐῗ·
421 2839 522 2879 alias
563 2841 665 2881 salvi
696 2842 931 2896 intactique
973 2844 1254 2885 verisimiliter
1294 2843 1638 2898 permansissent,
1672 2843 1719 2884 in
1757 2843 1873 2883 hunc

218 2915 395 2955 cipitarunt.
422 2907 620 2948 effectum
643 2910 930 2962 conjecerunt.
