1985 3308
423 152 522 194 DIS
529 151 819 193 SERTATIO
849 152 1256 195 EPISTOLARIS.
1480 157 1563 198 355

111 259 269 312 plantis
310 258 568 313 applicitum.
645 258 773 300 Quod
813 259 959 299 allium
1008 273 1153 300 revera
1192 260 1391 311 attrahat,
1427 262 1562 302 mani·
1584 270 1638 300 Dr.
1655 271 1765 301 Vm-

111 326 269 367 festum
291 333 354 367 est
375 341 400 368 a
418 326 610 367 vesiculis
632 340 735 380 quas
760 340 882 380 saepe
914 326 1081 377 excitat,
1104 331 1146 367 et
1175 342 1200 367 a
1220 327 1362 369 dolore
1381 328 1453 370 illo
1474 343 1562 370 non
1581 314 1770 385 ⁰ssssffxoff‘

111 392 286 434 ferendo
307 408 433 447 quem
453 407 761 446 nonnunquam
786 393 899 446 (licet
919 395 1043 446 1·aro,)
1069 394 1204 445 affert,
1227 395 1355 435 etiam
1384 409 1472 436 non
1493 410 1561 436 ex-
1580 401 1620 439 tis
1636 411 1745 440 admo-

112 460 252 501 citatis
284 462 490 510 vesiculis,
523 461 721 502 humores
755 460 911 501 scilicet
946 461 993 500 in
1025 466 1165 514 partes
1194 462 1287 503 illas
1317 463 1562 514 invitand03
1582 452 1729 523 {³352qu

111 528 226 568 unde
257 528 375 569 dolor
404 534 494 570 tam
523 529 749 569 vehemens
781 528 1033 582 quandoque
1063 534 1235 570 exortus
1266 535 1342 582 est,
1374 536 1423 572 ut
1453 536 1564 572 cata·
1584 536 1682 566 donec
1699 547 1750 566 ae-

111 595 317 648 plasmate
349 609 371 636 e
400 596 511 636 mica
540 596 659 649 panis
690 596 943 649 similaginei
969 597 1015 636 in
1039 596 1148 637 lacte
1169 599 1277 638 cocti
1298 599 1480 639 eundem
1503 613 1564 640 se·
1583 584 1759 660 Ξῗζᾶξῗῗζ,

113 662 212 703 dare
227 676 398 703 necesse
414 663 649 704 habuerim.
691 663 747 703 In
763 663 918 704 adultis
939 663 1081 717 itaque
1103 665 1176 718 qui
1191 666 1372 707 Variolis
1394 666 1564 707 Conflu-
1585 664 1665 711 situs
1679 664 1746 694 fue-

113 729 283 771 entibus
309 729 518 780 laborant,
541 730 685 771 allium
706 731 889 771 incisum
920 735 962 771 et
989 731 1122 773 linteo
1148 732 1389 774 involutum
1408 734 1566 787 plantis
1584 710 1634 736 ω’

111 797 269 850 pedum
294 797 515 838 admovere
544 798 656 838 soleo
688 812 713 838 a
745 797 811 838 die
843 803 1004 849 octavo,
1030 799 1076 840 in
1107 814 1190 853 quo
1219 801 1406 854 primum
1436 801 1566 842 facies

110 865 370 915 intumescit,
397 865 531 905 donec
555 866 644 919 jam
672 865 844 906 morbus
871 867 1058 919 periculo
1084 868 1202 908 omni
1227 873 1359 920 vacet,
1389 869 1566 924 singulis

110 932 260 974 diebus
279 933 584 974 renovandum.

176 1001 284 1055 [45.]
322 1002 475 1055 Neque
491 1002 662 1042 interim
677 1002 793 1042 istud
808 1003 912 1043 mihi
926 1003 1282 1056 praetereundum
1299 1009 1374 1055 est,
1393 1019 1567 1058 aegrum
1587 1011 1701 1042 Diaeta
1717 1021 1772 1051 per

111 1070 271 1111 scilicet
298 1085 323 1111 a
350 1070 547 1111 carnibus
576 1070 758 1111 durante
786 1071 934 1112 morbo
955 1071 1184 1112 arcendum
1207 1072 1381 1112 omnino
1402 1086 1504 1122 esse,
1527 1077 1567 1113 et
1586 1059 1689 1126 Ξὲζζζ
1706 1097 1759 1126 ἀρ,

111 1139 354 1180 cerevisiam
384 1139 620 1192 lupulatam
651 1152 827 1192 eamque
854 1139 1149 1180 tenuissimam
1176 1144 1347 1180 tantum
1368 1154 1443 1193 pro
1464 1145 1569 1193 potu
1587 1149 1729 1169 cursum.

110 1207 440 1248 concedendam.
503 1207 529 1247 J
532 1206 688 1247 usculis
709 1206 939 1256 avenaccis,
960 1206 1096 1260 pomis
1118 1207 1260 1257 coetis,
1283 1211 1325 1247 et
1346 1207 1437 1260 jam
1458 1207 1571 1248 dicta

111 1275 321 1325 cerevisia,
340 1274 680 1316 commodissime
701 1274 866 1314 interea
885 1274 1016 1313 w’tam
1036 1273 1247 1314 tolerabit.
1308 1274 1368 1314 At
1388 1287 1485 1314 vero
1507 1274 1569 1314 in-
1588 1286 1683 1322 Vino,
1700 1286 1750 1316 in-

111 1348 252 1383 stante
283 1343 374 1396 jam
405 1342 705 1392 maturatione,
738 1341 814 1382 ubi
845 1342 1075 1394 particulae
1110 1341 1364 1394 purulentae
1396 1342 1443 1382 in
1475 1357 1569 1383 san·
1588 1334 1774 1401 ξζῖἓξξοζξξ·

111 1410 252 1463 ginnis
273 1423 455 1449 massam
476 1409 791 1462 regurgitantes
819 1409 995 1449 eandem
1016 1409 1117 1449 tabo
1144 1423 1220 1449 suo
1240 1409 1569 1462 inquinaverint,
1589 1414 1760 1453 indulgen-

109 1478 215 1518 utile
246 1477 327 1518 erit
358 1477 592 1518 cochlearia
612 1477 699 1517 vini
730 1477 890 1530 aliquot
919 1476 1096 1530 singulis
1128 1477 1288 1518 auroris
1310 1481 1352 1518 et
1373 1478 1571 1519 noctibus
1590 1458 1676 1488 dum.

110 1559 236 1599 aegro
275 1545 510 1598 indulgere.
574 1545 773 1598 Stragula
809 1544 924 1599 quod
959 1544 1114 1585 attinet
1151 1549 1193 1586 et
1225 1544 1381 1585 lodices
1418 1546 1570 1599 quibus

109 1627 235 1667 aeger
258 1612 304 1653 in
327 1613 437 1654 lecto
467 1618 531 1654 est
556 1612 859 1665 contegendus,
889 1626 1030 1667 neque
1057 1613 1180 1666 plura
1211 1613 1296 1653 sint
1327 1613 1400 1653 illa
1431 1627 1570 1669 neque

108 1681 307 1734 pauciora
336 1695 466 1736 quam
494 1680 645 1734 quibus
677 1694 804 1720 sanus
834 1680 1046 1721 utebatur.
1109 1680 1227 1722 Quin
1252 1685 1295 1721 et
1322 1681 1504 1721 liberum
1532 1682 1570 1722 ei
1590 1692 1727 1722 Sudores

107 1749 177 1800 sit,
209 1749 375 1804 quoties
401 1749 594 1799 voluerit,
617 1762 660 1788 se
692 1748 744 1789 ab
775 1748 856 1788 hae
885 1748 932 1788 in
962 1748 1080 1789 illam
1111 1748 1211 1789 lecti
1239 1753 1406 1802 partem
1431 1754 1569 1790 trans-
1588 1735 1755 1766 evitentur.

109 1819 230 1868 ferre,
254 1832 336 1872 quo
363 1817 600 1872 praepediri
625 1818 789 1871 possint
815 1818 988 1858 sudores
1018 1818 1090 1858 isti
1116 1820 1442 1872 symptomatici,
1467 1835 1570 1873 quos

111 1899 236 1938 aegro
256 1899 420 1935 nocere,
444 1886 545 1926 satis
571 1885 763 1938 (opinor,)
790 1886 906 1926 eiici.
967 1885 1130 1926 Eodem
1158 1891 1280 1939 pacto
1302 1887 1430 1927 etiam
1451 1902 1569 1941 prae-

112 1953 328 1994 cavebitur
355 1953 566 1993 efferatior
593 1953 943 1994 exanthematum
973 1953 1200 2006 phlogosiS,
1231 1954 1368 1995 excita
1393 1969 1417 1995 a
1436 1956 1570 1997 nimio

109 2021 246 2062 calore
273 2035 398 2074 quem
425 2033 572 2060 carnes
603 2020 861 2061 contrahunt
890 2020 1053 2073 quoties
1082 2034 1207 2073 aeger
1236 2035 1400 2074 semper
1421 2023 1568 2063 eodem

110 2089 155 2128 in
175 2089 279 2138 loco,
303 2101 380 2128 ceu
400 2088 495 2141 palo
517 2087 688 2137 defixus,
707 2088 834 2141 jacet.
897 2087 962 2127 De
983 2087 1063 2128 hoc
1085 2092 1226 2128 autem
1249 2088 1350 2128 alias
1379 2089 1564 2144 [Observ.

110 2157 223 2196 Med.
247 2155 305 2195 iii.
329 2158 367 2196 2.
391 2156 461 2205 46,
484 2155 574 2208 50.]
602 2155 804 2208 prolixius
827 2154 1018 2195 disserui.

169 2223 279 2280 [46]
319 2224 475 2264 Casum
507 2223 815 2277 nuperrimum,
854 2237 931 2264 ceu
967 2223 1180 2276 specimen
1212 2224 1403 2277 integrae
1437 2224 1565 2279 hujus
1585 2234 1687 2283 Casus

108 2307 297 2348 praxeos,
321 2293 582 2333 subnectam.
637 2292 731 2332 Hac
752 2292 842 2344 ipsa
861 2291 1011 2345 hyeme
1032 2304 1101 2331 me
1123 2291 1360 2332 accersebat
1381 2292 1566 2333 foemina
1582 2287 1688 2308 farm*

107 2360 275 2410 nobilis,
307 2359 493 2400 Domina
524 2359 695 2408 Daeres,
722 2363 772 2398 ut
809 2358 1022 2411 quendam
1053 2373 1178 2399 suum
1207 2365 1419 2412 nepotem,
1452 2360 1564 2400 D¹¹¹¹¹¹¹

109 2427 315 2468 Thomam
342 2427 495 2476 Cheut,
521 2431 858 2480 temperamento
889 2440 1093 2480 perquam
1125 2428 1358 2481 sanguineo
1384 2433 1425 2469 et
1451 2434 1563 2469 aeta-

107 2498 151 2536 te
181 2495 401 2535 florentem
432 2494 629 2534 Medicus
660 2508 865 2534 curarem.
927 2494 1069 2534 Pridie
1100 2499 1294 2548 coeperat
1324 2495 1563 2537 febricitare

107 2562 400 2611 vehementer3
447 2562 668 2602 colluviem
695 2561 890 2602 biliosam
915 2561 960 2601 in
986 2576 1142 2615 magna
1177 2562 1296 2615 copia
1327 2577 1402 2616 per
1432 2564 1560 2604 vomi-

106 2635 199 2671 tum
219 2629 460 2684 rejiciebat,
493 2630 665 2670 dorsum
685 2629 917 2683 plurimum
945 2629 1126 2669 dolebat.
1190 2630 1271 2670 His
1302 2631 1422 2670 malis
1456 2632 1560 2672 sola·

105 2698 216 2738 tium
246 2711 450 2751 quaerens
481 2702 522 2737 et
553 2697 757 2745 levamen,
788 2697 947 2737 lectum
974 2697 1158 2750 petebat,
1184 2702 1225 2737 et
1247 2702 1340 2737 tum
1362 2700 1561 2751 stragulis

107 2766 333 2806 acervatim
363 2765 544 2818 injectis,
567 2770 661 2805 tum
686 2765 832 2805 calidis
860 2765 1088 2817 assumptis
1118 2764 1364 2818 liquoribus,
1388 2766 1560 2808 sudores

106 2846 180 2886 per
211 2832 323 2873 diem
350 2833 567 2886 integrum
598 2833 715 2873 omni
751 2847 828 2886 ope
860 2832 1126 2882 sollicitabat,
1157 2832 1230 2872 sed
1260 2832 1429 2883 frustra,
1462 2847 1559 2875 cum

105 2904 228 2941 tanta
258 2899 310 2940 ad
341 2900 595 2941 vomendum
619 2900 869 2954 proclivitas,
900 2905 940 2940 et
964 2899 1042 2939 alxi
1064 2900 1214 2950 fluxus,
1237 2900 1334 2941 licet
1356 2902 1556 2951 modicus,
