1985 3308
194 283 247 312 Dss
266 281 342 311 Lus

172 325 355 354 VENEREA.

175 372 265 416 {fuld
281 394 314 414 a-

374 166 459 205 324
778 163 857 204 ΤΗ
864 163 1035 204 OMAE
1070 162 1409 204 SYDENHAM

376 271 489 312 Lues
516 277 558 312 et
581 270 857 312 Gonorrhoea
881 285 968 310 una
999 270 1282 319 stabulantur,
1304 268 1370 308 vel
1400 271 1500 307 ante
1533 262 1835 315 salivationem,

376 340 442 381 vel
463 353 512 380 ea
536 339 626 393 jam
647 344 829 392 peracta,
854 338 1153 379 Gonorrhoeae
1181 335 1343 376 curatio
1364 332 1574 374 tentanda
1593 336 1657 372 est
1670 348 1681 382 3
1724 331 1838 384 quod

174 427 313 466 gendum
335 427 361 456 si
379 413 422 448 et
447 407 584 448 tutius
605 408 652 448 fit
677 408 760 461 (me
777 407 948 460 judice,)
975 412 1016 446 et
1037 406 1200 446 facilius
1227 404 1355 444 etiam
1383 407 1478 455 post
1499 401 1666 442 finitam
1691 401 1837 442 saliva-

174 470 259 499 Lues
268 470 368 500 etGo-

176 512 330 542 norr'noea

175 565 238 584 una
257 555 361 585 stabu-

174 597 290 628 lentur.

179 1090 309 1120 Curatio

182 1132 335 1162 cxostosis
345 1144 351 1167 ;

182 1559 244 1589 oris
260 1558 351 1588 exul-

181 1601 285 1632 cerati.

194 2319 317 2354 Diaeta,
332 2322 363 2347 et

192 2361 352 2400 reliquum

192 2404 275 2442 aegri
290 2403 370 2443 regi-

193 2457 276 2476 men.

379 474 553 524 tionem,
590 488 689 514 cum
730 473 867 514 Luem
907 473 1068 513 habens
1109 471 1307 512 comitem
1350 469 1629 510 Gonorrhoea
1672 469 1839 522 aegrius

381 541 588 591 dometur,
637 555 744 594 quae
786 555 883 581 vero
919 555 943 580 a
974 553 1219 593 praegressa
1259 537 1502 578 salivatione
1544 537 1840 590 quadantenus

380 609 556 650 subacta
594 608 689 658 fuit,
726 607 880 647 minori
920 607 1091 659 negotio
1138 605 1372 658 expugnari
1418 604 1562 645 soleat.
1641 605 1702 645 At
1741 618 1840 645 vero

380 674 620 716 catharticis
652 674 845 726 religiose
874 673 1175 714 abstinendum
1207 678 1270 713 est
1302 686 1521 726 quousque
1549 673 1616 712 vel
1639 672 1841 712 minimae

381 741 636 783 salivationis
656 741 856 794 reliquiae
885 741 1096 794 supersint
1110 758 1121 790 3
1155 740 1430 794 quamobrem
1454 740 1621 781 turbith
1647 740 1842 781 minerali

381 810 510 851 semel
540 814 613 849 aut
638 809 702 849 bis
730 809 775 848 in
801 808 1067 849 hebdomade
1095 809 1281 849 exhibito
1312 809 1499 849 seciuius
1525 823 1617 849 rem
1648 808 1841 849 commit-

379 884 533 927 temus,
552 891 680 930 quam
707 876 797 916 aliis
827 876 1110 930 purgantibus
1133 876 1403 930 quibuslibet,
1426 877 1546 930 eujus
1566 876 1605 915 vi
1625 871 1842 929 promove-

380 944 497 984 bitur
522 944 836 997 aliquantulum
860 944 1124 998 ptyalismus,
1148 944 1251 984 dum
1276 943 1447 984 interim
1468 943 1647 984 materia
1677 942 1842 984 Gonor-

380 1012 554 1053 rhoeam
575 1012 846 1052 committens
867 1012 1075 1065 paulatim
1097 1016 1361 1053 excernatur.

448 1080 556 1134 [35]
577 1086 605 1103 ¹¹¹
637 1080 769 1121 Porro
791 1080 1103 1121 observandum
1131 1086 1207 1131 est,
1231 1081 1266 1120 si
1286 1086 1430 1121 tumor
1457 1079 1540 1121 ossi
1567 1078 1692 1120 alicui
1717 1079 1844 1132 (Eoeo-

381 1149 502 1188 sto-eis
528 1148 656 1201 vulgo
685 1147 858 1202 dictus,)
884 1148 1078 1199 insideat,
1109 1148 1181 1202 qui
1213 1148 1342 1189 etiam
1372 1148 1538 1188 tamdiu
1563 1146 1846 1201 permanserit

381 1221 432 1257 ut
459 1230 504 1256 os
531 1216 622 1270 jam
653 1216 762 1256 carie
791 1217 1010 1266 afficiatur,
1032 1216 1246 1257 incassum
1276 1231 1448 1270 prorsus
1476 1216 1555 1256 erit
1583 1215 1667 1256 sive
1699 1215 1846 1255 saliva-

382 1284 511 1334 tione,
528 1284 611 1324 sive
633 1284 715 1324 alia
735 1284 875 1338 aliqua
895 1285 1110 1335 methodo,
1125 1285 1389 1326 curationem
1411 1284 1597 1338 aggredi,
1614 1283 1696 1324 nisi
1717 1283 1848 1324 etiam

382 1352 481 1393 huic
502 1353 614 1393 malo
636 1352 801 1393 obviam
823 1357 945 1393 eatur
957 1370 969 1402 3
999 1367 1046 1393 ac
1067 1353 1243 1407 proinde
1265 1368 1310 1394 os
1332 1367 1409 1406 ope
1431 1352 1604 1394 caustici
1625 1351 1846 1392 denudan-

385 1420 500 1470 dum,
531 1426 572 1460 et
605 1420 920 1473 quamprimum
952 1420 1066 1460 idem
1101 1421 1230 1473 (quod
1261 1421 1410 1472 aiunt,)
1448 1420 1737 1472 eafolz'andzcm,
1762 1433 1846 1459 usu

386 1487 544 1528 scilicet
565 1487 850 1528 remediorum
873 1502 979 1541 quae
1000 1488 1283 1529 intentionem
1305 1488 1415 1528 hanc
1436 1488 1610 1541 implere
1633 1487 1788 1527 solent.

451 1555 559 1608 [36]
575 1561 592 1578 ¹¹
625 1555 679 1595 In
696 1569 767 1596 ore
783 1556 1036 1605 exulcerato,
1053 1556 1166 1609 quod
1182 1556 1471 1596 salivationem
1492 1555 1624 1608 passis
1644 1555 1705 1594 ita
1725 1554 1846 1594 fami-

385 1623 499 1673 liare,
533 1623 566 1662 si
598 1623 661 1663 vel
692 1638 816 1676 aeger
847 1623 981 1664 dolori
1010 1624 1185 1664 serendo
1215 1639 1291 1677 par
1322 1639 1409 1664 11011
1441 1624 1507 1673 sit,
1535 1623 1600 1663 vel
1631 1636 1680 1663 eo
1710 1636 1846 1676 usque

385 1690 492 1730 illud
516 1690 780 1730 excorietur⁰
801 1695 849 1730 ut
872 1690 1078 1743 sanguine
1101 1691 1274 1740 diffluat,
1297 1692 1439 1731 idemp
1460 1695 1585 1731 nocte
1608 1690 1758 1744 dieque
1784 1691 1849 1731 vel

387 1772 497 1811 aqua
526 1772 720 1798 rosarum
741 1758 1119 1807 Damascenarum,
1141 1758 1205 1798 vel
1237 1758 1346 1798 lacte
1372 1771 1505 1811 aquae
1535 1757 1750 1810 permisto,
1783 1757 1850 1797 vel

387 1825 546 1876 hordei,
577 1825 728 1866 radicis
770 1825 971 1874 althaeae,
1010 1831 1051 1865 et
1093 1825 1304 1865 seminum
1345 1824 1623 1879 cydoniorum
1663 1824 1848 1874 decocto,

389 1893 629 1947 saepissime
654 1893 938 1946 proluendum
964 1898 1040 1933 est.
1103 1893 1293 1933 Unicum
1320 1893 1400 1933 1100
1426 1897 1666 1947 symptoma
1689 1905 1847 1932 memo-

388 1961 519 2002 rabile
555 1961 683 2014 (quod
709 1960 821 2013 scio,)
849 1959 1082 2001 salivationi
1103 1960 1267 2009 accidit,
1291 1960 1441 2000 saltem
1463 1959 1627 2012 quoties
1658 1972 1707 1998 ea
1733 1971 1851 1999 more

391 2029 532 2069 debito
555 2029 901 2078 administratur,
935 2033 976 2068 et
999 2042 1099 2068 sane
1121 2027 1155 2067 si
1177 2027 1294 2068 dolor
1316 2031 1358 2067 et
1380 2027 1463 2067 oris
1484 2025 1739 2066 exulceratio
1761 2030 1852 2066 arte

392 2097 531 2150 aliqua
558 2097 758 2149 protelari
782 2097 1013 2151 potuerint,
1035 2095 1151 2136 haud
1181 2095 1318 2136 multo
1343 2099 1452 2135 esset
1473 2094 1689 2134 molestior
1716 2092 1854 2134 morbi

392 2166 519 2219 hujus
541 2165 716 2216 curatio,
740 2179 868 2219 quam
890 2170 953 2206 est
975 2164 1155 2205 aliorum
1181 2164 1341 2218 aliquot
1362 2164 1489 2217 longe
1517 2163 1657 2204 minus
1678 2163 1853 2216 famige-

392 2239 597 2274 ratorum.

460 2303 568 2356 [37]
607 2302 806 2343 Diaetam
840 2302 953 2356 quod
988 2305 1149 2356 spectat
1182 2305 1224 2340 et
1256 2299 1468 2352 reliquum
1501 2297 1615 2350 aegri
1648 2297 1853 2350 regimen,

397 2371 543 2412 eadem
565 2385 735 2424 prorsus
760 2371 805 2411 in
827 2370 1083 2420 salivatione,
1107 2369 1257 2409 saltem
1283 2368 1416 2408 donec
1438 2366 1491 2407 ad
1511 2367 1641 2406 finem
1657 2366 1747 2420 jam
1767 2365 1856 2406 fere

398 2444 553 2492 vergat,
591 2453 638 2479 ac
673 2439 719 2479 in
759 2439 954 2489 cathal-si,
986 2437 1235 2491 imperanda
1276 2449 1450 2477 censeo:
1493 2449 1674 2488 cumque
1710 2434 1748 2475 ei
1784 2433 1857 2488 qui

398 2506 758 2547 medicamentum
780 2505 951 2560 aliquod
969 2518 1158 2558 purgans
1180 2502 1418 2556 assumpsit,
1436 2501 1479 2541 id
1499 2506 1671 2542 tantum
1691 2500 1856 2541 incum-

399 2574 471 2614 bat
496 2580 544 2614 ut
567 2589 610 2616 se
631 2575 677 2614 in
705 2574 899 2615 cubiculo
921 2588 946 2614 a
965 2573 1005 2613 11
1024 2571 1191 2625 frigoris
1214 2570 1427 2620 defendat,
1450 2575 1492 2610 et
1514 2569 1615 2610 cibis
1637 2567 1858 2612 εὐπὲτποις

399 2643 615 2684 moderate
650 2648 854 2693 vescatur,
888 2641 1082 2683 nondum
1116 2640 1222 2681 mihi
1261 2644 1427 2680 constat
1464 2652 1547 2692 quo
1586 2637 1758 2678 nomine
1793 2637 1858 2677 vel

400 2710 507 2751 lecto
545 2725 708 2764 semper
750 2710 970 2751 addicatur
1003 2708 1075 2762 qui
1113 2708 1390 2762 ptyalismum
1426 2706 1552 2756 subit,
1589 2705 1655 2745 vel
1689 2719 1714 2745 a
1744 2704 1859 2745 victu

401 2778 564 2819 modico
587 2785 792 2829 arceatur,
809 2778 880 2832 qui
901 2777 1057 2819 scilicet
1079 2776 1273 2817 Naturae
1295 2789 1393 2816 cum
1413 2787 1576 2815 veneno
1597 2771 1865 2814 conflictanti.

446 2897 466 2910 '¹¹
491 2893 590 2924 Deest
607 2896 620 2931 ξ
641 2895 678 2924 35
697 2895 729 2924 in
746 2895 792 2924 ed.
811 2897 872 2925 ’80.
1201 2898 1215 2911 ⁰
1238 2892 1352 2933 exc-012]
1371 2894 1449 2932 quod
1463 2902 1550 2931 saepe
1559 2893 1598 2930 fi!
1614 2890 1683 2922 add.
1703 2890 1822 2921 ed.’80.

447 2939 459 2952 ¹¹
484 2936 659 2975 Iaez—qteocl]
679 2948 708 2966 os
725 2940 926 2968 exulceratum
942 2937 987 2969 ed.
1007 2939 1066 2969 ’80.
1202 2941 1214 2959 ¹¹
1240 2935 1333 2975 idem]
1354 2945 1415 2965 om.
1433 2934 1480 2965 ed.
1499 2935 1560 2966 ’80.
