1985 3308
621 122 968 166 TRACTATUS
1002 122 1040 162 Ι.
1477 120 1560 160 447

103 249 202 276 vero
241 234 322 276 hoc
362 237 602 289 symptoma
639 231 732 287 pari
766 230 893 272 modo
927 228 1202 270 tractandum
1234 230 1299 267 est
1335 239 1418 280 quo
1453 225 1562 279 peri·
1593 229 1646 259 Dss
1666 229 1756 259 Pon-

103 302 364 354 pneumonia
404 301 610 350 absoluta,
647 298 1001 353 (venae-sectione
1043 296 1203 337 scilicet
1239 294 1431 349 repetita,
1465 307 1564 334 cum
1627 281 1730 302 ‘³⁶¹³'

105 369 245 410 diaeta
259 374 301 410 et
317 369 514 410 remediis
530 367 880 421 refrigerantibus
902 380 950 406 ac
970 363 1333 415 incrassantibus,)
1354 376 1451 402 cum
1470 376 1565 401 san-

105 436 199 490 guis
234 437 281 477 in
316 437 397 477 hoc
429 440 713 491 symptomate
744 434 968 489 praecipue
995 436 1210 473 extractus
1243 429 1566 484 pleuriticorum

105 505 360 557 sanguinem
394 518 566 557 prorsus
596 504 768 544 referat.
830 501 1086 554 Purgandus
1127 503 1192 540 est
1227 499 1401 551 insuper
1441 509 1567 549 aeger

103 571 218 612 inter
238 571 598 612 venae-sectiones
618 570 863 624 potionibus
884 568 1157 618 lenientibus,
1182 566 1336 621 quibus
1356 565 1461 605 haec
1483 564 1567 604 col-

103 637 236 679 luvies
257 639 304 678 in
324 639 549 691 pulmones
580 639 729 692 illapsa
759 638 890 691 possit
923 635 1155 677 amandari.
1219 633 1394 674 Sudoris
1423 638 1566 673 autem
1586 635 1724 684 Sydores

103 705 358 760 provocatiO,
383 720 511 758 quam
536 706 621 745 vim
647 720 815 758 cunque
841 705 996 746 habeat
1021 704 1067 744 in
1097 702 1234 743 morbi
1263 701 1411 742 fomite
1443 714 1568 754 super
1584 678 1763 752 ξᾷῗῑὲζΐῑῗέο

105 778 223 814 artus
255 773 535 823 deturbando,
567 773 636 813 hic
667 778 813 813 tamen
844 788 932 813 non
962 777 1135 812 tantum
1162 785 1250 811 non
1280 769 1465 823 prodest,
1495 767 1569 808 sed

106 848 149 884 et
177 843 312 893 obest,
334 843 559 883 materiam
589 843 864 895 pulmonibus
895 843 1125 896 impactam
1154 839 1396 880 indurando
1412 855 1423 888 ;
1455 837 1570 878 unde

107 915 371 965 generantur
411 910 655 962 abscessuli,
698 915 741 951 et
791 910 968 952 tandem
1019 909 1134 962 aegri
1174 922 1287 949 mors
1338 905 1571 948 certissima.

106 978 393 1032 subsequitur.

172 1047 280 1100 [66.]
296 1054 314 1073 z
348 1047 432 1087 Hic
457 1061 582 1100 porro
611 1046 866 1097 notandum,
891 1046 1004 1100 quod
1034 1044 1259 1098 Podagrici
1289 1043 1377 1084 fere
1408 1055 1568 1092 omnes,
1589 1050 1628 1080 In
1644 1061 1759 1091 parox-

105 1120 332 1169 postquam
355 1129 453 1155 cum
483 1115 564 1155 hoc
585 1115 733 1156 morbo
763 1115 837 1155 diu
865 1114 1104 1163 conflixere,
1128 1112 1288 1154 calculo
1310 1125 1462 1151 renum
1484 1110 1569 1150 sint
1587 1104 1679 1133 y⁵m⁰
1695 1104 1750 1123 ”e‘

1611 1136 1723 1166 hritico
1738 1141 1773 1166 ut

107 1182 292 1232 obnoxii,
315 1183 577 1235 proindeque
597 1183 663 1223 vel
685 1187 813 1232 statu,
834 1183 898 1223 vel
921 1181 1204 1222 declinatione
1226 1179 1403 1232 saepius,
1421 1191 1569 1231 parox-
1587 1147 1681 1218 {eger
1694 1184 1771 1208 trac-

106 1250 217 1304 ysmi
239 1250 446 1303 generalis
469 1250 705 1303 nephritiCO
727 1250 869 1290 dolore
890 1250 1082 1290 laborare
1104 1249 1291 1296 soleant3
1323 1246 1450 1298 idque
1472 1259 1571 1285 cum
1588 1222 1715 1252 tandus.

107 1333 265 1371 magno
301 1333 527 1372 aegrorum
560 1334 647 1359 non
683 1323 855 1359 tantum
888 1318 1092 1367 cruciatu,
1116 1316 1190 1356 sed
1230 1320 1272 1355 et
1303 1314 1456 1354 virium
1488 1313 1570 1353 dis-

106 1386 276 1440 pendio,
306 1400 405 1426 cum
429 1387 517 1440 jam
546 1387 641 1440 plus
676 1386 776 1426 satis
808 1386 981 1426 attritae
1011 1385 1254 1436 fractaeque
1291 1395 1364 1422 eae
1395 1381 1570 1421 fuerint.

110 1454 206 1494 Hoc
245 1453 292 1494 in
327 1468 440 1504 casu,
474 1453 728 1507 posthabitis
766 1453 982 1507 quibusvis
1024 1451 1116 1492 aliis
1151 1449 1362 1499 remediis,
1395 1447 1572 1501 liquoris

107 1521 318 1576 possetici,
345 1521 414 1562 cui
444 1521 597 1562 radicis
629 1521 821 1562 althaeae
851 1520 1004 1561 unciae
1036 1519 1144 1559 duae
1174 1518 1366 1558 incoctae
1396 1515 1569 1565 fuerint,

108 1590 285 1643 congius
312 1604 426 1630 unus
455 1604 584 1644 quam
618 1590 821 1631 citissime
855 1590 1093 1639 devoretur,
1128 1591 1171 1629 et
1207 1599 1388 1640 sequens
1424 1598 1577 1625 enema

108 1657 329 1712 injiciatur
344 1675 414 1699 :—

112 1758 249 1802 [Form.
267 1758 366 1799 96.]⁵
391 1757 432 1811 R
459 1759 602 1794 Radicis
619 1759 803 1802 Althaeae,

467 1817 645 1861 [Radicis]
666 1818 847 1859 Liliorum,
865 1828 933 1851 ana
949 1817 1089 1851 unciam
1107 1827 1228 1856 unam,

463 1872 640 1907 Foliorum
659 1874 812 1914 Malvae,

465 1929 678 1972 [Foliorum]
699 1931 922 1971 Parietariae,

464 1987 676 2030 [Foliorum]
698 1988 856 2022 Braucae
875 1988 1035 2027 Ulsinae,

466 2043 608 2078 Florum
628 2045 880 2086 Chamaemeli‚
898 2056 966 2078 ana
982 2043 1202 2088 manipulum
1219 2053 1341 2083 unum,

466 2102 646 2136 Seminum
665 2103 758 2144 Lini,

466 2160 685 2204 [Seminum]
707 2159 957 2205 Foeliilgi‘acci,
975 2171 1042 2193 ana
1061 2159 1288 2197 semunciam,

301 2217 422 2261 Coque
440 2216 632 2250 sufficiente
649 2218 845 2262 quantitate
862 2228 973 2262 aquae
991 2217 1034 2250 ad
1052 2217 1176 2250 libram
1193 2214 1396 2255 dimidiam;
1421 2214 1576 2247 colatura

302 2274 446 2308 dissolve

466 2331 629 2366 Sacchari
649 2333 827 2374 cuhnaris,

467 2389 591 2435 Syrupi
610 2390 829 2432 Dialthaeae,
847 2402 914 2424 ana
931 2390 1050 2424 uncias
1067 2388 1173 2423 duas:

305 2445 438 2487 Misce;
464 2446 526 2480 fiat
542 2458 678 2481 enema.

182 2541 291 2596 [67.]
330 2542 537 2583 Remedia
561 2548 737 2585 externa
758 2543 792 2584 si
815 2544 907 2598 quis
930 2546 1105 2597 quaerat
1126 2541 1180 2582 ad
1198 2539 1448 2582 leniendum
1468 2537 1578 2578 Pod-

118 2624 244 2664 agrae
266 2610 454 2650 dolorem
483 2612 768 2663 accommoda,
791 2612 912 2652 nulla
930 2611 1037 2652 mihi
1056 2611 1264 2651 hactenus
1285 2607 1458 2662 cognita
1478 2609 1580 2646 sunt

122 2677 237 2730 (licet
257 2677 441 2731 plurima
460 2681 555 2717 tum
575 2677 622 2718 in
641 2679 816 2732 meipso,
838 2684 935 2720 tum
965 2678 1010 2718 in
1042 2678 1146 2728 aliis,
1169 2680 1366 2730 expertus
1391 2673 1576 2726 fuerim,)

118 2751 287 2801 praeter
307 2760 423 2787 mere
443 2746 741 2800 refrigerantia
767 2752 810 2788 et
837 2746 1087 2801 repellentia
1103 2763 1114 2796 ;
1147 2758 1328 2799 quorum
1349 2756 1473 2784 usum
1491 2742 1583 2796 jam

121 2829 249 2869 supra
283 2815 326 2870 [ᾧ
350 2814 441 2871 62]
466 2815 590 2856 docui
616 2816 803 2870 periculo
829 2815 945 2856 haud
965 2828 1129 2856 vacare:
1163 2818 1205 2854 et
1226 2812 1408 2853 fidenter
1429 2823 1582 2859 assero,

254 2905 264 2918 ²
288 2901 302 2938 §
321 2901 360 2930 66
379 2901 464 2931 deest
482 2901 514 2930 in
530 2901 578 2931 ed.
597 2902 658 2932 ’83.
1042 2905 1054 2918 ¹¹
1078 2899 1127 2930 Cf.
1147 2899 1271 2930 formm.
1292 2899 1363 2935 117,
1383 2897 1453 2928 191.
