1985 3308
406 179 490 219 312
818 179 1074 221 ΤΗΟΜΑΕ
1108 179 1451 221 SYDENHAM

222 297 281 350 pn
299 296 375 328 Lus
408 287 515 328 dura
533 287 699 339 tubera,
715 288 937 329 Eoeostoses
958 289 1083 340 dicta,
1102 289 1410 330 excrescentiae
1432 300 1574 329 osseae
1593 286 1640 326 in
1661 279 1868 340 equorum

203 339 387 371 Res-snm.
406 355 523 397 tibiis
557 356 698 411 (vulgo
729 370 755 397 a
791 357 974 410 Spa-im)
1010 357 1126 397 haud
1156 356 1388 406 absimilia3
1434 368 1541 408 quae
1574 354 1746 408 quidem
1776 367 1870 394 ossa

406 424 638 465 tuberculis
660 424 828 466 obsessa
850 425 945 479 jugi
971 425 1112 465 dolore
1138 438 1185 465 ac
1209 423 1546 463 inflammatione
1566 422 1742 463 tandem
1763 421 1867 463 cari-

203 496 312 527 ulcera
408 507 481 534 osa
518 493 759 533 redduntur
794 498 835 533 et
871 498 1136 546 putrescunt.
1198 491 1355 533 Ulcera
1389 491 1519 532 etiam
1553 491 1870 544 phagedaenica

202 539 382 618 giffegffi'
407 561 541 602 varias
558 560 742 614 corporis
758 566 900 614 partes
922 560 1246 613 depopulantur,
1266 573 1385 612 quae,
1402 559 1544 600 fauces
1565 564 1614 599 ut
1634 559 1869 613 plurimum

200 625 390 699 ξζῖῗέἓῐθᾶ·
406 629 543 683 primo
568 628 871 682 aggredientia,
895 628 1052 668 sensim
1078 641 1153 680 per
1173 628 1364 681 palatum
1387 627 1434 667 in
1461 628 1553 668 nasi
1574 627 1868 681 cartilaginem

300 679 321 709 p
346 679 371 700 e.
405 703 708 751 propagantur,
732 710 859 749 quam
879 709 978 736 mox
1003 695 1248 746 absumunt,
1270 695 1332 736 ita
1350 701 1400 736 ut
1421 695 1456 736 is
1473 696 1563 749 jam
1583 696 1718 737 fulcro
1740 695 1868 736 desti-

405 771 526 806 tutus
547 765 671 819 plane
688 763 895 805 concidat.
943 763 1244 804 Crescentibus
1259 763 1396 804 indies
1416 763 1643 814 ulceribus,
1665 769 1708 805 et
1725 763 1868 804 dolore

407 839 543 882 aucto,
567 846 703 885 aeger,
725 831 882 885 partim
911 831 1173 871 indesinenti
1208 831 1454 872 carnificina
1489 836 1676 882 enectus,
1710 826 1876 885 partim*

406 900 618 942 ulceribus
635 900 852 941 confectus
869 904 911 939 et
926 899 1166 952 putredine,
1180 899 1311 940 vitam
1324 899 1457 940 trahit
1475 899 1679 950 cruciatu,
1692 899 1866 950 foetore,

406 968 528 1018 carie,
552 967 789 1021 opprobrio,
810 967 1165 1017 molestissimam,
1188 972 1230 1008 et
1256 967 1399 1021 quavis
1426 972 1563 1008 morte
1586 967 1716 1021 longo
1735 967 1866 1008 inter-

405 1037 511 1077 vallo
532 1036 818 1085 miseriorem3
851 1035 985 1076 donee
1005 1035 1193 1086 tandem,
1210 1034 1489 1089 pereuntibus
1510 1049 1585 1089 per
1604 1035 1714 1076 iices
1734 1049 1867 1076 mem-

405 1103 505 1155 bris,
527 1104 714 1145 lacerum
735 1103 924 1154 cadaver,
947 1108 988 1144 et
1006 1104 1096 1158 jam
1118 1104 1279 1157 superis
1301 1118 1439 1157 grave,
1461 1104 1594 1145 humo
1615 1103 1837 1144 condatur.

203 1183 327 1231 Natura
471 1173 577 1226 [12]
611 1172 896 1213 Intrinsecam
912 1172 1040 1226 hujus
1056 1171 1195 1213 morbi
1215 1177 1429 1223 naturam,
1446 1173 1716 1212 Essentz'alem
1740 1186 1868 1226 quam

204 1226 348 1298 {gffiaeffs
405 1246 567 1292 vocant,
589 1240 673 1281 nisi
695 1246 903 1294 quatenus
925 1254 974 1281 ea
998 1254 1049 1281 ex
1072 1240 1164 1280 istis
1187 1255 1294 1294 quae
1318 1241 1409 1294 jam
1434 1240 1702 1294 depinximus
1728 1254 1867 1294 symp-

202 1320 258 1340 1108
276 1310 363 1342 latet.
404 1309 577 1350 tomatis
605 1309 827 1359 elucescat,
849 1322 937 1349 non
969 1308 1076 1348 mihi
1107 1308 1242 1361 magis
1270 1314 1533 1362 perspectam
1562 1322 1651 1349 esse
1673 1307 1867 1357 arbitror,

406 1392 534 1431 quam
555 1382 617 1417 est
635 1376 817 1417 essentia
839 1377 922 1417 sive
943 1376 1113 1430 plantae
1135 1376 1374 1430 cujuslibet,
1393 1377 1475 1417 sive
1498 1376 1704 1417 animalis.
1739 1375 1867 1418 Quic-

407 1445 508 1498 quid
531 1458 630 1485 vero
655 1444 706 1484 de
728 1458 777 1484 ea
802 1444 868 1494 sit,
895 1449 1010 1485 certo
1036 1444 1140 1484 mihi
1168 1449 1334 1485 constat
1360 1444 1583 1485 humorem
1611 1443 1725 1484 hunc
1755 1457 1867 1485 com·

406 1513 650 1553 mittentem
685 1512 1032 1552 inflammationis
1068 1512 1183 1552 haud
1218 1512 1441 1552 mediocris
1478 1512 1727 1565 participem
1764 1525 1866 1561 esse,

405 1581 521 1622 unde
550 1581 655 1621 haec
680 1586 745 1621 tot
773 1580 981 1621 malorum
1011 1580 1135 1620 Ilias:
1174 1585 1339 1621 constat
1369 1580 1497 1620 etiam
1526 1579 1689 1619 dictum
1717 1578 1867 1620 humo-

406 1662 496 1689 rem
537 1647 827 1689 evaeuandum
864 1662 965 1698 esse,
1003 1647 1130 1701 idque
1171 1648 1221 1687 iis
1256 1647 1406 1688 mediis
1444 1661 1626 1700 quorum
1662 1647 1868 1687 efficaciae

407 1715 666 1769 experientia
711 1715 994 1768 (Medicorum
1035 1715 1267 1768 magistra,)
1313 1715 1584 1768 suffragatur,
1622 1729 1720 1756 cum
1760 1730 1867 1757 non-

407 1782 510 1823 dum
542 1782 784 1823 inveniatur
816 1782 1110 1822 immediatum
1144 1783 1314 1836 aliquod
1348 1784 1602 1837 specificum,
1636 1785 1757 1838 cujus
1790 1798 1868 1838 ope

407 1849 497 1890 sine
538 1849 808 1889 evacuatione
848 1862 1093 1902 praegressa
1125 1850 1237 1891 Lues
1275 1850 1475 1892 debellari
1512 1858 1652 1906 queat.
1713 1853 1868 1906 Neque

204 1923 272 1972 Nee
289 1933 373 1953 mer-
407 1917 522 1957 enim
554 1917 617 1957 vel
652 1918 899 1967 mercurius,
933 1918 998 1958 vel
1028 1918 1140 1970 liqna
1173 1920 1398 1960 &imantia
1432 1920 1557 1971 dicta,
1591 1921 1868 1974 spec-{ficorum

202 1976 388 2048 ᾖιζῐζξίζέξῗ
406 1983 533 2024 titulo
558 1990 658 2024 sunt
684 1983 894 2033 donanda,
917 1984 1000 2024 nisi
1021 1986 1222 2039 exemplis
1243 1987 1288 2027 in
1313 1988 1501 2029 medium
1527 1989 1664 2030 allatis
1689 1989 1867 2044 probare

204 2052 308 2124 0³9ss
318 2061 389 2112 pro:
408 2052 500 2105 quis
535 2052 667 2105 possit
697 2052 763 2092 vel
796 2053 1056 2093 mercurium
1085 2053 1243 2107 absque
1276 2055 1532 2107 salivatione,
1561 2057 1626 2097 vel
1651 2057 1868 2110 lignorum

203 2104 378 2177 Effissscpaeli
408 2120 630 2161 decoctum
659 2120 778 2161 nullo
810 2120 1094 2174 subsequente
1131 2121 1296 2174 sudore,
1326 2123 1430 2163 Luis
1461 2124 1680 2164 Venereae
1712 2124 1867 2164 curati-

202 2179 302 2211 ⁰³⁶fi⁰³·
407 2201 532 2228 onem
557 2188 811 2242 quandoque
836 2188 1073 2230 absolvisse.
1135 2190 1282 2244 thue
1307 2192 1565 2246 experientia
1590 2191 1718 2233 didici
1742 2193 1867 2234 sudo-

406 2256 524 2297 rifica
543 2256 734 2311 vulgaria
754 2256 870 2297 haud
890 2257 1032 2297 minus
1056 2257 1281 2310 profecisse
1302 2257 1348 2298 in
1368 2258 1448 2299 hoc
1468 2259 1617 2300 morbo
1639 2273 1767 2312 quam
1787 2259 1866 2313 lig-

407 2338 562 2365 norum
593 2324 828 2375 decoctum,
861 2325 921 2366 ita
955 2325 1099 2365 nullus
1133 2325 1295 2376 dubito,
1320 2326 1435 2379 quin,
1459 2327 1492 2367 si
1525 2329 1701 2382 reperiri
1734 2330 1867 2384 possit

408 2394 522 2434 aliud
545 2394 659 2448 quid,
683 2394 766 2434 sive
788 2393 834 2434 in
854 2407 987 2447 regno
1011 2393 1250 2447 vegetabili,
1275 2394 1357 2435 sive
1379 2395 1565 2447 animali,
1589 2397 1703 2450 quod
1725 2398 1772 2438 in
1797 2412 1866 2439 ex-

409 2462 579 2503 citanda
604 2462 847 2502 salivatione
871 2475 992 2515 pares
1017 2475 1115 2502 eum
1135 2462 1345 2503 mercurio
1366 2463 1472 2503 vires
1497 2464 1686 2515 haberet,
1708 2465 1867 2519 pariter

409 2531 537 2571 etiam
559 2531 612 2571 ad
634 2530 868 2571 sanandam
889 2531 1026 2571 Luem
1047 2531 1216 2572 valeret.
1253 2531 1611 2587 Quandoquidem
1633 2541 1777 2576 autem
1797 2535 1867 2576 hic

410 2598 583 2639 morbus
606 2598 743 2640 adhuc
764 2598 879 2639 intra
901 2598 1202 2640 Gonorrhoeae
1223 2599 1379 2640 limites
1402 2600 1648 2653 subsistens,
1665 2603 1792 2656 longe
1813 2602 1865 2643 ab

208 2694 283 2724 Alia
301 2691 393 2721 debet
411 2665 559 2706 eodem
581 2666 710 2707 distat
732 2680 830 2707 cum
846 2667 937 2721 jam
957 2681 1129 2708 omnem
1150 2668 1370 2721 sanguinis
1398 2683 1581 2710 massam
1601 2671 1866 2712 contamina-

206 2746 361 2785 essejevfz-
411 2733 528 2783 verit,
558 2738 599 2774 et
629 2734 829 2774 Vener-eae
854 2734 958 2774 Luz's
987 2748 1146 2775 nomen
1175 2736 1361 2789 praecise
1392 2742 1618 2788 mereatur,
1644 2738 1705 2779 ita
1737 2739 1866 2779 etiam

207 2787 359 2853 ἒιέἒέῑῖῃ
413 2802 628 2842 evacuatio
657 2817 739 2855 qua
765 2802 1066 2843 Gonorrboeae
1090 2804 1268 2844 materia
1296 2803 1475 2857 ejicitur,
1499 2804 1579 2844 alia
1606 2819 1778 2858 prorsus
1803 2811 1866 2845 est

207 2866 311 2900 ¹²¹0&
325 2864 385 2894 ³¹³³
414 2873 539 2920 atque
560 2869 632 2909 illa
654 2884 735 2922 qua
757 2870 870 2910 Lues
887 2871 977 2924 jam
997 2871 1180 2911 formata
1201 2871 1460 2912 eliminanda
1481 2878 1556 2913 est.

208 2909 304 2981 {³21ss
307 2918 322 2938 e
332 2907 393 2937 for·
479 2934 585 2987 [13.]
626 2935 945 2978 Gonorrhoeam
961 2938 1105 2991 itaque
1127 2939 1239 2992 quod
1261 2940 1428 2991 attinet,
1447 2940 1498 2981 de
1515 2955 1597 2994 qua
1612 2942 1749 2995 primo
1770 2956 1866 2996 age-
