1985 3308
417 154 504 194 446
831 155 1090 198 THOMAE
1123 156 1465 205 SYDENHAM

225 272 280 303 Dn
299 272 389 302 Pon·
418 262 528 304 nihil
548 276 645 304 vero
667 276 800 317 aeque
828 264 937 305 votis
961 264 1180 318 respondit
1202 278 1249 305 ac
1270 264 1358 304 vini
1380 262 1635 304 Canarensis
1654 262 1881 304 haustulus

260 324 365 346 ΛΟΜ·
419 331 600 373 subinde
629 331 876 385 deglutituS,
908 333 1113 385 languore
1142 337 1270 385 atque
1301 331 1570 384 aegritudine
1601 331 1879 385 urgentibus:

214 383 276 446 „mei
289 375 380 453 fligi,
418 413 559 453 neque
579 400 645 440 vel
665 400 812 440 vinum
835 400 1045 441 Gallicum
1069 399 1261 449 rubrum,
1278 399 1344 439 vel
1365 399 1554 439 theriaca
1573 399 1878 450 Andromachi,

211 460 406 532 ἒζξῑξξῐξῖῖ
419 481 559 521 neque
580 467 696 508 aliud
725 467 942 521 quodlibet
964 481 986 508 e
1011 467 1212 507 cardiacis
1244 466 1350 506 mihi
1376 466 1584 507 hactenus
1605 467 1732 517 notis,
1757 480 1880 520 pares

213 544 258 574 ud
275 545 401 584 quodli-
420 535 549 576 habet
569 535 690 576 vires.
755 535 840 576 Sed
860 549 998 588 neque
1019 535 1167 575 vinum
1187 535 1330 585 hocce,
1351 549 1431 575 nec
1453 534 1743 576 cardiacorum
1764 534 1881 576 aliud

210 586 363 668 gfff&
419 603 651 657 quodlibet,
674 617 863 656 aegrum,
898 603 933 642 si
966 602 1166 643 exercitio
1198 616 1288 643 non
1319 607 1480 653 utatur,
1509 603 1684 643 omnino
1716 616 1879 644 servare

213 673 364 703 exercitio
417 685 538 725 posse
561 670 892 711 existimandum
914 675 990 710 est.

212 724 277 793 ἓῗὲ
292 720 400 788 ἓζίᾆα,
482 739 590 793 [63.]
605 745 622 762 ¹¹
646 739 723 779 Sin
740 743 885 778 autem
902 739 1069 792 gravius
1091 738 1263 792 aliquod
1284 743 1535 793 symptoma,
1549 739 1742 780 inducias
1762 739 1879 780 haud

211 809 400 873 ξίιῐζὲῗξὸῃ
415 806 567 856 ferens,
591 820 641 847 ex
664 811 901 847 retrocessu
931 807 1134 848 materiae
1165 807 1423 860 Podagricae
1455 807 1596 848 subito
1626 807 1812 860 ingruat,
1835 811 1879 849 et

213 884 290 914 dum
307 891 363 916 est.
416 879 598 915 mortem
629 875 746 926 aegri
772 874 1021 925 minitetur3
1057 889 1196 928 neque
1226 875 1325 915 vino
1352 889 1493 930 neque
1521 875 1720 915 exercitio
1751 889 1879 929 supra

214 942 254 972 11¹
271 953 332 982 <31¹0
350 954 398 973 ca·
415 941 597 982 laudatis
622 942 854 994 fidendum,
887 957 1035 983 verum
1064 943 1145 984 hoc
1172 943 1219 983 in
1249 957 1350 983 casu
1384 943 1525 996 (modo
1550 957 1639 983 non
1669 947 1809 996 caput,
1832 947 1878 983 at

212 986 399 1058 {25:1¹ss3ss
415 1014 555 1062 partes
585 1010 652 1050 vel
685 1011 901 1051 naturales
934 1012 1000 1051 vel
1034 1011 1195 1061 vitales,
1229 1011 1437 1064 ejusmodi
1469 1011 1632 1051 malum
1664 1011 1873 1064 impetat,)

209 1070 398 1151 gssffiffigu·
414 1077 469 1117 ad
495 1077 730 1118 laudanum
759 1079 904 1119 statim
935 1079 1268 1132 confugiendum
1283 1096 1295 1129 3
1336 1093 1490 1132 nempe
1521 1079 1696 1119 laudani
1726 1077 1878 1132 liquidi

211 1160 267 1185 est.
414 1149 563 1198 guttae
597 1145 750 1199 viginti
781 1146 982 1188 haustulo
1024 1161 1157 1200 aquae
1191 1147 1448 1200 epidemicae
1488 1146 1701 1187 immistae
1736 1146 1876 1200 propi-

412 1219 585 1264 nentur,
609 1219 650 1254 et
671 1214 717 1254 in
738 1215 848 1255 lecto
870 1215 922 1255 ad
945 1215 1131 1269 quietem
1154 1230 1280 1268 aeger
1301 1229 1344 1256 se
1366 1220 1605 1268 componat.

209 1286 249 1317 In
265 1298 327 1328 quo
344 1298 399 1318 su·
480 1282 589 1336 [64]
630 1282 758 1324 Quod
791 1284 826 1323 si
861 1285 1039 1324 materia
1068 1284 1307 1337 Podagram
1339 1284 1624 1333 committens,
1657 1282 1756 1336 quia
1787 1296 1877 1322 non

208 1330 393 1404 ggg‘gzdflm'
409 1350 499 1403 jam
520 1351 566 1390 in
588 1356 704 1391 artus
725 1352 855 1392 fuerit
878 1352 1108 1402 eliminata,
1128 1352 1392 1392 diarrhoeam
1413 1351 1642 1402 induxerit,
1664 1350 1805 1403 (modo
1827 1364 1877 1392 ea

412 1419 653 1472 paroxysmi
668 1419 894 1472 singularis
911 1419 1027 1459 crisis
1041 1434 1128 1459 non
1145 1419 1303 1471 fuerit,)
1321 1424 1363 1459 et
1377 1418 1561 1459 laudano
1572 1419 1662 1471 jam
1676 1417 1875 1458 laudatox

413 1490 456 1525 et
470 1486 667 1527 exercitio
681 1487 951 1528 omnimodo>⁷
969 1487 1062 1540 (hoc
1077 1487 1190 1527 enim
1205 1487 1412 1540 imprimis
1427 1486 1480 1526 ad
1495 1485 1740 1526 diarrhoeae
1754 1499 1874 1526 cura-

411 1553 574 1593 tionem
591 1553 837 1595 obeundum
851 1556 942 1608 est,)
963 1569 1050 1595 non
1067 1554 1277 1604 obstante,
1293 1555 1408 1594 alvus
1422 1553 1699 1594 nihilominus
1713 1552 1874 1593 diutius

411 1620 529 1671 fluat,
553 1622 833 1675 aegritudine,
852 1623 1106 1663 torminibus
1127 1622 1298 1672 ventris,
1319 1628 1412 1672 etc„
1431 1621 1755 1670 accedentibus3
1777 1620 1873 1660 uni-

411 1702 509 1728 cum
536 1690 663 1742 (quod
685 1691 798 1743 scio,)
824 1691 1060 1731 remedium
1082 1696 1158 1741 est,
1181 1696 1230 1730 ut
1252 1690 1380 1731 sudor
1401 1694 1651 1743 provocetur
1671 1689 1873 1730 methodo

410 1761 452 1796 et
475 1757 794 1799 medicamentis
815 1759 914 1799 huic
935 1758 1032 1798 usui
1055 1757 1301 1798 destinatis:
1336 1757 1449 1810 quod
1471 1757 1504 1797 si
1526 1758 1600 1797 fiat
1623 1757 1675 1797 ad
1691 1756 1872 1799 biduum

408 1823 652 1865 triduumve
677 1840 803 1866 mane
832 1832 874 1866 et
902 1825 1064 1878 vesperi
1091 1839 1166 1878 per
1195 1825 1299 1865 duas
1325 1830 1463 1866 tresve
1484 1826 1609 1866 horas
1631 1826 1871 1876 continuas,

407 1893 582 1933 sistetur
602 1899 651 1934 ut
671 1895 905 1947 plurimum
927 1893 1160 1943 diarrhoea,
1183 1898 1226 1934 et
1256 1893 1394 1934 morbi
1422 1894 1556 1934 fornes
1587 1908 1744 1946 magna
1764 1894 1802 1934 vi
1825 1894 1871 1934 in

203 1970 321 2009 quibus
408 1969 525 2002 artus
548 1963 781 2004 detonabit.
846 1964 941 2003 Hac
962 1977 1041 2016 ego
1062 1963 1263 2003 methodo
1286 1963 1447 2016 aliquot
1468 1968 1584 2004 retro
1605 1963 1728 2004 annis
1749 1977 1870 2004 meae

203 2014 374 2094 3332?ng
406 2029 516 2069 vitae
538 2030 744 2080 consului,
762 2035 986 2083 postquam
1009 2044 1076 2070 me
1098 2030 1142 2069 in
1164 2030 1243 2070 hoc
1264 2030 1425 2070 malum
1448 2045 1471 2070 a
1493 2031 1711 2084 potatione
1733 2046 1869 2086 aquae

201 2099 376 2146 suam-itae
405 2098 583 2151 frigidae
619 2114 695 2153 pro
729 2099 942 2139 ordinario
978 2104 1083 2152 potu
1117 2098 1365 2152 imprudens
1399 2099 1689 2152 conjeceram;
1740 2099 1868 2153 idque

202 2141 374 2172 consulum.
404 2172 681 2220 posteaquam
698 2167 987 2208 cardiacorum
1005 2171 1046 2207 ct
1064 2166 1424 2219 adstringentium
1440 2166 1544 2207 varii
1560 2167 1727 2221 generis
1744 2181 1868 2221 opem

402 2234 562 2275 frustra
585 2235 917 2288 imploraveram.

200 2316 356 2348 Materiae
469 2303 578 2357 [65]
615 2304 694 2344 Est
726 2309 768 2344 et
799 2304 913 2344 aliud
942 2308 1183 2357 symptoma
1202 2318 1290 2344 non
1321 2304 1496 2357 perinde
1518 2303 1729 2356 crebrum,
1752 2305 1867 2359 quod

198 2362 374 2441 {ff‘iffifflj
404 2376 549 2412 tamen
586 2373 808 2426 aliquoties
835 2372 925 2426 ipse
951 2372 1050 2422 vidi,
1081 2372 1321 2411 metastasis
1353 2372 1511 2412 scilicet
1541 2372 1744 2413 materiae
1771 2387 1866 2426 pec-

198 2454 277 2474 num
298 2446 384 2494 lobps
404 2441 539 2480 cantis
560 2441 605 2481 in
627 2442 880 2494 pulmonum
902 2440 1019 2480 lobos
1036 2457 1047 2490 ;
1081 2439 1245 2493 quoties
1273 2453 1426 2493 nempe
1457 2441 1585 2480 tussis
1616 2440 1820 2482 brumalis
1841 2456 1867 2482 a

196 2493 376 2567 ΣᾞἛξὲῗιε
402 2508 558 2561 frigore
579 2513 770 2562 tempore
792 2508 1032 2562 paroxysmi
1058 2512 1252 2561 suscepto
1277 2507 1499 2548 materiam
1526 2509 1683 2548 sensim
1705 2509 1749 2548 in
1770 2509 1864 2562 pul-

196 2572 365 2645 2332011·
401 2590 548 2616 mones
590 2577 732 2626 allicit,
771 2576 948 2617 artubus
983 2575 1169 2625 interim,
1207 2575 1260 2615 ob
1301 2575 1626 2616 translationem
1660 2576 1864 2618 materiae

298 2638 305 2644 ”
401 2644 642 2685 morbificae
674 2645 720 2684 in
745 2645 872 2684 aliam
898 2644 1130 2696 regionem,
1156 2643 1221 2683 vel
1252 2643 1440 2694 omnino,
1462 2644 1527 2684 vel
1557 2649 1729 2684 tantum
1759 2657 1861 2695 non,

399 2716 490 2752 tam
523 2727 547 2752 a
579 2713 722 2753 dolore
756 2727 884 2766 quam
916 2727 941 2752 a
976 2718 1143 2752 tumore
1175 2711 1378 2751 liberatis.
1441 2712 1542 2752 Uno
1569 2711 1649 2752 hoc
1681 2711 1727 2752 in
1761 2725 1864 2752 casu

400 2778 584 2821 intentio
616 2781 805 2821 curativa
832 2794 921 2821 non
949 2780 1001 2820 ad
1029 2780 1164 2833 ipsam
1193 2779 1433 2832 Podagram
1465 2779 1688 2832 dirigenda
1711 2784 1788 2830 est,
1817 2785 1862 2821 at

443 2889 456 2901 ‘¹
481 2886 495 2922 ξ
514 2886 553 2914 63
571 2886 657 2915 deest
675 2886 706 2915 in
723 2886 771 2916 ed.
789 2888 851 2916 ‘83.
1200 2890 1214 2910 -V
1237 2884 1416 2925 omnimodo]
1430 2885 1482 2915 Sic
1495 2884 1565 2916 edd.
1580 2890 1708 2922 recent„
1729 2888 1858 2916 omnim-

443 2931 455 2944 Χ
481 2933 508 2956 e!
526 2930 654 2958 (malano
664 2929 734 2968 jam
750 2929 850 2969 laud]
868 2939 931 2958 om.
946 2929 993 2959 cd.
1013 2930 1072 2960 '83.
1157 2931 1235 2960 nandi
1253 2929 1328 2968 Syd.
