1985 3308
404 145 798 188 DISSERTATIO
829 144 1114 186 EPISTOLA
1123 144 1234 184 RIS.
1472 144 1556 183 343

99 254 325 309 aspernati,
361 254 478 308 aegri
508 258 656 294 tamen
685 253 823 293 fatum
857 251 1038 305 (etiamsi
1069 265 1094 292 a
1120 251 1257 292 calore
1298 263 1425 302 quem
1462 262 1556 302 pro·
1579 260 1631 290 DE
1649 260 1758 314 Viru-

97 321 324 362 movebant
346 321 470 362 amici
490 326 533 362 et
550 321 791 371 curatrices,
809 333 877 360 me
893 319 947 359 ad
962 319 1120 359 ravimn
1137 331 1270 371 usque
1287 317 1556 366 reclamante,
1577 303 1746 376 ⁰1:2⁸1]ssssss
1748 322 1761 327 '

98 389 304 442 extincti)
347 389 453 429 mihi
481 388 647 429 crimini
678 387 871 428 dabatur.
951 386 1049 428 Qua
1079 386 1130 427 de
1162 399 1301 435 eausa,
1333 384 1558 424 accedente

96 455 372 509 insuperabili
407 457 490 496 τῶν
524 456 701 496 πολλῶν
733 454 1003 508 praejudicio,
1034 453 1145 494 bene
1180 466 1348 493 mecum
1381 451 1450 503 agi
1479 465 1556 503 pu-

97 527 247 573 tarem,
283 523 317 563 si
352 537 574 576 nunquam
610 523 807 576 deinceps
843 522 897 562 ad
931 521 1114 562 Variolis
1147 520 1390 561 laborantes
1423 531 1559 558 accer-

98 603 225 631 serer.

163 657 271 711 [25.]
312 657 447 698 Haud
477 658 674 711 equidem
695 657 856 698 inficias
884 671 947 708 eo,
969 656 1175 707 Variolas,
1204 667 1457 710 quocunque
1488 653 1558 694 de·
1578 662 1732 695 Quocun-

95 740 215 766 mum
244 727 371 767 modo
401 732 654 777 tractentur,
686 741 998 780 nonnunquam
1029 731 1176 766 tamen
1205 725 1432 778 insigniter
1459 737 1557 764 con·
1576 708 1751 779 ἓξὲῐξζζῇἶῖ

95 795 296 845 fluxuras,
338 795 452 836 unde
493 796 623 835 etiam
663 809 886 848 nunquam
929 799 1080 835 vacant
1120 794 1321 847 periculo,
1359 792 1559 846 quiequid
1574 792 1736 827 Vafiolae,

97 862 389 915 suppetiarum
410 862 635 912 afferatur;
663 862 708 902 id
730 867 874 902 autem
895 876 1047 911 assero,
1073 861 1201 915 (quod
1221 860 1326 900 mihi
1347 860 1447 901 satis
1469 873 1558 900 esse
1575 834 1748 916 ῗὲζῗὲῗιῖξὲ

96 930 251 983 debet,)
283 930 487 971 diuturna
515 936 641 984 atque
672 930 827 971 iterata
857 944 980 983 saepe
1008 929 1173 983 saepius
1205 928 1466 982 experientia
1495 928 1559 968 111-
1577 920 1749 950 confluent.

94 998 232 1048 nixus,
260 1012 359 1039 eum
386 998 433 1038 in
460 998 586 1051 longe
615 998 771 1039 minori
799 998 1042 1038 discrimine
1068 997 1237 1047 versari,
1267 996 1339 1050 qui
1370 1011 1394 1036 a
1421 996 1559 1050 primo

94 1065 233 1106 morbi
261 1066 425 1106 insultu
451 1066 560 1107 lecto
591 1065 789 1115 interdiu,
822 1070 864 1106 et
895 1065 1092 1106 carnibus
1124 1065 1310 1115 omnino,
1339 1064 1558 1115 abstinuit,

94 1149 175 1176 nee
206 1135 289 1176 nisi
320 1141 470 1189 potum
504 1135 744 1176 tenuiorem
781 1135 861 1176 sibi
896 1134 1088 1185 indulsit,
1127 1149 1255 1189 quam
1289 1135 1374 1189 qui,
1413 1135 1559 1175 statim

94 1205 206 1246 leeto
241 1205 522 1259 adjudicatus,
559 1205 872 1246 medicamenta
912 1205 1041 1245 etiam
1082 1205 1275 1246 eardiaea
1317 1205 1556 1258 assumpsit.

97 1271 218 1313 Haec
249 1272 363 1313 enim
391 1272 619 1313 methodus
654 1274 784 1326 (quod
814 1287 941 1326 supra
967 1272 1096 1312 etiam
1130 1271 1175 1327 [ᾧ
1208 1272 1268 1326 9.]
1307 1272 1554 1324 innuimus,)

95 1344 144 1380 ut
165 1340 396 1394 plurimum
413 1340 589 1380 densam
604 1340 730 1380 nimis
751 1340 1100 1381 exanthematum
1121 1344 1308 1393 segetem
1331 1330 1558 1390 cohibebit,

95 1411 139 1448 et
160 1421 212 1448 ex
239 1407 517 1460 consequenti
539 1408 668 1448 etiam
688 1408 960 1449 immodicam
981 1408 1109 1448 febris
1134 1408 1406 1449 secundariae
1437 1408 1557 1448 effer-

95 1475 366 1525 vescentiam,
394 1489 501 1528 quae
525 1489 613 1515 non
645 1475 782 1516 solum
815 1490 891 1516 suo
921 1476 1065 1516 Marte
1095 1476 1280 1529 perimit,
1311 1475 1384 1516 sed
1415 1475 1556 1526 etiam,

95 1542 268 1583 salivam
293 1542 360 1595 (de
383 1557 467 1596 qua
492 1542 538 1583 in
562 1543 691 1598 hujus
715 1543 853 1584 morbi
873 1543 1051 1584 historia
1073 1543 1166 1584 fuse
1195 1543 1413 1597 egimus⁰,)
1438 1557 1557 1596 prae-

95 1624 272 1664 propere
304 1610 591 1662 inerassando,
626 1626 752 1665 aegro
785 1612 1018 1666 perniciem
1050 1612 1212 1653 ultimis
1242 1612 1380 1653 morbi
1410 1612 1559 1653 diebus

95 1679 332 1721 minitatur.
395 1679 512 1721 Quid
534 1681 647 1734 quod
667 1681 748 1722 hoe
768 1685 892 1734 paeto
912 1686 1007 1722 tum
1034 1680 1253 1734 sanguinis
1273 1680 1442 1732 mictus,
1465 1685 1560 1721 tum

30 1795 33 1812 ζ
95 1747 286 1789 maculae
318 1763 569 1802 purpureae,
605 1750 844 1803 praecaveri
878 1750 1073 1803 possint?
1112 1764 1219 1804 quae
1255 1750 1337 1791 duo
1373 1755 1560 1805 sympto-

30 1867 33 1875 ι
95 1819 212 1855 mata
244 1816 392 1868 primis
426 1817 565 1857 morbi
601 1817 751 1858 diebus
788 1818 1009 1868 invadunt,
1047 1817 1176 1871 idque
1208 1832 1408 1872 persaepe
1440 1818 1560 1859 nullo

98 1883 237 1924 adhuc
258 1883 483 1925 manifesto
510 1885 743 1939 eruptionis
764 1885 920 1926 indicio
933 1902 945 1936 ;
978 1886 1091 1938 quod
1115 1885 1243 1926 etiam
1268 1886 1314 1925 in
1339 1885 1558 1936 morbillis,

97 1950 322 1991 searlatina
356 1951 485 2002 febre,
520 1958 648 2006 atque
680 1954 815 1994 acutis
851 1954 942 1994 aliis
976 1954 1028 1994 ab
1059 1954 1292 1994 intensiore
1322 1954 1559 1995 inflamma-

97 2018 224 2058 tionis
257 2018 394 2071 gradu
426 2020 541 2070 ortis,
578 2020 669 2060 fieri
700 2021 867 2062 assolet.
929 2020 1062 2062 Mitto
1087 2022 1178 2075 jam
1201 2021 1560 2075 jucundissimum

97 2085 211 2127 istud
244 2087 526 2140 refrigerium,
561 2103 644 2142 quo
678 2103 721 2130 se
763 2102 889 2142 aeger
928 2089 1127 2143 perfundi
1167 2088 1466 2129 animadvertit
1507 2089 1559 2129 ab

97 2154 205 2195 ae’ris
239 2155 420 2208 appulsu
454 2156 662 2206 liberiore,
700 2156 863 2210 quoties
897 2171 922 2197 a
956 2157 1066 2197 lecto
1099 2156 1264 2197 calente
1301 2155 1532 2196 dimittitur
1546 2172 1558 2206 ς

98 2222 211 2277 quod
232 2223 360 2264 etiam
382 2223 538 2278 singuli
560 2225 712 2279 quibus
738 2225 783 2266 id
807 2239 882 2278 per
907 2239 975 2265 me
1002 2224 1121 2265 licujt
1147 2224 1364 2277 (maximas
1386 2228 1559 2276 agentes

99 2291 267 2344 gratias,
300 2292 433 2345 quasi,
459 2293 545 2333 vita
580 2298 622 2334 et
654 2292 804 2346 spiritu
834 2293 1026 2346 receptis,
1054 2293 1135 2333 hac
1166 2306 1269 2333 aura
1299 2291 1561 2346 postliminio

97 2360 399 2412 vescerentur,)
425 2360 552 2413 pleno
573 2375 643 2401 ore
665 2366 941 2418 agnoxssei’unt.

161 2425 274 2482 [26.]
308 2427 437 2468 Unde
458 2428 565 2468 mibi
586 2428 716 2469 subiit
738 2429 938 2483 cogitare,
958 2434 1118 2482 quanto
1141 2428 1306 2482 saepius
1322 2428 1468 2468 fucum
1484 2442 1559 2469 no-

0 2528 3 2538 ,
30 2505 37 2554 'J
99 2491 164 2532 bis
184 2492 285 2533 facit
305 2493 389 2544 illa,
413 2509 541 2548 quam
569 2496 700 2537 talem
722 2511 811 2537 esse
843 2497 1080 2551 opinamur,
1112 2497 1234 2546 ratio,
1257 2511 1384 2550 quam
1412 2510 1560 2537 sensus

0 2588 3 2595 -
98 2559 180 2601 iste
207 2561 442 2604 certissimo
469 2563 592 2604 nobis
623 2565 820 2618 cognitus
833 2582 844 2615 3
878 2565 1075 2619 quodque
1099 2565 1146 2605 in
1174 2564 1419 2605 morborum
1441 2579 1559 2606 eura-
1580 2573 1748 2606 Quantum

99 2628 216 2669 tione
243 2629 338 2682 plus
360 2629 550 2672 dandum
576 2638 640 2673 est
671 2647 895 2686 aegrorum
921 2631 1253 2686 appetitionibus
1274 2636 1317 2672 et
1343 2631 1560 2672 desideriis
1578 2616 1747 2698 {lssgrdgffm

102 2695 444 2751 impemioribus,
471 2701 612 2754 (modo
633 2716 838 2756 perquam
869 2702 1060 2742 enormia
1084 2716 1171 2742 non
1193 2701 1366 2752 fuerint,
1390 2706 1432 2742 et
1454 2715 1560 2755 quae
1579 2702 1746 2775 ἓξξζξῐῑῐῡ-

145 2835 158 2850 “
183 2832 267 2862 “Ad
286 2833 389 2864 ravim
412 2836 576 2874 poscam,'‘
596 2835 717 2875 (Plaut.
735 2837 801 2866 Au·
906 2840 919 2853 ⁰
945 2836 992 2866 Cf.
1014 2837 1133 2867 observ.
1152 2837 1234 2867 Med.
1262 2836 1304 2868 iii.
1333 2837 1362 2867 2.
1388 2837 1425 2867 13
1446 2846 1504 2876 sq„
1522 2837 1559 2866 51

102 2875 153 2905 lul.
171 2874 203 2904 ii.
221 2876 250 2906 4.
271 2875 338 2915 57.)
356 2876 375 2907 1.
393 2887 418 2907 e.
438 2879 563 2908 clamose
585 2881 658 2909 adeo
680 2884 712 2909 ut
730 2890 802 2909 rau-
864 2889 921 2918 sq.,
939 2879 988 2909 61.

101 2927 224 2947 cescum.
