1985 3308
285 143 811 187 OBSERVATIONUM
842 143 1220 185 MEDICARUM
1254 151 1283 184 I.
1303 155 1337 184 5.
1488 147 1543 189 87

91 267 211 294 suam
231 252 355 302 tueri,
378 265 505 306 quam
533 250 568 291 si
588 264 675 291 non
696 250 825 290 fuerit
855 250 1072 304 proritata.
1141 250 1248 304 [43]
1279 249 1547 304 Quapropter
1589 263 1728 295 anm-:s

89 320 238 374 religio
258 320 364 361 mihi
385 324 448 360 est
469 318 750 360 catharticum
771 318 996 371 propinare
1017 323 1116 358 ante
1136 322 1305 371 tempus
1326 318 1445 368 illud,
1464 333 1546 371 quo
1566 306 1750 379 λξζζξξξῗζΜ

89 400 178 428 non
197 391 368 427 tantum
390 384 630 439 paroxysmi
651 384 959 438 perceptibiles,
982 385 1056 425 sed
1077 385 1207 425 etiam
1235 385 1429 426 alteratio
1450 385 1544 436 ista,
1586 392 1749 437 ζ61564..

89 454 223 508 qualis
251 453 460 508 qualis'ea
479 453 621 503 fuerit,
645 466 751 506 quae
781 452 929 493 diebus
957 453 1039 493 illis
1064 452 1110 493 in
1142 467 1245 506 quos
1270 467 1546 507 paroxysmus

1567 442 1719 491 Purgatio

1566 492 1688 525 quoties
1706 497 1751 517 re-

87 521 274 563 incidere
307 521 512 562 debuerat
548 520 880 574 persentiscitur,
913 520 1088 561 omnino
1121 521 1384 571 evanuerint,
1419 526 1546 574 atque
1566 529 1711 577 peteufla,

88 603 201 630 unus
240 589 412 642 insuper
448 588 605 629 mensis
646 588 774 628 fuerit
816 588 1006 641 elapsus:
1049 602 1132 641 quo
1168 588 1340 641 quidem
1380 589 1545 638 effluxo,
1565 572 1751 643 ᾗξῐὲζζζζῆῖς

87 657 305 710 potionem
335 657 521 710 aliquam
557 669 607 696 ex
638 656 822 696 lenitivis
852 656 1097 709 vulgaribus
1133 656 1385 709 praescribo,
1418 661 1546 710 atque
1566 656 1732 728 fflissrtiissm

87 724 268 765 eandem
303 724 432 765 semel
463 724 510 764 in
542 724 779 777 septimana
815 723 868 764 ad
898 738 1063 764 menses
1097 723 1202 764 duos
1235 729 1371 765 tresve
1403 724 1546 764 subse·
1565 742 1726 780 paregori-

34 788 37 791 ’
88 797 266 846 quentes
297 791 572 845 repetendam
607 791 768 845 impero
785 808 796 841 3
834 791 978 832 addito
1014 791 1143 832 etiam
1177 791 1354 845 singulis
1386 791 1546 832 vicibus
1565 784 1735 856 ξὲὧέῗᾏζ-

87 859 288 901 haustulo
310 859 450 912 aliquo
471 858 726 912 paregorico,
749 859 854 899 hora
874 859 1011 899 somni
1033 859 1300 909 assumendo,
1317 859 1440 900 finita
1455 860 1545 913 jam
1564 869 1741 917 spmenflus

87 927 386 968 medicamenti
421 927 688 980 operatione3
720 931 769 966 ut
804 940 957 980 nempe
992 941 1243 980 paroxysmo
1276 941 1319 967 se
1353 927 1405 968 de
1436 941 1545 968 novo
1563 911 1702 983 ῗζῗῇζζξῗ

86 994 310 1048 ingerendi
333 1008 480 1035 ansam
506 994 862 1048 praescindamuS,
887 1002 1036 1048 quam⁰
1058 995 1180 1035 aliter
1206 995 1314 1036 forte
1343 995 1545 1048 arriperet

87 1077 139 1104 ex
179 1063 397 1104 occasione
438 1063 652 1103 tumultus
694 1067 822 1116 atque
858 1063 1042 1116 orgasmi
1083 1077 1187 1116 quos
1221 1063 1287 1103 vel
1321 1063 1546 1104 mitissima

87 1131 274 1172 excitant
296 1130 542 1171 cathartica.

151 1198 259 1253 [44]
298 1197 630 1251 Pul-gationibus
645 1203 663 1227 Ρ
684 1196 960 1238 instituendis
975 1197 1131 1238 idcirco
1148 1198 1283 1250 spatia
1303 1197 1385 1238 ista
1405 1199 1545 1252 ampla

85 1266 322 1319 interpono,
348 1270 398 1305 ut
430 1265 588 1305 scilicet
616 1278 742 1317 aeger
772 1279 797 1305 a
820 1264 1026 1305 recidivae
1053 1270 1173 1304 metu
1198 1265 1414 1315 liberetur,
1438 1280 1544 1318 quae

86 1334 256 1388 quidem
278 1347 303 1373 a
322 1333 449 1373 nimis
472 1332 619 1373 crebra
646 1338 688 1373 et
710 1332 936 1373 confertim
965 1333 1148 1385 repetita
1169 1333 1388 1385 sanguinis
1418 1339 1545 1387 atque

83 1399 314 1441 humorum
335 1399 619 1452 exagitatione
640 1399 692 1439 de
709 1399 822 1438 facili
842 1404 1009 1451 poterat
1030 1399 1189 1439 induci.
1250 1399 1310 1439 At
1342 1413 1438 1439 cum
1455 1401 1545 1453 jam

84 1468 168 1508 ista
192 1481 258 1507 res
278 1472 398 1507 vacet
424 1467 625 1521 periculo,
649 1480 849 1520 apozema
877 1480 1057 1519 sequens
1078 1466 1325 1520 frequenter
1351 1468 1546 1521 usurpari

84 1535 240 1590 poterit
255 1551 324 1575 :—

85 1601 216 1646 [Form.
238 1599 306 1643 16.]
357 1599 398 1644 R
437 1601 580 1635 Radicis
598 1601 816 1635 Rhabarbari
835 1600 1095 1634 Monachorum
1114 1601 1235 1634 uncias
1252 1600 1350 1643 duas,

435 1658 579 1692 Radicis
596 1659 780 1703 Asparagi,

436 1715 622 1761 [Radicis]
643 1716 780 1756 Brusci,

435 1771 614 1818 [Radicis]
635 1773 852 1813 Petroselini,

433 1832 614 1877 [Radicis]
636 1832 820 1877 Polypodii
838 1832 1018 1873 Quercini,
1036 1844 1103 1866 ana
1121 1833 1263 1867 unciam
1280 1844 1400 1874 unam,

437 1890 588 1923 Corticis
605 1889 760 1923 mediani
778 1889 934 1930 Fraxiui,

440 1946 607 1991 [Corticis
624 1945 793 1988 mediani]
814 1947 1018 1988 Tamarisci,
1035 1958 1105 1981 ana
1120 1948 1348 1988 semunciam,

437 2002 612 2036 Foliorum
631 2003 869 2047 Agrimoniae,

435 2057 651 2103 [Foliorum]
672 2059 854 2100 Ceterach,

437 2114 648 2160 [Foliorum]
669 2115 799 2160 Capilli
818 2116 975 2157 Veneris,
992 2128 1059 2150 ana
1076 2118 1299 2162 manipulum
1320 2129 1442 2160 unum,

435 2174 573 2208 Sennae
598 2172 788 2207 mundatae
810 2174 1079 2218 sesquiunciam,
1098 2176 1275 2217 (irroratae
1298 2177 1411 2210 unciis
1435 2178 1546 2212 tribus

478 2230 562 2264 Vini
581 2231 688 2274 Albi,)

433 2287 617 2333 Epithymi
635 2288 863 2328 semunciam,

433 2346 573 2391 Agarici
591 2344 806 2378 Trochiscati
825 2345 1007 2379 drachmas
1025 2344 1122 2387 duas,

433 2403 614 2437 Seminum
636 2401 815 2435 Foeniculi
834 2403 1013 2447 scrupulos
1030 2395 1201 2446 quatuor;

267 2462 389 2506 Coque
415 2462 450 2495 in
477 2472 568 2506 aqua
592 2460 740 2494 fontana
766 2460 811 2494 ad
835 2461 958 2494 libram
977 2460 1184 2501 dimidiam;
1208 2462 1271 2494 sub
1299 2462 1400 2496 finem
1419 2464 1508 2498 adde

438 2518 541 2552 Succi
558 2518 807 2551 Aurantiorum
825 2518 947 2551 uncias
964 2524 1031 2551 tres
1045 2531 1052 2558 ;
1077 2518 1111 2550 in
1130 2518 1287 2552 colatura
1303 2519 1449 2554 dissolve

432 2575 559 2620 Syrupi
576 2574 733 2608 Cichorii
751 2586 832 2607 cum
852 2574 962 2615 Rbeo,

432 2630 594 2676 [Syrupi]
605 2630 821 2674 Magistralis
835 2630 879 2664 ad
894 2630 1178 2672 Melancholiam,
1189 2643 1256 2665 ana
1270 2633 1544 2677 sesquiunciam;

267 2687 349 2723 Fiat
365 2699 545 2734 apozema,
563 2687 605 2720 de
622 2699 689 2731 quo
712 2688 828 2732 capiat
850 2688 974 2720 libram
992 2688 1174 2721 dimidiam
1194 2689 1338 2733 singulis
1360 2692 1544 2726 matutinis

265 2757 325 2790 per
342 2746 510 2785 triduum,
527 2750 562 2778 et
583 2751 757 2788 repetatur
775 2745 912 2788 quoties
929 2756 1015 2788 opus
1032 2745 1147 2778 suerit.

120 2807 136 2822 ⁰
166 2807 271 2848 quam]
290 2808 334 2838 sic
347 2809 394 2838 ed.
413 2808 474 2844 ⁵76,
492 2818 566 2848 quae
583 2807 630 2837 ed.
649 2808 712 2837 ’85.
840 2812 930 2846 atque
950 2818 985 2837 ea
1007 2812 1053 2837 ter
1075 2813 1232 2847 quarterve
1252 2812 1348 2848 repeti
1362 2810 1468 2849 jubeo,
1487 2823 1543 2842 uno

122 2852 137 2872 Ρ
151 2851 391 2891 Purgationihus
398 2850 466 2891 ἔξω]
484 2852 666 2890 Purganti«,
681 2851 788 2889 quibus
842 2852 890 2879 die
904 2850 1085 2888 interposito,
1125 2852 1178 2880 Vel
1191 2854 1218 2880 si
1233 2852 1330 2891 major
1345 2856 1543 2891 aperientium

80 2893 127 2922 uti
159 2894 244 2929 soleo,
267 2895 367 2924 eadem
383 2893 454 2933 sere
476 2900 545 2923 sunt
567 2904 630 2922 cum
652 2894 689 2922 iis
714 2903 789 2932 quae
842 2897 1009 2931 apparatus
1035 2894 1231 2929 desideretur,
1253 2905 1376 2934 sequens
1400 2906 1544 2935 apozema

78 2939 145 2972 post
181 2936 294 2966 Febres
313 2937 476 2966 Continuus
499 2937 664 2966 exhibenda
687 2937 789 2968 suasi5
843 2936 978 2965 exhiberi
988 2938 1093 2974 possit.
1110 2935 1180 2966 edd.
1199 2937 1261 2973 ⁸66,
1278 2938 1340 2968 ¹68.
