1985 3308
258 156 777 198 OBSERVATIONUM
810 157 1184 199 MEDICARUM
1220 164 1292 196 111.
1318 167 1349 196 2.
1454 163 1529 201 121

79 267 179 304 sunt
200 263 271 303 illa
291 267 584 316 symptomata,
608 261 759 315 quibus
790 262 858 302 hic
885 262 1056 303 morbus
1088 263 1164 303 sub
1195 264 1317 304 initio
1340 264 1531 317 stipatur,
1554 276 1737 307 vap-mma

79 344 268 384 quaeque
299 330 562 383 eruptionem
597 330 862 383 pustularum
894 335 942 370 ut
982 331 1212 384 plurimum
1260 332 1530 372 antecedunt.
1554 318 1737 391 ἓξζξζῶἳι

80 397 307 440 Quamvis&
330 397 502 438 interim
531 397 599 437 hic
619 397 698 437 loci
719 401 1050 437 consentaneum
1081 397 1208 438 fuerit
1234 398 1531 448 subindicasse,
1584 404 1716 433 ’67-’69-

78 465 124 506 in
145 465 351 518 sanguine
377 464 524 505 laxiori
549 469 674 517 atque
703 463 1004 519 εὐμεταβλήτῳ
1015 479 1325 518 nonnunquam
1347 466 1532 506 accidere

77 537 127 573 ut
154 532 426 586 separationis
452 532 648 585 periodus
679 531 835 572 sensim
859 537 984 585 atque
1016 532 1224 584 gradatim
1255 533 1345 572 sine
1375 532 1534 585 insigni

79 599 219 653 aliqua
243 597 532 652 aegritudineh
554 598 824 651 transigatur,
845 598 1089 652 priusquam
1120 599 1307 652 expulsio
1333 599 1533 640 materiae

78 667 345 720 pustularum
366 666 585 719 eruptione
607 680 650 706 se
670 666 831 719 prodat.

144 734 223 788 [3.]
251 734 447 775 Variolae
463 734 679 774 Discretae
696 739 844 787 quarto
865 739 913 774 ut
934 734 1164 787 plurimum
1187 735 1253 776 die
1278 735 1328 788 (si
1348 735 1533 788 primum
1553 744 1691 784 Eruptio

81 803 209 844 etiam
240 802 486 854 incluseris,)
521 802 573 842 ab
608 802 822 842 invasione
858 808 1098 855 erumpimt,
1130 817 1440 856 nonnunquam
1471 816 1532 843 se-
1553 797 1615 826 ‘¹¹¹⁰
1631 792 1712 816 tem-

1577 839 1629 858 ΟΥΕ
1639 839 1722 858 accl-

81 870 167 910 rius
195 870 423 923 aliquanto,
446 875 544 910 ante
570 870 690 910 illum
715 883 816 910 vero
844 870 1080 920 rarissim03
1118 884 1199 923 quo
1228 870 1397 923 quidem
1427 876 1533 911 tem·
1554 840 1610 907 git,
1628 876 1656 901 et
1673 881 1735 910 <11¹0

80 951 181 991 pore
202 938 266 978 vel
285 938 539 978 minuuntur
566 937 793 978 admodum
815 943 1108 992 symptomata,
1136 938 1263 991 (quod
1290 938 1536 992 plerumque
1556 913 1698 986 ἰῖοῗιῖὶῗεῐ

81 1005 159 1057 fit‚)
195 1004 259 1045 vel
299 1005 427 1045 etiam
459 1004 628 1058 penitus
660 1010 942 1055 evanescunt3
973 1019 1020 1046 ac
1055 1005 1231 1059 proinde
1270 1006 1321 1046 iis
1365 1005 1540 1046 affectus

83 1071 184 1112 satis
204 1071 378 1125 pulchre
408 1071 488 1112 sibi
514 1072 679 1113 videtur
705 1072 854 1122 valere,
876 1073 959 1112 nisi
987 1073 1099 1126 quod
1126 1073 1272 1123 adulti,
1294 1073 1341 1113 in
1368 1073 1540 1113 sudores

82 1139 291 1192 propensi,
312 1139 378 1179 vix
411 1139 462 1180 ab
493 1139 575 1179 illis
602 1139 764 1192 possint
791 1139 988 1190 cohiberi,
1010 1145 1109 1180 utut
1140 1140 1286 1181 leviter
1312 1145 1540 1193 tegantur3

85 1219 190 1259 quae
227 1206 396 1260 quidem
429 1205 613 1250 διάθεσις
647 1221 734 1247 non
770 1207 851 1247 nisi
886 1207 1066 1260 pustulis
1093 1208 1183 1261 jam
1213 1208 1543 1248 maturationem

84 1273 394 1327 attingentibus
438 1287 611 1326 aegrum
652 1274 818 1324 deserit,
859 1274 984 1327 idque
1035 1289 1110 1315 sua
1159 1275 1330 1315 demum
1381 1280 1542 1328 sponte.

84 1340 363 1394 Eruptionem
399 1341 511 1394 quod
543 1347 716 1394 spectat,
748 1341 828 1382 hoc
864 1355 907 1382 se
936 1341 1024 1382 fere
1050 1341 1178 1382 habet
1208 1342 1358 1382 modo:
1409 1342 1544 1394 primo
1566 1350 1728 1396 Discretta-

84 1407 279 1462 pustulae
300 1408 543 1459 subrubrae,
559 1409 903 1449 tenuissimarum
920 1409 1174 1450 acicularum
1190 1414 1348 1462 puncta
1364 1423 1544 1462 aequan-
1564 1391 1718 1464 {galus

85 1482 150 1518 tes
181 1477 489 1530 magnitudine,
512 1477 688 1530 sparsim
717 1492 759 1518 se
786 1477 984 1530 produnt,
1013 1477 1163 1517 faeiem
1187 1477 1394 1530 imprimis
1426 1490 1544 1517 occu-

86 1549 248 1599 pantes,
280 1545 345 1587 vel
375 1546 503 1586 etiam
534 1545 689 1586 collum
717 1550 759 1586 et
789 1550 948 1598 pectus,
982 1545 1080 1585 dein
1107 1558 1256 1597 corpus
1287 1544 1543 1584 universum.

88 1612 170 1653 Per
188 1612 233 1653 id
252 1613 453 1666 temporis
474 1618 516 1654 et
536 1613 676 1653 fauces
698 1613 816 1653 dolor
835 1612 1021 1661 infestat,
1044 1612 1116 1665 qui
1136 1626 1224 1652 una
1250 1625 1347 1652 cum
1368 1611 1548 1664 pustulis

89 1678 360 1732 surgentibus
388 1684 579 1732 augetur,
602 1693 708 1732 quae
735 1679 871 1719 indies
903 1679 1239 1731 grandescentes,
1263 1684 1304 1719 et
1334 1679 1380 1718 in
1412 1679 1548 1732 majus

89 1747 306 1800 fastigium
338 1747 533 1798 elevatae,
562 1753 703 1788 cutem
733 1760 962 1800 carnesque
992 1747 1149 1787 vicinas
1180 1747 1333 1787 rubore
1361 1747 1548 1787 afficiunt

91 1820 217 1868 atque
237 1815 583 1856 inflammatione.

155 1883 235 1936 [4.]
273 1882 450 1923 Circiter
480 1883 594 1923 enim
622 1887 816 1924 octavum
849 1897 873 1923 a
902 1882 1038 1936 primo
1066 1882 1230 1922 insultu
1257 1882 1369 1922 diem
1409 1884 1550 1936 (quam

91 1951 138 1991 in
171 1950 252 1991 hoc
278 1950 425 1991 morbo
452 1950 655 2004 epocham
678 1950 835 2004 ubique
866 1952 1010 2002 servo)
1038 1950 1260 1990 intervalla
1295 1964 1401 2003 quae
1435 1950 1551 2003 prius

94 2016 385 2068 subalbebant,
402 2031 477 2071 pro
492 2018 759 2071 pustularum
776 2017 928 2070 quibus
945 2017 1192 2058 obsidentur
1207 2031 1384 2058 numero
1399 2017 1552 2058 rubere

90 2085 180 2138 jam
209 2084 432 2137 incipiunt,
455 2090 581 2137 atque
610 2085 657 2124 in
677 2085 831 2126 molem
860 2085 1008 2133 attolli,
1031 2099 1118 2125 non
1140 2085 1230 2124 sine
1250 2085 1435 2137 partium
1467 2085 1550 2124 dic-

94 2157 235 2193 tarum
270 2151 411 2192 dolore
441 2152 604 2192 tensivo
635 2157 677 2192 et
707 2152 962 2202 lancinante,
985 2152 1057 2204 qui
1086 2152 1132 2191 in
1161 2151 1285 2192 horas
1312 2157 1460 2191 auctus
1486 2152 1549 2191 in-

95 2219 374 2260 flammationi
394 2225 436 2260 et
455 2219 613 2260 tumori
643 2218 866 2273 praedietis
886 2218 996 2258 viam
1021 2218 1195 2266 sternit;
1226 2218 1286 2257 ita
1306 2222 1354 2257 ut
1381 2231 1549 2270 progre-

96 2287 240 2328 diente
259 2286 407 2327 morbo
427 2286 649 2340 palpebrae
679 2299 812 2339 usque
833 2285 936 2326 adeo
966 2285 1222 2338 impleantur
1249 2284 1550 2324 extendantur-

98 2367 191 2408 que,
212 2358 261 2394 ut
293 2367 418 2407 aeger
447 2353 539 2394 luce
571 2352 836 2406 quandoquei
867 2353 1077 2406 privetur3
1111 2353 1183 2405 qui
1211 2351 1381 2404 quidem
1411 2352 1551 2404 palpe-

97 2420 270 2462 brarum
309 2425 451 2461 tumor
490 2420 669 2461 vesicam
709 2420 898 2459 inflatam
939 2433 986 2459 ac
1031 2418 1440 2472 resplendescentem
1478 2432 1553 2472 per

100 2489 268 2531 easdem
297 2494 513 2530 extensam
533 2503 622 2530 non
641 2489 750 2529 male
777 2488 917 2529 refert.
979 2488 1055 2528 Est
1078 2488 1206 2528 etiam
1227 2488 1301 2528 ubi
1321 2488 1553 2541 temporius

99 2557 230 2598 oculis
250 2556 475 2610 capiuntur
495 2557 620 2610 aegri,
639 2557 673 2596 si
685 2570 837 2609 nempe
858 2556 992 2609 major
1011 2555 1277 2609 pustularum
1294 2556 1353 2595 vis
1376 2570 1400 2595 a
1420 2556 1556 2608 prima

101 2624 320 2678 eruptione
345 2638 388 2665 se
407 2624 454 2664 in
473 2624 565 2665 illos
587 2624 794 2664 effuderit.
855 2623 1077 2663 Proximae
1099 2637 1123 2663 a
1142 2622 1247 2663 facie
1266 2623 1556 2664 intumescunt

100 2706 264 2743 manus,
282 2692 487 2746 digitique
499 2706 574 2746 pro
586 2692 852 2745 pustularum
865 2704 1042 2731 numero
1056 2690 1371 2731 distenduntur.
1410 2690 1557 2744 Usque

145 2835 160 2856 Β
186 2829 592 2871 Q11amvis—72rodat]Haee
602 2830 720 2861 habent
731 2830 798 2860 edd.
861 2833 933 2860 lium
942 2829 1112 2869 far-essetne
1129 2829 1197 2859 edd.
1216 2829 1277 2866 ‘66‚
1297 2830 1358 2860 ’68.

101 2874 166 2910 '66‚
183 2874 233 2903 ’68
250 2873 304 2903 inf.
323 2875 337 2911 ᾗ
356 2875 391 2903 31
411 2877 482 2913 post
497 2875 641 2903 debatur.
904 2875 910 2895 i
934 2871 1124 2912 quandoque]
1135 2871 1234 2910 ferme
1251 2873 1297 2901 ed.
1317 2872 1377 2904 76.

147 2914 160 2934 '¹
183 2915 354 2956 aegritud]
371 2917 543 2946 ebullitione
561 2916 699 2946 Naturae
711 2926 799 2955 nego-

815 2981 841 3007 R
