1985 3308
373 164 460 204 210
789 163 1047 206 THOMAE
1082 162 1322 205 SYDENH
1329 162 1420 204 AM

202 282 332 311 Faunus
378 270 518 324 guinis
535 284 706 324 scopum
722 271 906 321 facienti,
923 270 1097 311 tandem
1113 269 1286 310 morbus
1304 267 1421 322 quasi
1442 265 1693 307 naturaliter
1708 278 1831 318 spon-

175 325 358 395 ξζζζέῐζζζί
376 343 503 393 teque
529 353 606 380 sua
632 339 819 389 cedebat,
847 338 1159 392 quantumlibet
1186 337 1363 377 saeviret
1390 336 1425 375 si
1450 333 1650 375 methodo
1677 332 1729 373 ab
1754 332 1834 372 hac

201 408 334 440 ’73-’75-
377 406 540 448 diversa
570 421 667 448 eum
700 408 792 460 quis
821 406 1145 460 aggrederetur3
1178 405 1291 458 quod
1317 404 1424 444 mibi
1451 402 1503 442 ab
1535 400 1834 455 experimentis

378 475 471 528 plus
493 475 593 515 satis
614 475 907 528 frequentibus
929 474 1096 515 abunde
1116 472 1319 526 liquebat.

183 549 353 579 emmo.
441 542 551 596 [11.]
591 543 722 582 Hunc
748 543 891 596 itaque
920 555 1090 582 cursum
1120 540 1311 580 institui:
1344 538 1596 591 sanguinem
1623 551 1646 577 e
1671 535 1836 577 brachii

376 611 494 651 venis
534 610 805 659 mittendum,
837 623 886 650 ea
927 608 1165 661 quantitate
1202 619 1309 659 quae
1345 605 1460 658 aegri
1489 604 1660 654 n'ribus,
1693 602 1835 652 aetati,

377 678 551 731 aliisque
581 676 909 717 circumstantiis
940 675 1163 716 convenire
1198 673 1304 713 mihi
1335 673 1422 713 visa
1456 677 1532 722 est,
1563 676 1662 712 ante
1692 670 1836 712 omnia

377 745 588 794 curabam,
621 748 748 797 atque
779 744 927 784 codem
961 743 1048 783 fere
1083 746 1273 794 tempore
1308 740 1585 793 emplastrum
1618 737 1835 792 epispasti-

377 826 473 852 cum
494 812 603 852 bene
624 811 789 864 largum
810 810 975 851 nuchae
997 808 1308 863 applicandum.
1369 807 1451 848 Die
1472 806 1662 860 proximo
1683 805 1834 859 clyste-

376 893 467 920 rem
486 879 708 919 lenitivum
732 879 794 918 ita
813 877 995 931 tempori
1019 876 1297 931 injiciendum
1317 875 1521 929 praecepi,
1542 878 1592 914 ut
1619 878 1717 914 ante
1737 885 1836 913 noc-

375 952 463 987 tem
485 946 620 986 sedari
641 951 780 999 posset
800 945 1012 986 tumultus
1035 944 1107 997 qui
1129 944 1180 984 ab
1203 957 1251 984 eo
1271 944 1384 984 inter
1400 941 1662 996 operandum
1683 940 1836 981 excita—

375 1019 505 1064 retur,
527 1014 632 1054 hora
653 1014 809 1054 scilicet
839 1012 1022 1054 secunda
1047 1013 1224 1053 tertiave
1244 1017 1339 1065 post
1359 1010 1594 1051 meridiem.
1656 1009 1837 1063 Repete-

176 1085 332 1114 Enemata
377 1082 503 1122 batur
524 1095 675 1122 enema
695 1081 800 1121 illud
821 1080 998 1134 singulis
1021 1079 1168 1120 diebus
1195 1079 1328 1119 donec
1354 1078 1680 1119 imminueretur
1699 1075 1838 1117 morbi

175 1136 350 1208 ζ’ζᾨξξῇἷῗ
377 1150 464 1199 vis3
498 1163 580 1202 quo
615 1147 785 1202 quidem
816 1154 1006 1201 tempore
1038 1147 1090 1188 ab
1122 1161 1170 1188 eo
1203 1146 1454 1188 cessandum
1487 1158 1576 1185 esse
1607 1144 1720 1194 duxi,
1751 1143 1838 1184 imo

378 1223 419 1258 et
449 1218 674 1267 maturius,
703 1217 738 1256 si
763 1230 918 1269 nempe
939 1215 1085 1256 Febris
1113 1215 1226 1256 diem
1248 1218 1446 1268 quartum
1472 1217 1514 1254 et
1536 1212 1747 1253 decimum
1768 1225 1837 1252 ex-

378 1285 581 1335 cessisset,
608 1285 781 1338 jamque
810 1284 1159 1334 inveterasceret;
1198 1296 1280 1336 quo
1310 1282 1357 1322 in
1387 1295 1499 1331 casu,
1526 1280 1625 1321 licet
1656 1279 1708 1320 ab
1740 1292 1838 1320 ene-

377 1353 504 1394 matis
524 1352 874 1406 praecedentibus
901 1351 1108 1392 debellata
1133 1365 1221 1392 non
1241 1350 1382 1400 fuerit,
1405 1348 1553 1390 eadem
1577 1353 1722 1389 tamen
1742 1351 1837 1400 post

380 1422 540 1474 elapsos
579 1421 657 1461 hos
698 1420 786 1460 (lies
822 1433 1129 1474 supervacanea
1169 1432 1258 1460 esse
1299 1417 1505 1471 comperi:
1546 1416 1685 1457 morbi
1724 1415 1839 1456 enim

381 1489 470 1529 acic
505 1502 580 1541 per
610 1488 903 1528 ebullitionem
932 1501 1220 1541 praegressam
1251 1486 1342 1539 jam
1370 1490 1526 1535 retusa,
1555 1488 1681 1537 atque
1713 1496 1839 1536 aegro

381 1556 459 1608 ἔξω
479 1554 633 1605 βέλους
653 1555 898 1605 constituto,
918 1560 961 1596 et
976 1569 999 1595 a
1016 1555 1309 1609 symptomatis
1325 1552 1643 1594 violentioribus
1664 1565 1770 1605 quae
1786 1550 1839 1592 ab

382 1638 431 1664 eo
456 1623 700 1676 pendebant
729 1637 886 1673 securo,
909 1623 1018 1663 nihil
1043 1622 1158 1676 prius
1185 1627 1286 1672 erat,
1311 1635 1437 1675 quam
1458 1625 1507 1661 ut
1536 1619 1734 1661 morbum
1763 1633 1840 1659 suo

382 1691 446 1731 uti
482 1691 619 1744 genio,
648 1696 690 1731 et
720 1690 839 1745 quasi
870 1690 1026 1731 sensim
1054 1690 1296 1743 deflagrare,
1320 1703 1366 1729 ac
1398 1688 1484 1729 suis
1514 1687 1673 1728 viribus
1703 1700 1839 1737 ruere,

381 1759 616 1799 sineremus
630 1775 641 1808 3
683 1758 795 1811 quod
829 1758 936 1798 mihi
975 1771 1139 1811 semper
1174 1758 1298 1798 cessit
1337 1756 1502 1805 melius,
1535 1768 1662 1808 quam
1692 1767 1841 1795 evacu-

383 1827 569 1867 ationem
615 1827 950 1880 qualemcunque
990 1825 1282 1866 violentiorem
1326 1824 1407 1865 hoc
1451 1829 1641 1876 tempore
1686 1822 1839 1863 moliri.

382 1895 524 1947 Aegro
564 1894 737 1934 interim
777 1893 973 1934 carnibus
1009 1893 1221 1943 interdixi,
1254 1891 1496 1933 cerevisiam
1529 1904 1627 1931 vero
1665 1896 1841 1931 tenuem

384 1962 437 2001 ad
458 1961 682 2002 arbitrium
703 1961 901 2001 concessi.

183 2036 290 2067 Quare
307 2045 323 2064 e
448 2029 556 2082 [12]
596 2030 745 2069 Restat
781 2032 821 2068 ct
857 2028 983 2078 aliud,
1019 2027 1143 2081 quod,
1181 2027 1279 2081 quia
1318 2026 1542 2081 multiplici
1581 2025 1842 2079 experientia

179 2079 346 2159 ξζξῇιῖζζξ
385 2096 640 2149 astipulante
681 2096 815 2149 aegris
855 2096 1013 2149 optime
1060 2095 1219 2136 solebat
1259 2100 1433 2145 vertere,
1474 2094 1519 2135 in
1567 2093 1842 2135 describendo

181 2170 341 2236 ῑὶῑῗίῑθψῑο-
383 2164 558 2217 hujusce
591 2163 728 2204 morbi
761 2163 968 2216 regimine
1000 2163 1105 2204 mihi
1136 2163 1311 2204 minime
1343 2161 1701 2217 praetereundum
1731 2160 1841 2211 fuit3

261 2229 267 2236 ”
383 2245 535 2285 nempe
567 2235 616 2271 ut
650 2245 774 2284 aeger
805 2231 990 2284 quotidie
1022 2231 1132 2271 lecto
1168 2230 1413 2280 abstineret,
1446 2230 1595 2270 saltem
1630 2228 1685 2269 ad
1717 2228 1842 2269 horas

385 2300 558 2352 aliquot,
590 2298 666 2349 vel,
696 2299 728 2339 si
755 2299 799 2339 id
831 2303 991 2340 vetaret
1019 2299 1152 2352 major
1178 2300 1268 2352 ejus
1295 2298 1501 2348 debilitas,
1523 2301 1660 2338 vestes
1691 2296 1842 2337 saltem

384 2366 593 2416 indueret,
636 2371 678 2407 ct
719 2380 847 2420 supra
892 2367 1053 2407 lectum
1093 2365 1280 2416 cubaret,
1321 2365 1458 2419 capite
1497 2365 1624 2418 paulo
1664 2363 1841 2404 elatiori.

384 2433 557 2474 Etenim
590 2447 688 2474 cum
724 2447 931 2488 magnum
962 2434 1083 2474 illum
1113 2433 1320 2487 impetum
1351 2447 1434 2486 quo
1464 2431 1609 2473 Febris
1639 2432 1685 2472 in
1715 2434 1843 2485 caput

385 2501 611 2551 serebatur,
635 2506 677 2542 et
699 2501 1071 2543 inflammatoriam
1099 2501 1224 2541 simul
1250 2500 1468 2554 sanguinis
1499 2499 1720 2550 diathesin,
1743 2512 1842 2540 con-

385 2569 622 2622 templarer,
646 2569 773 2610 subiit
796 2569 901 2609 mihi
921 2569 967 2609 in
986 2573 1175 2609 mentem
1204 2582 1377 2621 aegrum
1398 2582 1422 2607 a
1442 2566 1626 2620 corporis
1655 2564 1844 2619 positura

387 2637 583 2676 nonnihil
604 2637 880 2678 emolumenti
897 2651 1044 2691 capere
1070 2650 1204 2691 posse,
1228 2636 1262 2676 si
1281 2649 1435 2689 nempe
1456 2649 1504 2676 ea
1529 2634 1626 2676 talis
1646 2633 1772 2675 fuerit
1792 2636 1843 2673 ut

390 2719 413 2744 a
434 2704 806 2745 circumambiente
831 2705 1076 2745 nullatenus
1098 2707 1340 2757 augesceret
1368 2703 1493 2752 calor,
1520 2701 1648 2756 (quod
1669 2700 1844 2742 omnino

390 2770 479 2810 ficri
504 2784 672 2811 necesse
700 2776 776 2821 est,
799 2771 832 2811 si
859 2771 903 2811 in
928 2772 1037 2812 lecto
1059 2785 1102 2812 se
1128 2771 1289 2825 jugiter
1313 2770 1558 2821 contineat,)
1583 2783 1721 2823 neque
1748 2782 1842 2809 san-

392 2837 530 2890 guinis
550 2838 596 2878 111
617 2839 764 2891 capitis
787 2853 924 2880 arcem
945 2839 1160 2880 tendentis
1181 2839 1365 2893 impetus
1380 2842 1714 2892 promoveretur‚·
1745 2850 1847 2878 cum
1966 2820 1970 2876 1

391 2905 505 2945 1111110
533 2906 691 2946 cerebri
716 2907 852 2948 fervor
878 2907 1137 2958 intendatur,
1159 2906 1418 2960 proindeque
1445 2902 1615 2959 spiritus
1641 2903 1846 2945 animales
1966 2904 1969 2942 1

1976 265 1985 292 es

1983 737 1985 745 1
1981 672 1985 697 Φ
1980 603 1985 629 Α
1979 536 1985 560 »-.
1978 467 1985 492 ⁷-—
