1985 3308
282 181 803 224 OBSERVATIONUM
837 180 1214 222 MEDICARUM
1248 186 1276 218 I.
1303 189 1335 221 2,
1481 184 1531 221 31

83 292 229 329 nostra
250 288 302 328 ad
324 288 451 341 hujus
467 287 630 328 illiusve
652 287 789 328 morbi
808 287 1042 340 Epidemici
1065 287 1383 340 generationem
1403 288 1537 340 magis
1564 296 1617 325 Di:
1633 297 1733 348 Myn-

82 355 274 396 minusve
302 355 525 409 disponere
538 371 549 404 3
581 355 695 408 quod
723 359 765 395 et
797 354 848 395 de
878 368 1131 408 quocunque
1160 368 1299 395 errore
1328 354 1439 395 circa
1466 368 1537 395 sex
1572 340 1727 411 ζζζιξζζζ

80 436 146 463 res
167 423 491 463 non-naturales
505 428 520 446 θ
541 422 703 463 dictum
725 423 830 463 volo.

146 491 225 544 [7.]
263 490 707 531 Animadvertendum
729 496 873 531 autem
895 495 958 531 est
980 490 1326 544 Epidemicorum
1358 490 1460 531 alios
1489 491 1536 530 in
1557 500 1640 548 undej
1658 501 1736 540 Epi-

80 558 160 599 hoc
194 563 269 599 aut
303 558 375 599 illo
412 572 524 599 anno
559 558 811 611 regulariter
851 563 893 598 et
933 558 1081 599 eodem
1123 572 1287 612 semper
1326 558 1452 598 modo
1494 572 1537 598 se
1556 542 1696 614 sslsfflffiffi

78 625 248 676 habere,
278 625 429 666 iisdem
458 625 584 679 plane
618 625 922 679 Phaenomenis
958 631 1000 666 et
1036 625 1242 665 conformi
1279 630 1535 679 symptoma-
1554 627 1725 666 regulares,

78 697 174 733 tum
216 693 386 746 agmine
427 693 473 733 in
509 693 720 746 plerisque
759 693 846 734 fere
887 693 1085 733 omnibus
1126 706 1229 745 quos
1271 693 1535 743 adoriuntur,

79 761 280 814 stipatos3
326 765 453 814 atque
489 761 636 801 eadem
671 774 841 814 prorsus
876 760 943 801 via
983 760 1063 801 sibi
1103 760 1250 813 fugam
1291 765 1333 801 et
1375 761 1536 801 exitum

77 833 289 881 parantes.
350 829 415 868 Ex
441 828 507 868 his
534 828 691 882 itaque,
713 832 920 881 tanquam
941 828 986 868 in
1012 840 1087 868 suo
1110 842 1264 881 genere
1284 828 1534 882 perfectissi-

77 896 171 947 mis,
179 911 277 938 vera
297 901 340 938 et
356 902 471 937 certa
486 897 732 938 morborum
749 897 1093 950 Epidemicorum
1114 897 1291 937 historia
1312 897 1537 938 ediscenda

79 969 142 1005 est
164 969 292 1020 atque
313 965 533 1006 tradenda.

143 1032 221 1085 [8.]
262 1033 373 1072 Sunt
394 1046 491 1073 vero
513 1032 583 1072 alii
605 1032 784 1073 aliorum
805 1046 1014 1072 annorum
1036 1032 1186 1082 morbi,
1205 1033 1289 1085 qui,
1311 1032 1410 1073 licet
1432 1033 1535 1084 Epi-
1555 1041 1608 1071 alii
1624 1053 1700 1091 qno-

79 1100 322 1140 demicorum
351 1100 642 1153 insigniantur
663 1100 849 1149 nomine,
874 1113 1067 1140 enormes
1087 1104 1234 1140 tamen
1256 1104 1356 1140 sunt
1379 1105 1420 1140 et
1442 1114 1535 1153 per·
1553 1085 1640 1114 mah·

79 1181 206 1221 quam
238 1168 435 1218 anomali,
457 1172 607 1221 utpote
637 1168 708 1221 qui
743 1168 852 1207 nulli
881 1181 924 1207 se
951 1172 1053 1221 typo
1088 1168 1313 1221 patiuntur
1341 1169 1533 1221 astringi,

76 1239 119 1276 et
148 1249 293 1275 revera
319 1235 421 1275 mali
450 1240 550 1275 sunt
581 1235 722 1285 moris,
745 1240 839 1275 tum
871 1235 1010 1288 quoad
1039 1235 1245 1276 incertam
1277 1241 1533 1289 symptoma-

76 1307 169 1343 tum
190 1303 440 1344 varietatem
461 1303 825 1355 certissimamque
853 1303 1256 1353 dissimilitudinem,
1279 1309 1374 1344 tum
1397 1305 1534 1357 quoad

75 1369 326 1411 methodum
367 1384 450 1424 qua
491 1384 534 1410 se
573 1370 654 1424 ipsi
695 1370 926 1423 expediunt
973 1375 1015 1410 et
1062 1371 1336 1411 amoliuntur.
1415 1372 1533 1412 Haec

73 1444 197 1480 tanta
230 1439 401 1480 illorum
436 1439 658 1492 disparitas
695 1439 846 1479 exinde
882 1439 1029 1488 oritur,
1065 1439 1177 1491 quod
1213 1439 1371 1479 scilicet
1408 1454 1532 1492 quae-

72 1507 177 1547 libet
216 1507 466 1547 constitutio
506 1507 676 1547 morbos
711 1506 836 1560 parit,
876 1520 900 1546 a
935 1506 1094 1546 morbis
1131 1506 1323 1559 ejusdem
1364 1508 1530 1560 generis

74 1575 146 1628 qui
181 1575 262 1615 alio
293 1580 484 1628 tempore
516 1574 833 1627 grassabantur,
868 1575 1056 1614 multum
1100 1569 1377 1624 abludentes,
1416 1575 1529 1628 quod

73 1657 162 1683 non
188 1646 357 1683 tantum
387 1642 434 1682 in
459 1642 649 1683 febribus
676 1642 818 1682 locum
845 1641 988 1691 habet,
1018 1641 1092 1682 sed
1119 1642 1164 1681 in
1197 1642 1408 1695 plerisque
1441 1643 1532 1683 aliis

74 1710 344 1764 Epidemicis.

139 1777 218 1832 [9.]
256 1778 409 1831 Neque
425 1777 494 1818 hic
510 1777 659 1818 finitur
673 1777 867 1818 Orestesf
879 1794 885 1817 :
918 1781 1051 1818 restat
1069 1777 1182 1817 enim
1201 1783 1244 1818 et
1261 1778 1388 1827 aliud,
1405 1779 1532 1831 paulo

74 1845 304 1886 subtilioris
340 1844 523 1901 θεωρίας,
558 1846 807 1885 luoeuriantis
851 1845 901 1897 (si
935 1845 998 1885 fas
1035 1849 1098 1885 est
1134 1845 1301 1898 dicere,)
1337 1847 1531 1886 Naturae

73 1913 191 1954 lusus
204 1930 215 1963 ς
248 1913 361 1966 quod
381 1927 536 1966 nempe
559 1913 674 1953 idem
694 1912 869 1953 morbus
896 1912 942 1952 in
969 1912 1180 1966 ipsissima
1201 1912 1303 1953 anni
1325 1914 1530 1954 constitu-

72 1980 203 2030 tione,
226 1980 340 2020 varia
361 1994 483 2033 saepe
504 1984 547 2020 et
569 1980 763 2020 dissimili
793 1993 836 2020 se
856 1980 962 2020 facie
984 1985 1185 2031 ostentat,
1209 1981 1321 2033 quod
1349 1981 1403 2021 ad
1423 1986 1530 2022 tem-

73 2061 176 2101 pora
204 2048 357 2088 attinet
384 2048 592 2101 principii,
616 2052 764 2097 status,
788 2052 830 2088 et
859 2048 1154 2088 declinationis
1168 2065 1180 2098 3
1218 2048 1331 2101 quod
1359 2049 1530 2102 quidem

73 2115 186 2156 tanti
206 2120 345 2168 potest
373 2129 463 2156 esse
491 2115 711 2165 momenti,
733 2120 782 2155 ut
810 2129 885 2168 pro
913 2116 1002 2169 ejus
1032 2116 1207 2156 arbitrio
1232 2117 1444 2158 curativae
1465 2118 1529 2157 in-

74 2182 306 2224 dicationes
326 2183 547 2236 ponendae
569 2182 850 2223 sumendaeve
870 2182 1043 2223 fuerint.

137 2251 245 2304 [10]
284 2251 416 2291 Porro
447 2250 758 2291 observandum
780 2254 845 2290 est
872 2249 1143 2303 Epidemicos
1173 2264 1448 2303 quoscunque
1483 2252 1529 2292 in
1549 2262 1731 2301 Epidemiei

73 2318 178 2359 duos
213 2319 387 2360 omnino
423 2318 591 2359 ordines
625 2318 815 2371 dispesci,
854 2331 994 2358 vernos
1030 2318 1136 2368 dico,
1169 2323 1212 2358 et
1248 2321 1526 2367 autumnales;
1546 2304 1689 2378 ζξξῃῗῑὲξ

72 2389 116 2426 et
141 2386 330 2439 quamvis
351 2386 441 2426 fieri
470 2390 610 2439 potest
631 2390 679 2426 ut
709 2385 790 2425 alia
818 2385 1005 2439 qualibet
1034 2385 1135 2426 anni
1155 2389 1409 2439 tempestate
1431 2387 1527 2428 sub·
1546 2372 1731 2421 velautm’n-

71 2459 314 2504 nascantur,
340 2453 393 2495 ad
425 2453 543 2493 illam
575 2457 721 2493 tamen
757 2457 858 2493 sunt
885 2453 1116 2505 relegandi,
1143 2467 1214 2494 ver
1245 2458 1528 2496 autumnusve
1546 2433 1643 2463 ”³¹⁰⁸

70 2519 213 2571 fuerit,
248 2534 375 2574 quam
411 2520 600 2574 proxime
635 2520 907 2573 contingunt.
973 2520 1142 2560 Accidit
1177 2520 1291 2561 enim
1327 2535 1527 2563 nonnun-

73 2601 200 2641 quam
221 2589 327 2629 ae'ris
351 2588 602 2642 temperiem
623 2602 721 2628 cum
749 2587 1094 2641 Epidemicorum
1124 2588 1264 2641 aliquo
1289 2589 1334 2628 in
1355 2594 1526 2631 tantum

71 2655 322 2710 conspirare,
344 2661 406 2707 ut,
429 2669 478 2697 eo
498 2656 676 2706 fautore,
700 2660 800 2696 ante
828 2660 997 2708 tempus
1027 2655 1106 2696 sibi
1134 2655 1327 2696 debitum
1352 2657 1526 2699 miseros

115 2780 130 2795 θ
155 2779 174 2794 “
189 2778 256 2809 Res
272 2779 502 2809 non-naturales
524 2782 600 2808 sunt
623 2787 688 2814 sex,
706 2778 769 2812 ae'r,
829 2777 939 2807 bent.''
984 2777 1174 2815 (Blancardi
1191 2779 1264 2808 Lex.
1281 2779 1382 2818 nied.)

73 2819 163 2851 cibus
179 2825 210 2850 et
225 2825 330 2861 potus,
348 2825 456 2851 motus
472 2825 503 2850 et
520 2821 620 2860 quies,
638 2830 770 2849 somnus
874 2817 883 2837 f
906 2822 924 2835 “
938 2819 1082 2859 Scriptus
1095 2825 1124 2850 et
1137 2820 1169 2849 in
1184 2825 1283 2861 tergo,
1301 2823 1438 2852 necdum
1453 2823 1524 2853 fini-

72 2867 104 2892 et
118 2863 257 2903 vigiliae,
275 2863 373 2893 animi
390 2863 583 2903 pathemata,
598 2867 724 2892 excreta
740 2870 771 2892 et
830 2866 882 2891 tus
899 2862 1060 2893 Orestes.”
1110 2863 1223 2893 Juven.
1243 2865 1306 2894 Sat.
1332 2865 1350 2895 i.
1374 2866 1402 2895 6.
1424 2866 1479 2895 ubi
1498 2877 1524 2895 v.

71 2909 207 2935 retenta:
226 2906 270 2935 sic
282 2906 492 2946 appellantur,
505 2905 588 2945 quia,
602 2905 627 2934 si
639 2905 770 2934 modum
832 2904 971 2944 Interpp.

74 2947 236 2984 excedant,
269 2958 362 2988 saepe
397 2948 518 2978 morbis
550 2957 660 2977 ansam
683 2957 773 2987 prae-
