1985 3308
230 274 360 305 Fennis

221 317 371 347 Cosnx.

199 359 384 390 Axnoaun

224 402 359 434 ’73-’75.

200 471 263 501 quo
280 466 371 501 pacto

200 503 379 536 tollebatur.

202 1554 376 1585 Dian-hoca

201 1608 218 1627 a
236 1607 345 1627 narco-

201 1640 272 1675 tico,
290 1640 344 1669 ubi

201 1692 281 1721 opus
297 1687 372 1718 erat,

200 1724 378 1755 sistebatur.

200 2029 386 2059 Narcotico-

200 2082 272 2101 rum
289 2082 367 2102 usus

201 2114 259 2144 hoc
277 2115 342 2144 solo

201 2156 233 2185 in
248 2167 321 2186 casu
334 2157 385 2186 hic

200 2204 265 2228 crat
281 2209 351 2238 pro-

200 2241 332 2272 bandus.

202 2373 373 2403 Convales-

199 2416 339 2446 centium

201 2458 329 2488 sudores

201 2501 347 2530 nocturni

201 2543 285 2572 unde
301 2545 370 2579 orti,

200 2589 229 2613 et
247 2594 309 2623 quo

200 2628 292 2656 modo
310 2628 369 2658 tol-

201 2667 293 2700 leudi.

402 158 487 198 216
816 156 1071 198 THOMAE
1105 156 1447 197 SYDENHAM

403 263 548 304 statim
578 264 769 317 perspexi
797 263 1141 317 symptomaticas
1171 262 1300 303 fuisse
1330 262 1430 302 huic
1461 260 1598 310 Febri,
1625 274 1713 300 non
1742 273 1853 309 vero,

403 336 452 372 ut
481 332 528 372 in
563 331 867 372 constitutione
898 329 1179 384 praecedenti,
1211 328 1437 381 originales
1473 332 1515 367 et
1545 326 1682 380 primo
1717 330 1853 366 ortas:

404 413 487 453 quo
527 413 614 440 non
655 399 863 448 obstante,
900 412 997 439 cum
1037 397 1175 438 morbi
1216 410 1343 437 causa
1377 395 1422 435 in
1464 394 1683 447 sanguinis
1717 407 1856 433 massa

403 466 684 516 clauderetur,
724 465 1107 506 venae-sectionem
1153 477 1201 504 ea
1235 462 1451 503 indicabat
1464 478 1476 511 ;
1523 475 1630 515 quae
1671 460 1855 514 quidem,

402 533 625 588 propinato
658 532 787 573 etiam
821 536 915 585 post
950 530 1163 571 narcotico
1198 529 1250 570 ad
1287 529 1392 569 duas
1426 529 1549 580 vices,
1583 527 1856 583 symptomati

403 602 503 643 huic
524 601 775 642 debellando
796 614 871 654 par
892 605 994 640 erat.

468 669 576 723 [24]
617 667 869 721 Septembri,
904 667 1027 716 1675,
1060 666 1138 706 D¹¹a
1173 664 1386 719 Conysby,
1415 665 1540 719 juxta
1573 665 1743 719 Equilia
1773 665 1855 705 Re·

403 737 474 790 gia
512 735 722 785 habitans,
764 748 833 774 me
883 733 1098 773 accersivit
1114 749 1126 782 ς
1177 732 1439 773 laboraverat
1480 746 1530 773 ea
1577 733 1658 773 hac
1707 732 1856 782 Febre,

402 804 560 845 ventris
592 802 847 843 torminibus
889 801 1114 854 derepente
1149 800 1239 853 jam
1275 805 1479 854 correpta,
1514 814 1620 853 quae
1660 800 1857 853 deinceps

403 870 667 924 excipiebant
696 869 951 923 dejectiones
981 868 1240 920 sanguineae
1268 881 1315 908 ac
1343 881 1552 908 mucosae.
1614 867 1734 908 Licet
1761 881 1856 921 pro-

401 938 527 978 tritae
558 938 648 991 jam
689 937 740 977 ab
783 936 942 989 aliquot
979 935 1126 976 diebus
1168 935 1221 976 ob
1262 935 1459 976 morbum
1500 935 1716 975 diutinum
1750 935 1857 975 vires

403 1011 556 1055 essent,
588 1005 771 1045 maxime
801 1018 898 1044 vero
929 1018 954 1043 a
984 1003 1270 1056 dejectionum
1310 1002 1550 1056 frequentia
1586 1016 1693 1056 quae
1732 1006 1858 1043 nocte

402 1087 647 1126 praegressa
666 1072 852 1112 multum
872 1071 1166 1124 fatigaverant,
1190 1071 1443 1124 sanguinem
1474 1075 1622 1111 tamen
1643 1084 1665 1111 e
1685 1070 1858 1111 brachio

403 1141 548 1181 statim
569 1139 836 1181 educendum
864 1139 1017 1189 curati,
1041 1143 1083 1179 et
1103 1139 1229 1192 paulo
1256 1144 1351 1192 post
1371 1138 1636 1179 narcoticum
1657 1138 1858 1179 exhiben-

403 1208 530 1258 dum,
563 1208 715 1261 quibus
745 1207 939 1261 peractis,
963 1221 1011 1247 ea
1040 1207 1132 1260 ipsa
1160 1211 1286 1247 nocte
1317 1206 1572 1260 dejectiones
1603 1211 1858 1247 stercorosae

404 1276 784 1330 conspiciebantur.
845 1275 978 1315 Mane
1019 1279 1061 1315 et
1096 1274 1258 1328 vesperi
1289 1274 1564 1328 sequentibus
1594 1274 1859 1315 narcoticum

401 1344 645 1398 repetebam
666 1343 942 1397 praedictum,
957 1342 1164 1396 imperato
1185 1342 1314 1382 etiam
1334 1341 1645 1383 medicamento
1667 1342 1859 1384 cardiaco

403 1411 675 1453 moderatiori
707 1425 789 1464 quo
812 1410 984 1464 spiritus
1004 1410 1342 1451 refocillarentur
1357 1427 1369 1459 3
1402 1415 1529 1463 atque
1551 1409 1602 1451 ab
1624 1410 1691 1451 his
1713 1410 1859 1451 statim

404 1480 630 1520 convaluit.

470 1547 577 1600 [25]
616 1546 894 1586 Diarrhoeam
936 1545 1047 1598 quod
1088 1545 1255 1594 attinet,
1293 1559 1400 1598 quae
1441 1545 1590 1586 codem
1629 1545 1716 1586 fere
1757 1545 1860 1586 anni

403 1618 593 1667 tempore
622 1613 722 1654 huic
755 1613 880 1654 Febri
907 1612 1023 1653 haud
1049 1626 1143 1652 raro
1177 1612 1405 1663 accidebat,
1434 1613 1577 1653 minus
1611 1613 1749 1654 adhuc
1778 1613 1861 1654 ista

405 1681 636 1723 facessebat
664 1681 825 1734 negotii
839 1698 849 1730 ;
881 1694 1061 1733 cumque
1090 1694 1139 1720 ea
1159 1694 1297 1733 neque
1319 1695 1445 1733 aegro
1469 1681 1699 1734 prodesset,
1721 1695 1860 1734 neque

405 1750 533 1790 etiam
564 1750 760 1799 officeret,
787 1749 1012 1802 (quantum
1033 1748 1139 1787 mihi
1160 1748 1379 1788 observare
1409 1749 1557 1800 licuit,)
1583 1749 1667 1789 sive
1695 1749 1860 1789 adesset

405 1823 564 1871 stupor,
587 1817 671 1857 sive
697 1817 825 1857 etiam
853 1816 1029 1865 abesset,
1052 1815 1215 1855 nullam
1244 1815 1295 1856 ab
1317 1815 1391 1855 illa
1414 1815 1719 1856 indicationem
1740 1830 1859 1856 cura-

403 1885 535 1925 tivam
563 1885 711 1925 elicere
732 1883 935 1933 valebam,
957 1883 1083 1923 modo
1103 1883 1218 1923 intra
1244 1897 1314 1923 eos
1336 1888 1466 1924 staret
1487 1883 1644 1924 limites
1665 1888 1714 1924 ut
1736 1897 1861 1936 aeger

404 1954 457 1994 ab
479 1968 528 1994 ea
549 1954 599 1994 de
615 1954 701 1994 vita
722 1967 809 1993 non
830 1953 1140 2006 periclitaretur
1152 1969 1164 2002 3
1197 1967 1280 2006 quo
1300 1952 1346 1992 in
1363 1967 1463 1993 casu
1483 1953 1747 1994 narcoticum
1769 1953 1860 1994 sine

406 2021 535 2062 dubio
564 2020 846 2070 indicabatur,
869 2024 996 2072 atque
1028 2020 1075 2059 in
1096 2034 1145 2060 eo
1173 2020 1261 2060 solo
1293 2020 1537 2073 probandus
1566 2021 1860 2075 anodynorum

403 2103 504 2129 usus
535 2102 610 2142 per
639 2102 809 2128 omnem
840 2087 978 2128 morbi
1008 2087 1136 2140 hujus
1170 2087 1420 2137 deeiu’sum5
1451 2088 1604 2141 ingens
1640 2088 1755 2129 enim
1787 2089 1861 2128 illa

402 2157 624 2210 propensio
653 2169 737 2209 qua
765 2155 844 2195 hac
866 2154 1000 2195 Febre
1027 2155 1268 2196 laborantes
1289 2156 1335 2195 in
1363 2160 1577 2208 stuporem
1599 2156 1858 2206 ferebantur,

403 2223 455 2264 ab
482 2224 547 2264 his
577 2223 894 2273 intendebatur,
918 2237 965 2263 ac
995 2223 1172 2276 proinde
1202 2223 1285 2263 nisi
1317 2228 1498 2276 urgente
1529 2224 1781 2264 necessitate
1814 2223 1860 2264 in

402 2306 527 2332 usum
549 2306 771 2345 nunquam
793 2296 913 2332 erant
935 2291 1181 2332 revocanda.

469 2359 576 2413 [26]
614 2359 867 2400 Notandum
889 2364 951 2399 est
973 2358 1089 2398 haud
1108 2372 1203 2398 raro
1231 2358 1418 2398 accidere
1440 2362 1528 2398 tam
1551 2357 1603 2398 ab
1624 2357 1704 2398 hac
1725 2357 1859 2399 Febre

405 2441 530 2480 quam
561 2426 749 2467 febribus
781 2426 872 2467 aliis
903 2425 1306 2475 convalescentibus,
1333 2425 1384 2465 iis
1415 2425 1597 2466 maxime
1629 2440 1733 2479 quos
1762 2425 1860 2466 illae

404 2494 562 2534 diutius
583 2498 911 2543 maceraverant,
928 2507 1007 2533 nec
1029 2493 1111 2533 nisi
1132 2498 1226 2546 post
1244 2493 1392 2545 longas
1410 2506 1670 2546 magnasque
1686 2506 1859 2533 evacua-

403 2561 539 2601 tiones
574 2561 749 2602 tandem
786 2561 1056 2610 demiserant,
1092 2559 1355 2614 (praesertim
1387 2560 1421 2600 si
1450 2559 1689 2600 invalidiori
1719 2563 1860 2600 essent

403 2629 585 2681 corporis
620 2629 800 2681 habitu,)
836 2633 885 2669 ut
920 2633 1052 2669 noctu
1085 2628 1132 2668 in
1167 2628 1276 2668 lecto
1317 2627 1521 2667 cubantes
1556 2627 1858 2668 incalescerent

402 2696 599 2748 primum,
621 2711 719 2736 mox
751 2696 902 2737 sudore
935 2696 1187 2745 diffluerent,
1211 2710 1235 2735 a
1266 2695 1418 2748 quibus
1440 2695 1712 2734 vehementer
1741 2694 1858 2734 infir-

402 2762 641 2813 mabantm,
660 2768 703 2803 et
724 2764 830 2804 vires
851 2763 1014 2804 tardius
1034 2762 1308 2816 recipiebant,
1330 2761 1528 2802 nonnulli
1550 2762 1679 2801 etiam
1700 2761 1856 2814 praeci-

402 2829 648 2881 pitabantur
668 2831 712 2870 in
736 2831 890 2871 tabem.
954 2831 1064 2871 Cum
1087 2835 1325 2884 symptoma
1344 2829 1424 2870 hoc
1439 2843 1528 2869 non
1549 2828 1721 2869 aliunde
1742 2827 1859 2869 nasci

402 2896 683 2938 existimarem
707 2913 834 2951 quam
857 2913 880 2939 a
902 2898 1109 2951 sanguine
1131 2898 1183 2939 ob
1209 2897 1405 2938 morbum
1427 2896 1786 2938 contumaciorem
1807 2909 1857 2936 eo
