1985 3308
198 264 252 293 Dc
277 262 383 292 Pem-

200 313 382 335 memon.

222 348 361 378 No'mA.

197 591 304 622 Morbi
321 592 375 623 de-

198 635 338 674 scriptio.

199 1401 371 1432 CURA‘rio.

400 145 485 184 556
814 146 1070 187 THOMAE
1103 145 1446 186 SYDENHAM

401 252 615 305 pectorali,
638 253 881 305 eclegmate,
899 258 940 292 et
962 253 1053 293 oleo
1075 252 1396 305 amygdalarum
1417 249 1618 300 dulcium,
1632 249 1678 289 in
1698 250 1860 289 Pleuri-

403 319 487 360 tide
515 319 625 373 [sup.
648 333 683 361 c.
707 319 768 375 8.]
794 320 1026 373 descriptis.

1013 424 1139 465 CAP.
1174 424 1247 464 X.e

930 504 993 543 De
1013 504 1330 543 Rheumatismo.

460 586 677 625 Rmonm
700 588 741 623 et
762 583 994 632 horrorem,
1013 587 1054 622 et
1076 587 1243 622 caetera
1262 581 1444 621 febrium
1466 585 1764 634 symptomata,
1786 594 1861 634 pa-

399 651 593 700 tiuntur3
638 650 777 702 elapso
811 650 877 690 die
912 664 1000 690 uno
1041 650 1222 690 alterove
1258 650 1335 701 (est
1369 654 1411 689 et
1443 649 1517 688 ubi
1552 648 1704 701 citius,)
1741 648 1863 688 dolor

400 718 519 758 adest
541 722 674 766 atrox,
694 730 811 756 nunc
831 716 876 756 in
896 717 989 767 hoc,
1009 731 1126 757 nunc
1146 717 1192 756 in
1206 717 1278 757 illo
1300 721 1407 766 artu,
1428 717 1472 756 in
1494 716 1640 769 carpis,
1657 715 1860 766 humeris,

401 790 443 825 et
471 783 665 837 genubus
690 784 951 836 praesertim,
972 783 1153 824 vicissim
1183 784 1260 824 hos
1289 784 1534 837 relinquens
1555 788 1598 823 et
1623 783 1716 823 illos
1737 796 1861 823 occu-

399 867 518 905 panS,
558 851 714 892 rubore
750 857 793 892 et
827 857 995 893 tumore
1029 852 1075 892 in
1106 857 1226 906 parte
1260 867 1387 905 quam
1422 857 1684 905 postremum
1719 851 1860 892 affecit

401 919 539 960 adhuc
577 919 756 959 residuis
769 936 780 969 3
830 919 959 960 febris
1000 920 1156 960 sensim
1197 919 1421 969 evanescit,
1461 923 1663 959 manente
1703 918 1861 969 dolore,

401 987 503 1040 quin
536 991 579 1028 et
614 1001 923 1040 nonnunquam
954 987 1182 1027 immanius
1214 986 1438 1027 saeviente.
1499 986 1555 1026 In
1591 985 1862 1039 Lumbagine

402 1054 682 1095 Rheumatica
711 1055 909 1095 immanis
938 1055 1056 1095 dolor
1083 1055 1215 1105 adest,
1238 1055 1347 1095 circa
1369 1053 1614 1094 lumborum
1639 1054 1860 1107 regionem

399 1123 519 1173 fixus,
555 1122 773 1176 nephritin
808 1123 1034 1173 mentiens,
1064 1122 1147 1162 nisi
1178 1121 1290 1175 quod
1318 1135 1443 1175 aeger
1471 1135 1561 1161 non
1589 1120 1832 1161 vomituriat,
1845 1137 1860 1171 ;

400 1191 472 1243 qui
491 1190 770 1244 procumbere
790 1190 952 1244 nequit,
974 1190 1047 1231 sed
1067 1191 1132 1231 vel
1152 1204 1175 1230 e
1195 1191 1306 1230 lecto
1327 1190 1454 1239 exilit,
1476 1190 1543 1230 vel
1563 1203 1690 1242 super
1709 1189 1860 1230 eodem

400 1263 566 1299 erectus
587 1258 717 1308 sedet,
741 1272 914 1312 corpore
941 1264 1147 1312 perpetua
1173 1259 1403 1312 agitatione
1428 1272 1545 1298 nunc
1569 1272 1713 1298 versus
1739 1263 1860 1300 ante-

399 1326 522 1376 riora,
536 1341 653 1367 nunc
669 1327 901 1380 posteriora
916 1327 1136 1368 inclinato:
1171 1327 1342 1380 sanguis
1362 1327 1681 1380 pleuriticorum
1697 1327 1859 1368 similis.

465 1394 545 1447 [2.]
582 1394 787 1435 Mittatur
817 1395 987 1448 sanguis
1021 1410 1043 1436 e
1073 1395 1245 1436 brachio
1277 1395 1419 1435 lateris
1455 1395 1595 1436 affecti
1627 1395 1681 1436 ad
1712 1395 1860 1437 uncias

400 1460 559 1501 decem.

402 1536 534 1576 [Form.
555 1540 669 1583 169.]f
697 1537 735 1587 R
763 1540 884 1584 Aquae
902 1541 1142 1586 Nymphzoeae,

776 1599 932 1641 [Aquae]
952 1598 1169 1639 Portulacae,

777 1652 936 1697 [Aquae]
956 1653 1142 1694 Lactucae,
1160 1666 1228 1688 ana
1243 1657 1364 1689 uncias
1382 1662 1540 1700 quatuor,

777 1708 903 1753 Syrupi
921 1709 963 1742 de
982 1710 1188 1744 Limonibus
1206 1713 1473 1756 sesquiuuciam,

774 1765 898 1810 Syrupi
918 1766 1074 1800 Violacei
1092 1769 1231 1801 unciam
1250 1780 1378 1808 uuam;

586 1821 719 1855 Misce:
746 1822 807 1855 fiat
819 1823 1008 1867 julapium,
1027 1823 1068 1857 de
1086 1836 1154 1868 quo
1171 1825 1269 1857 bibat
1285 1825 1329 1858 ad
1346 1826 1497 1859 libitum.

458 1895 539 1951 [3.]
578 1897 909 1937 Praescribenda
940 1899 1115 1939 emulsio
1153 1904 1334 1952 quatuor
1367 1901 1577 1942 seminum
1607 1902 1855 1956 frigidorum

396 1966 618 2018 majorum.
684 1964 957 2018 Cataplasma
978 1980 1000 2006 e
1021 1968 1130 2007 mica
1157 1968 1278 2021 panis
1306 1969 1507 2009 albissimi
1535 1974 1576 2010 et
1607 1970 1715 2011 lacte
1736 1985 1858 2012 croco

395 2031 530 2072 tincto
551 2031 785 2085 applicetur
803 2033 914 2085 parti
935 2032 1108 2074 dolenti.

461 2100 540 2153 [4.]
579 2100 660 2140 Die
692 2100 886 2153 sequenti
917 2101 1066 2141 eadem
1097 2104 1315 2156 sanguinis
1342 2106 1555 2158 quantitas
1584 2106 1855 2158 detrahatur;

396 2172 522 2221 atque
542 2168 712 2218 iterum,
736 2168 803 2208 die
829 2183 917 2208 uno
943 2169 1007 2209 vel
1035 2170 1167 2211 altero
1192 2172 1427 2225 interjecto,
1449 2174 1674 2214 reiteretur
1685 2192 1697 2224 3
1729 2180 1858 2228 atque

393 2250 519 2288 porro
551 2241 698 2289 quater
724 2236 789 2276 vel
816 2237 984 2289 pluries,
1008 2237 1041 2277 si
1073 2253 1177 2292 opus
1207 2240 1358 2290 fuerit5
1391 2241 1470 2282 hoc
1501 2242 1775 2293 observando,
1807 2248 1856 2284 ut

394 2309 488 2356 post,
522 2303 751 2343 secundam
776 2306 1163 2346 venae-sectionem
1188 2308 1348 2361 majora
1368 2308 1464 2350 'sint
1494 2311 1713 2351 intervalla
1743 2311 1857 2352 inter

395 2371 584 2423 singulas
607 2371 825 2424 sanguinis
846 2372 1080 2413 missiones.

458 2438 537 2491 [5]
575 2438 738 2478 Diebus
760 2453 784 2478 a
803 2438 1091 2491 phlebotomia
1111 2443 1250 2482 vacuis
1273 2457 1423 2485 enema
1440 2459 1461 2486 e
1481 2445 1590 2487 lacte
1613 2447 1856 2489 saccharato

394 2505 571 2545 subinde
592 2505 818 2559 injiciatur,
840 2507 907 2546 vel
928 2521 1107 2560 sequens
1121 2523 1192 2548 :—

396 2594 527 2633 [Form.
549 2595 666 2636 170]g
704 2593 744 2642 R
774 2595 919 2629 Decocti
938 2597 1145 2631 Communis
1163 2610 1222 2642 pro
1240 2600 1397 2644 Clystere
1413 2602 1538 2636 libram
1555 2614 1674 2643 unam,

771 2652 898 2696 Syrupi
916 2652 1108 2694 Violarum,

769 2708 933 2743 Sacc-bari
949 2711 1125 2751 culinaris,
1143 2723 1210 2745 ana
1229 2714 1348 2747 uncias
1365 2714 1469 2755 duas3

582 2767 718 2808 Misce;
743 2768 804 2802 fiat
821 2780 954 2802 enema.

438 2851 452 2867 e
477 2847 525 2875 Cf.
545 2848 664 2877 Observ.
691 2848 772 2877 Med.
790 2848 829 2878 vi.
850 2850 885 2880 5:
911 2850 1008 2887 Epist.
1034 2851 1091 2879 Re·
1196 2848 1210 2870 f
1231 2851 1280 2881 Cf.
1298 2852 1422 2883 formm.
1446 2855 1498 2890 40,
1518 2855 1587 2884 102.

393 2900 487 2926 spons.
510 2890 532 2918 Ι.
550 2890 582 2927 ξξ
602 2890 652 2923 59,
670 2890 720 2918 60.
1196 2899 1212 2918 Π
1238 2894 1288 2924 Cf.
1303 2895 1429 2926 sormm.
1447 2897 1476 2931 3,
1497 2897 1567 2925 145.
