1985 3308
240 151 759 194 OBSERVATIONUM
791 150 1164 191 MEDICARUM
1199 159 1272 192 ΙΙΙ.
1298 163 1329 192 2.
1435 152 1513 190 141

67 257 252 297 nuirnus.
304 257 557 298 Praesertim
584 271 681 297 vero
710 255 857 296 morbo
888 260 1080 305 exeunte,
1104 269 1201 295 cum
1227 255 1316 308 jam
1348 260 1516 308 appetat
1535 263 1722 294 Vmuomn

65 323 193 364 febris
213 324 519 373 maturatiom‘s,
537 338 623 364 non
644 328 844 364 tantumw
865 323 943 363 hac
962 323 1157 363 libertate
1177 322 1432 375 privandusX
1455 328 1517 362 est
1537 305 1721 378 ἓξζζζζῖἳ,

65 404 200 443 aeger,
224 391 295 431 sed
326 390 561 431 monendus
582 391 709 431 etiam
740 396 787 431 ut
819 404 868 431 ea
892 394 1061 439 utatur3
1095 389 1197 442 quin
1228 394 1269 429 et
1289 389 1518 430 versandus
1559 390 1723 441 ‘67:694

64 471 261 511 persaepe
282 463 405 498 nocte
426 463 552 511 atque
575 458 772 509 interdiu,
793 463 842 498 ut
862 459 1012 511 ingens
1034 458 1145 498 calor
1165 463 1518 511 contemperetur,
1538 448 1709 530 ἑῖῒοιξέξὲτ-

65 529 107 566 et
128 525 339 565 evitentur
366 525 550 575 sudores,
573 525 724 579 quibus
752 526 1004 566 amandatur
1029 525 1135 565 lenis
1162 525 1242 565 iste
1263 524 1416 565 humor
1437 539 1519 578 quo
1537 533 1666 569 sandus,
1678 539 1713 563 ut

65 591 286 632 diluendae
308 596 406 632 sunt
428 592 622 633 Variolae
643 598 691 633 ut
711 593 947 633 mitescant.
1537 579 1694 647 Ξινιὲἕῖεῐέῐ

127 658 235 711 [51.]
273 658 650 712 yQuandoquidem
663 674 772 710 vero,
791 661 853 713 (ut
867 660 1048 700 diximus
1069 660 1112 714 [ᾗ
1131 659 1252 713 13.],)
1270 659 1518 714 ptyalismus
1538 668 1676 708 Ptyalis-

63 727 172 768 hanc
194 727 374 781 speciem
396 728 556 781 jugiter
576 728 813 779 comitatur,
838 728 910 782 qui
933 742 1030 769 cum
1051 742 1073 769 e
1093 728 1326 781 praecipuis
1355 728 1409 768 sit
1428 728 1518 769 Na·
1535 721 1691 784 ffixssfu

62 799 183 835 turae
199 794 552 845 evacuationibus,
571 800 696 848 atque
712 795 780 836 hic
795 796 839 835 in
856 796 945 849 ejus
961 796 1100 837 locum
1118 809 1223 849 quae
1238 809 1313 849 per
1327 796 1518 848 pustulas
1536 796 1686 878 ἒῧῗῐῐῃῐῖἓζ

63 862 153 903 fieri
174 862 319 903 debuit
340 862 621 903 substituatur
626 880 637 912 3
667 864 788 916 (quae
810 863 979 916 quidem
999 877 1073 916 per
1092 863 1282 916 pustulas
1304 862 1518 903 evacuatio
1536 881 1670 920 pleniori

62 929 106 969 in
128 929 206 969 hac
227 930 363 982 speeie
382 929 533 969 humili·
561 943 607 970 ac
629 930 884 983 depressiore
904 945 992 971 non
1023 944 1154 984 aeque
1175 936 1301 984 atque
1320 930 1366 970 in
1388 931 1519 971 altera
1535 923 1681 997 L'tiftuslsskr

1683 991 1690 1004 ,

61 997 247 1049 procedit
261 998 288 1049 ς)
325 1011 588 1050 summopere
619 998 899 1037 annitendum
931 1002 993 1038 est
1028 1003 1076 1037 ut
1108 997 1219 1037 dicta
1250 996 1438 1037 salivatio
1472 997 1568 1037 inin
1585 1009 1691 1048 vigore

62 1063 204 1116 vigore
233 1069 391 1117 perstet
424 1069 465 1105 et
494 1070 773 1114 conservetur,
801 1079 879 1105 nec
907 1070 1005 1105 ante
1034 1065 1145 1105 diem
1177 1079 1300 1104 suum
1332 1065 1515 1115 sistatur,
1535 1061 1667 1124 ξζζζῇῗὸ

61 1131 127 1172 vel
166 1132 446 1172 remediorum
482 1132 712 1172 calidorum
752 1147 844 1182 usu,
882 1133 946 1173 vel
986 1147 1009 1172 a
1049 1132 1245 1173 cerevisia
1283 1132 1403 1173 tenui
1444 1137 1517 1172 aut

62 1199 187 1238 simili
208 1199 288 1239 alio
308 1199 468 1251 liquore
488 1199 716 1239 liberaliter
731 1199 964 1240 hauricndo
981 1214 1154 1253 aegrum
1171 1200 1364 1240 arcendo.
1417 1199 1444 1238 J
1448 1214 1515 1239 am

62 1279 158 1307 cum
178 1267 392 1320 ptyalismi
421 1281 511 1306 mos
543 1267 596 1306 sit
616 1267 866 1307 natmaliter
893 1281 935 1308 se
962 1267 1158 1307 habentis
1185 1272 1233 1307 ut
1254 1281 1352 1307 cum
1381 1266 1517 1319 prima
1535 1273 1617 1304 Cum
1628 1285 1721 1315 erup-

63 1334 281 1388 eruptione
311 1334 497 1387 incipiat,
529 1339 571 1374 et
604 1335 670 1375 die
700 1334 924 1374 undecimo
954 1334 1184 1384 minuatur,
1206 1347 1345 1386 neque
1372 1338 1516 1373 tamen
1533 1321 1620 1398 ἓξὲξ,
1630 1328 1723 1391 ζ’ξζϋε

61 1402 142 1443 m'si
169 1407 264 1456 post
295 1401 407 1442 diem
438 1402 575 1443 adhuc
602 1417 738 1442 unum
768 1407 841 1442 aut
868 1402 1048 1442 alterum
1079 1401 1251 1442 omnino
1282 1401 1458 1451 desinat,
1482 1401 1516 1441 si
1534 1402 1626 1474 11¹ssin
1629 1404 1690 1475 {ni-

63 1473 160 1509 ante
195 1469 306 1509 diem
340 1468 460 1508 illum
495 1469 665 1522 penitus
700 1474 845 1520 cesset,
878 1470 923 1509 in
955 1469 1116 1510 lubrico
1152 1474 1251 1509 sunt
1287 1468 1402 1521 aegri
1435 1482 1514 1508 res.

62 1535 176 1576 Nam
192 1550 288 1577 cum
303 1536 425 1577 faciei
436 1541 579 1577 tumor
603 1537 692 1590 (per
708 1551 833 1589 quem
846 1535 1041 1577 nonnihil
1063 1535 1264 1575 materiae
1277 1535 1517 1575 morbificae
1535 1545 1657 1576 Tumor

63 1605 315 1657 evacuatur)
336 1619 556 1658 nunquam
576 1619 663 1645 non
685 1619 733 1645 eo
753 1605 844 1658 ipso
858 1604 925 1644 die
947 1604 1168 1657 dispareat,
1187 1603 1221 1643 si
1243 1602 1431 1643 salivatio
1448 1617 1515 1643 eo·
1535 1588 1721 1662 ἓξξῖζὲζζξῗ

62 1670 158 1711 dem
178 1671 334 1724 pariter
348 1676 537 1725 tempore
559 1686 602 1712 se
624 1671 843 1722 subducat,
861 1685 984 1725 aeger
999 1671 1177 1711 materia
1192 1671 1411 1712 Variolosa
1426 1671 1516 1725 jam
1535 1674 1709 1754 Ξῗὲἒίοειὲιῖ)

1696 1729 1723 1748 1-

61 1744 341 1792 putrescente,
357 1753 430 1780 ceu
448 1754 622 1790 veneno,
636 1740 824 1780 inficitur
830 1757 841 1790 3
873 1754 1054 1794 cumque
1069 1741 1187 1780 nulla
1199 1741 1378 1794 amplius
1393 1741 1517 1781 detur
1535 1759 1619 1788 vatio
1636 1770 1700 1790 una

61 1812 183 1860 porta
208 1821 282 1860 per
303 1822 429 1861 quam
459 1808 649 1849 evacuari
669 1808 812 1861 possit,
834 1809 880 1848 in
909 1808 1024 1848 busti
1050 1808 1197 1848 limine
1218 1807 1491 1847 constituitiu·
1503 1824 1514 1857 5
1534 1801 1705 1875 Ξίὃῇῖζῗῗςῑο

63 1875 144 1915 nisi
157 1875 264 1916 forte
277 1876 403 1929 (quod
416 1877 463 1916 fit
477 1877 814 1929 nonnunquam,)
831 1890 1038 1916 manuum
1050 1875 1378 1916 intumescentia
1394 1876 1516 1928 (quae
1536 1892 1674 1935 sunt'res

63 1948 112 1982 ut
134 1942 264 1983 serius
286 1957 411 1996 quam
431 1943 503 1983 illa
521 1943 643 1983 faciei
670 1957 713 1983 se
734 1943 931 1992 ostendit,
953 1942 1014 1982 ita
1032 1942 1193 1982 tardius
1214 1941 1402 1995 recedit,)
1427 1942 1517 1995 ejus
1535 1939 1631 1969 aegn·

66 2008 119 2048 sit
139 2009 261 2048 molis
282 2023 328 2049 ae
350 2009 555 2049 momenti
575 2014 623 2049 ut
644 2009 696 2049 ab
714 2009 814 2050 Orci
833 2009 1024 2049 faucibus
1045 2009 1166 2049 illum
1184 2009 1347 2063 eripiat.
1411 2009 1516 2049 Sali-

64 2079 187 2129 vatio,
211 2093 316 2133 quae
337 2078 446 2118 tanti
467 2078 535 2118 hic
556 2082 619 2118 est
639 2082 811 2130 tamque
831 2077 1075 2126 necessaria,
1099 2077 1327 2117 admodum
1351 2091 1516 2129 promo·
1538 2091 1691 2124 salivatio

63 2151 196 2196 vetur,
220 2147 253 2186 si
286 2159 410 2198 aegro
439 2144 599 2185 affatim
626 2144 874 2197 propinetur
898 2144 1095 2184 cerevisia
1120 2144 1273 2194 tenuis,
1290 2145 1356 2184 vel
1382 2145 1518 2197 liquor
1537 2143 1599 2172 ‘³¹²⁰
1616 2141 1708 2174 pacto

1560 2186 1666 2207 romov

65 2216 170 2256 alius
187 2215 376 2268 quilibet,
395 2213 466 2267 qui
486 2227 564 2253 nec
580 2213 701 2252 illum
722 2212 936 2253 calefaciat
951 2225 1030 2252 nec
1047 2211 1099 2251 ad
1116 2211 1287 2252 sudores
1308 2217 1515 2265 provocet.
1536 2185 1645 2258 gossit.
1670 2189 1714 2209 en

128 2284 235 2337 [52]
274 2284 447 2323 Praeter
466 2282 570 2323 haec
591 2295 700 2331 vero,
721 2286 769 2321 ut
796 2280 1064 2333 consopiatiu·
1084 2280 1309 2320 vehemens
1330 2280 1402 2321 illa
1423 2294 1516 2320 san-
1537 2295 1709 2329 Narcotica

64 2350 203 2404 guinis
236 2350 437 2400 ebullitio,
470 2364 552 2403 qua
582 2349 684 2390 haec
705 2348 972 2388 Variolarum
1008 2348 1164 2401 species
1197 2348 1372 2389 alteram
1401 2349 1517 2390 illam
1534 2339 1722 2413 ssglffifffn‘

62 2417 188 2470 longe
220 2424 402 2471 superat,
430 2423 471 2458 et
500 2421 761 2469 sustentetur
790 2415 1053 2469 ptyalismus,
1086 2415 1333 2468 (necessaria
1364 2429 1517 2470 nempe
1534 2425 1667 2464 ptyalis-

62 2483 237 2537 hujusce
257 2483 393 2524 morbi
420 2482 664 2535 evacuatio‚)
690 2482 947 2522 conveniunt
973 2482 1281 2522 medicamenta
1306 2477 1711 2540 11a1·cotica¹c¹}¹{}{2r¹l'srae

61 2566 161 2605 prae
196 2552 286 2593 aliis
323 2552 643 2606 quibuscunque
656 2567 667 2601 3
705 2564 811 2603 quae
841 2550 938 2590 licet
979 2549 1031 2590 ob
1067 2550 1152 2590 vim
1189 2564 1271 2603 qua
1305 2549 1518 2591 donantur
1535 2553 1714 2602 qui-busque

61 2620 365 2662 incrassantem
405 2620 646 2661 educendae
687 2619 838 2659 salivae
877 2618 1100 2659 videantur
1140 2620 1317 2668 officere,
1353 2619 1518 2672 jamdiu
1534 2595 1677 2629 faenum

61 2692 206 2728 tamen
233 2702 311 2742 ego
341 2702 409 2728 me
438 2688 520 2728 isto
550 2686 721 2727 liberavi
745 2686 1014 2740 praejudicio,
1036 2692 1162 2740 atque
1190 2687 1336 2728 eadem
1365 2688 1412 2728 in
1438 2689 1518 2729 hoc

105 2832 123 2845 w
148 2835 203 2853 mm
220 2823 352 2863 tantum]
372 2823 484 2853 melius
506 2834 560 2852 mm
586 2824 676 2857 modo,
695 2822 712 2852 i.
734 2832 758 2851 e.
863 2827 875 2846 5
901 2822 1067 2853 Quaedam
1086 2822 1124 2851 de
1140 2822 1322 2862 ptyalismo,
1336 2833 1417 2862 quae
1433 2825 1447 2861 ξ
1466 2825 1515 2854 41.

64 2877 116 2896 ηοη
134 2869 216 2897 modo
232 2878 296 2897 non.
820 2864 996 2894 succedunt
1027 2864 1059 2894 in
1087 2865 1154 2894 edd.
1183 2865 1233 2894 '66
1263 2866 1308 2905 (p.
1338 2866 1436 2904 150.),
1463 2868 1514 2896 ’68

116 2913 128 2927 ¹
151 2908 333 2949 privandus]
351 2910 543 2939 demo-endas
560 2907 607 2937 ed.
627 2908 686 2939 '76.
823 2908 868 2947 (p.
890 2908 986 2946 154),
1005 2907 1059 2937 ins.
1077 2917 1105 2947 p.
1128 2909 1186 2937 150
1203 2908 1416 2938 invenientur.
