1985 3308
503 118 825 160 SCHEDULA
857 118 1208 160 MONITORIA
1240 120 1276 159 I.
1529 122 1610 160 505

151 225 353 277 interdiu,
376 230 419 268 et
440 240 538 267 cum
565 231 608 267 et
637 226 727 266 sine
758 225 865 275 cibo,
886 225 1195 279 propinandam
1219 225 1411 278 injungo.
1474 225 1611 278 Epoto
1631 234 1813 265 DnNovAn

151 293 231 334 hoc
251 294 425 348 liquore,
448 294 552 334 duas
574 294 674 334 alias
703 293 831 334 libras
862 293 1120 334 rhabarbaro
1151 294 1289 333 eidem
1318 293 1610 346 superaffundi
1632 277 1806 349 Ιᾷἳῇζξυ

147 360 277 414 jubeo
290 379 302 411 ς
335 361 487 414 quibus
512 361 670 415 pariter
698 361 927 411 exhaustis,
955 361 1056 401 alias
1085 361 1224 401 adhuc
1249 361 1353 400 duas
1382 375 1456 414 pro
1484 361 1611 401 tertia
1632 365 1814 369 ““-“

151 428 240 469 vice
262 429 475 470 substituo
488 446 499 479 3
532 443 617 483 quo
643 429 766 479 facto,
790 433 832 469 et
853 429 1006 469 rheum
1026 429 1133 468 vires
1162 443 1258 468 suas
1287 427 1460 477 amittit,
1483 432 1525 468 et
1546 428 1609 468 in-

149 496 243 536 fans
264 497 411 537 morbo
432 502 480 537 ut
507 497 738 550 plurimum
760 496 978 537 liberatur.
1037 496 1107 536 Ne
1127 500 1274 536 tamen
1301 495 1501 536 cerevisia
1526 496 1609 548 pri-

151 577 272 603 mum
293 564 439 613 affusa,
462 564 554 604 rhei
581 564 621 603 vi
649 564 883 604 cathartica
910 563 1140 603 saturatius
1167 563 1474 616 impraegnata,
1492 562 1610 615 justo

151 630 442 671 vehementius
469 631 609 670 alvum
639 631 760 680 cieat,
784 631 949 671 cautius
979 630 1156 683 agimus,
1180 630 1214 670 si
1241 630 1351 670 libra
1373 644 1461 670 una
1488 634 1611 682 epota

151 697 329 737 alteram
360 698 506 738 statim
537 697 784 750 adjiciamus
800 714 812 747 ς
856 701 951 750 post
980 711 1091 747 vero,
1122 702 1338 738 recentem
1368 696 1610 738 cerevisiam

149 781 240 807 non
274 767 555 817 affundemus,
588 766 671 806 nisi
704 767 910 807 exhausta
945 780 993 806 ea
1026 766 1144 806 omni
1178 780 1285 820 quae
1319 766 1436 820 prius
1471 765 1610 806 fuerat

149 834 326 888 lagenae
347 835 520 875 inclusa.

216 902 323 956 [35.]
364 902 449 942 Sed
477 906 527 942 ut
559 902 612 942 ad
644 901 823 942 Febrem
846 902 897 943 de
929 917 1012 955 qua
1041 917 1157 943 nunc
1189 903 1366 955 agimus,
1390 902 1609 943 Constitu·
1631 909 1669 939 In
1688 908 1797 957 Novae

149 969 277 1010 tionis
308 969 467 1010 scilicet
492 970 582 1023 jam
613 970 835 1019 currentis,
864 974 1148 1010 revertamur:
1180 970 1259 1010 11οο
1291 969 1436 1010 sedulo
1468 969 1609 1009 obser·
1627 951 1819 1024 Ξῖξέὲῖξξη

153 1036 341 1077 vandum
362 1041 438 1087 est,
463 1036 576 1090 quod
603 1037 649 1076 in
674 1037 753 1077 hoc
774 1036 920 1077 Febris
943 1051 1109 1089 genere,
1137 1037 1323 1090 (perinde
1345 1050 1392 1076 ac
1419 1036 1465 1076 in
1485 1036 1610 1076 rheu·
1629 1041 1676 1066 est
1691 1036 1788 1084 pert}-

149 1104 360 1154 matismo,
384 1109 426 1144 et
448 1105 539 1144 aliis
561 1104 719 1144 morbis
742 1118 869 1157 quam
890 1104 1096 1157 plurimis,
1120 1118 1301 1157 quorum
1322 1103 1484 1144 curatio
1511 1103 1609 1143 solis
1628 1083 1814 1150 ἓῑζῖζξῗέζίζ

149 1172 494 1212 evacuationibus
522 1171 780 1224 absolvitur)
807 1171 842 1211 si
864 1171 986 1211 dictis
1016 1171 1360 1212 evacuationibus
1381 1170 1608 1224 pertinaci·
1626 1163 1808 1235 ffiffilgffi‘j·

149 1244 216 1280 ter
241 1239 486 1280 insistamus
517 1253 651 1292 usque
683 1239 786 1280 dum
814 1243 1100 1293 symptomata
1131 1239 1274 1279 omnia
1300 1252 1470 1292 prorsus
1496 1237 1608 1277 able·
1627 1257 1689 1287 que
1703 1247 1780 1276 dum

150 1307 399 1359 gaverimus‚
422 1307 586 1360 saepius
609 1321 735 1359 aegro
756 1320 844 1346 non
865 1307 946 1346 nisi
967 1311 1103 1347 morte
1123 1306 1403 1346 medebimur.
1455 1305 1608 1358 Neque
1627 1293 1770 1329 sympto-

1626 1336 1713 1361 mata
1728 1341 1797 1360 om-

150 1374 266 1415 enim
297 1375 358 1414 ita
388 1374 575 1414 insolens
609 1378 686 1423 est,
719 1377 768 1413 ut
802 1378 1087 1427 symptomata
1122 1374 1331 1426 quaedam
1362 1372 1531 1422 leviora,
1566 1375 1609 1411 et
1626 1374 1679 1403 nia
1695 1383 1785 1413 pror-

150 1442 270 1496 quasi
309 1442 486 1482 effoetae
527 1440 673 1481 Febris
715 1440 930 1493 reliquiae,
975 1440 1280 1493 aliquantisper
1324 1440 1455 1480 etiam
1495 1439 1608 1491 expi-
1626 1416 1786 1497 {QZ-ife-

148 1514 270 1550 rante
296 1509 386 1562 jam
412 1508 561 1548 morbo
591 1507 821 1561 perdurent
835 1524 846 1557 ς
884 1522 909 1547 a
934 1507 1086 1560 quibus
1112 1512 1259 1547 tamen
1288 1507 1457 1547 nullum
1482 1519 1608 1558 aegro
1627 1511 1710 1532 mus.

147 1577 353 1617 recidivae
377 1576 613 1630 periculum
641 1580 718 1626 est,
742 1589 932 1628 quaeque
963 1589 1039 1615 sua
1067 1579 1230 1628 sponte,
1252 1574 1344 1628 pari
1374 1587 1501 1626 passu
1528 1586 1612 1626 quo

150 1645 307 1686 sanitas
327 1645 450 1695 redit,
470 1644 711 1685 abscedent.
756 1644 872 1686 Quid
888 1643 1001 1697 quod
1016 1644 1106 1697 jam
1127 1643 1306 1683 recitata
1327 1645 1613 1696 symptomata

149 1714 265 1755 haud
284 1727 379 1754 raro
399 1713 508 1753 nihil
534 1713 650 1753 aliud
678 1717 779 1753 sunt
801 1727 927 1766 quam
948 1712 1247 1752 reiteratarum
1274 1711 1610 1760 evacuationum,

151 1781 303 1835 quibus
326 1780 522 1822 Medicus
552 1780 692 1821 morbi
722 1779 986 1820 curationem
1016 1779 1212 1829 tentavit,
1233 1792 1332 1819 vera
1357 1778 1610 1832 progenies?

151 1848 187 1888 si
219 1848 318 1888 huic
355 1847 506 1887 saltem
538 1846 743 1886 addamus
784 1846 831 1886 in
870 1859 1022 1885 causae
1063 1849 1242 1898 partem,
1278 1844 1612 1885 exinanitionem

151 1915 268 1955 illam
309 1929 436 1967 quam
486 1914 601 1967 aegri
647 1927 672 1953 a
711 1913 924 1953 consuetis
971 1912 1076 1953 cibis
1122 1917 1311 1965 potuque
1353 1911 1613 1952 abstinentia

151 1982 472 2036 superinduxit:
505 1995 612 2034 quae
638 1981 781 2021 omnia
801 1994 898 2020 cum
928 1980 975 2020 in
1003 1993 1177 2032 corpora
1202 1980 1293 2032 jam
1313 1993 1338 2019 a
1367 1978 1526 2019 morbis
1546 1979 1611 2018 in-

152 2051 322 2090 firmata
344 2054 386 2090 et
407 2063 542 2102 paene
563 2048 756 2088 confecta
775 2047 862 2087 vim
882 2047 1073 2096 fecerint,
1095 2060 1266 2098 vapores
1290 2046 1410 2098 (quos
1431 2045 1609 2098 dicunt,)

152 2117 266 2157 haud
290 2117 411 2157 aliter
432 2116 651 2156 elevantur
673 2129 799 2168 quam
827 2114 871 2154 in
900 2113 1109 2163 foeminis,
1134 2118 1262 2166 atque
1287 2112 1467 2153 eandem
1487 2113 1613 2165 plane

153 2186 206 2227 ob
228 2185 449 2235 rationem,
473 2184 526 2225 ob
549 2183 820 2224 debilitatum
851 2182 1010 2223 scilicet
1041 2186 1084 2222 et
1110 2181 1229 2234 quasi
1260 2181 1486 2234 disjectum
1506 2180 1612 2221 frac-

152 2259 329 2306 tumque
371 2252 597 2304 spirituum
642 2250 890 2291 animalium
931 2254 1127 2303 systema.
1210 2248 1480 2301 Quapropter
1518 2253 1613 2301 post

152 2320 298 2370 factas,
331 2333 438 2373 quae
471 2318 660 2360 tollendo
689 2318 837 2359 morbo
873 2317 1062 2357 sufficere
1099 2320 1269 2369 queant,
1306 2315 1611 2365 evacuationes,

153 2388 374 2442 prudentis
410 2386 570 2427 Medici
605 2391 667 2427 est
708 2386 760 2426 ab
795 2386 1042 2439 importuna
1081 2384 1312 2424 earundem
1347 2383 1612 2424 ordinatione

154 2455 235 2496 sibi
260 2461 509 2508 temperare,
531 2458 572 2494 et
597 2453 808 2506 paulisper
835 2452 1056 2493 attendere
1078 2451 1179 2504 quid
1199 2451 1383 2503 Tempus
1408 2450 1612 2502 (Medico-

153 2536 251 2562 rum
279 2535 401 2575 saepe
431 2521 693 2561 felicissimus
724 2520 1022 2573 optimusque,)
1047 2518 1101 2558 ad
1130 2518 1403 2558 leviculorum
1432 2517 1612 2557 istorum

156 2593 490 2643 symptomatum
529 2587 817 2641 depulsionem
858 2586 1048 2627 conferre
1088 2585 1246 2638 possit,
1298 2598 1405 2638 quae
1441 2584 1613 2637 quidem

156 2669 458 2711 saepenumero
483 2656 623 2709 (prout
644 2654 861 2695 multoties
881 2653 1062 2707 repetita
1082 2652 1372 2693 observatione
1394 2651 1609 2704 comperi‚)

155 2738 181 2765 a
206 2723 450 2778 paregorico
471 2723 668 2763 duabusP
688 2722 754 2762 vel
778 2722 915 2762 tribus
941 2720 1138 2761 noctibus
1160 2723 1388 2773 assumpto,
1411 2718 1500 2759 sine
1531 2718 1614 2758 alio

156 2792 301 2846 quovis
322 2797 538 2847 apparatu,
562 2791 639 2832 sub
661 2790 798 2831 morbi
818 2788 1063 2843 hujusmodi
1083 2788 1197 2828 exitu
1218 2787 1514 2828 devincuntur.

594 2880 606 2899 Ρ
631 2872 944 2913 duabus—noctibus]
963 2883 1025 2903 om.
1041 2873 1092 2903 ed.
1109 2873 1170 2903 ‘86.

851 2928 923 2966 31*
