1985 3308
574 120 920 164 TRACTATUS
954 120 992 161 I.
1427 120 1510 160 431

51 233 142 288 jam
181 234 416 273 memorata
454 228 629 270 caeteris
675 226 998 281 quibuscunque
1043 228 1257 279 praestare
1271 241 1282 274 ;
1335 228 1378 264 at
1417 239 1515 266 vero
1549 236 1603 266 Dm
1622 237 1709 267 Pon-

56 301 150 341 dico
170 299 366 353 eum‘qui
390 297 625 339 remedium
651 295 705 336 ad
728 295 840 335 hanc
864 293 1149 335 intentionem
1174 292 1515 333 satisfaciendam
1578 288 1682 309 ΛΟΜ·

54 368 399 422 potentissimum
433 365 622 406 invenire
651 363 851 417 potuerit,
879 363 1006 415 longe
1041 362 1204 415 majora
1236 360 1283 400 in
1313 359 1513 400 sanandis

54 435 213 476 morbis
236 434 456 476 Chronicis
486 437 700 488 praestare
726 444 860 485 posse,
883 443 1011 484 quam
1038 429 1128 483 ipse
1156 442 1200 469 se
1230 441 1351 482 posse
1372 427 1513 468 existi-

55 502 246 544 maverit.

120 570 228 624 [41.]
266 569 391 610 Istud
421 583 518 610 vero
553 569 603 609 iis
635 568 833 610 omnibus
869 579 976 620 quae
1013 565 1064 606 de
1095 564 1291 618 Podagra
1326 562 1517 604 sananda
1534 573 1701 614 Digestiva

0 668 5 680 .
55 638 246 679 dicturus
283 652 377 678 sum
412 636 772 689 praemittendum
803 640 878 686 est,
906 638 948 676 et
979 634 1263 687 maximopere
1292 646 1393 686 prae
1423 645 1515 672 cae·
1533 616 1719 695 ξθῖἶῑξεῗίιξέ-

53 706 157 747 teris
197 705 519 754 observandum,
561 718 715 758 nempe
756 702 869 757 quod
909 702 1115 756 digestiva
1159 700 1348 742 remedia
1389 713 1515 754 quae·
1534 702 1624 732 sidue
1640 707 1672 733 et

53 786 223 827 cunque
267 773 367 825 (sive
406 772 814 813 medicamentorum
856 776 1075 825 apparatu,
1113 770 1198 810 sive
1240 769 1394 819 diaeta,
1431 768 1515 809 sive
1532 751 1724 819 ξῧὲῗῐῖἓζῖῗ

54 841 370 890 exercitatione,
411 854 461 880 ea
501 840 729 892 constant‚)
773 838 891 879 haud
930 838 1068 878 obiter
1107 836 1376 877 instituenda
1415 836 1514 886 sint,
1532 832 1652 873 panda:

53 922 201 950 verum
241 912 488 949 constanter
528 912 655 961 atque
697 907 815 948 omni
855 906 1047 947 adhibita
1087 905 1310 958 diligentia
1349 904 1516 945 assidue

52 977 311 1031 usurpanda.
375 976 485 1017 Cum
511 976 627 1016 enim
654 976 700 1016 in
720 975 801 1016 hoc
826 974 988 1025 morbo,
1015 973 1081 1014 uti
1109 973 1238 1014 etiam
1267 973 1314 1013 in
1335 972 1515 1013 Chroni-

53 1059 201 1086 corum
223 1044 558 1099 quamplurimis,
581 1058 707 1085 causa
732 1044 823 1097 ejus
850 1043 896 1083 in
923 1042 1121 1083 habitum
1146 1046 1189 1082 et
1213 1055 1367 1082 novam
1394 1041 1515 1094 quasi

53 1118 251 1154 naturam
298 1113 552 1163 transiverit,
595 1126 721 1152 nemo
768 1125 895 1152 sanus
943 1109 1245 1151 existimaverit
1290 1108 1513 1149 leviculam

53 1179 239 1233 aliquam
270 1194 318 1221 ac
344 1185 691 1221 momentaneam
723 1179 1020 1220 alterationem
1051 1177 1250 1231 sanguini
1277 1180 1404 1230 atque
1434 1176 1513 1216 hu-

53 1249 244 1290 moribus
275 1263 299 1289 a
327 1248 516 1302 quolibet
547 1249 632 1289 sive
659 1248 835 1289 remedii
864 1248 948 1288 sive
971 1246 1108 1287 victus
1137 1259 1292 1299 genere
1322 1244 1513 1298 superin-

54 1316 240 1366 ductam,
263 1317 508 1372 curationiss
521 1330 695 1370 scopum
719 1329 842 1369 posse
870 1315 1081 1367 attingere
1094 1331 1106 1364 ,-
1139 1317 1183 1353 at
1208 1326 1306 1353 vero
1330 1312 1515 1366 corporis

51 1384 224 1425 habitus
265 1384 403 1425 omnis
447 1384 528 1425 alio
568 1383 856 1425 traducendus
898 1387 975 1432 est,
1013 1386 1140 1434 atque
1179 1380 1308 1421 homo
1346 1380 1515 1432 integer

52 1452 250 1506 deinceps
282 1452 402 1506 quasi
437 1467 547 1493 nova
576 1452 732 1492 incude
766 1449 1054 1504 refingenduS.
1115 1449 1269 1502 Neque
1299 1448 1414 1488 enim
1444 1448 1514 1488 hic

50 1520 113 1562 ita
144 1534 187 1561 se
221 1534 288 1561 res
323 1520 453 1561 habet
489 1525 616 1574 atque
650 1520 697 1560 in
731 1519 880 1560 morbo
916 1522 1041 1559 acuto
1072 1517 1226 1571 aliquo,
1262 1515 1338 1556 ubi
1367 1516 1402 1556 is
1439 1516 1512 1570 qui

51 1589 178 1630 modo
208 1589 408 1630 athletice
444 1603 491 1629 ac
526 1588 768 1643 pancratice
798 1587 978 1637 valebat,
1011 1585 1239 1639 derepente
1268 1584 1387 1625 febre
1421 1598 1511 1625 cor-

49 1662 209 1711 reptus,
246 1657 298 1698 ab
340 1657 501 1711 optimo
541 1657 736 1698 sanitatis
772 1660 888 1696 statu
922 1655 969 1695 in
1008 1653 1207 1695 morbum
1247 1652 1511 1707 periculosis-

51 1725 220 1776 simum,
251 1726 369 1779 quasi
398 1730 526 1780 rupto
560 1730 703 1780 ponte,
732 1739 930 1779 praeceps
959 1724 1060 1764 ruit.
1121 1722 1342 1775 Podagrae
1372 1721 1513 1775 dispar

51 1793 282 1834 admodum
301 1794 434 1835 ratio:
465 1794 541 1834 ubi
562 1794 654 1847 quis
674 1808 750 1847 per
768 1793 927 1833 multos
949 1805 1084 1832 annos
1105 1790 1330 1831 continuos
1352 1803 1510 1831 comes·
1529 1812 1604 1832 nam

51 1862 287 1902 sationibus
328 1862 796 1916 compotationibusque
836 1859 1192 1913 intemperantius
1231 1858 1509 1911 indulgendo,
1529 1855 1712 1919 {lffiffiseg-

51 1929 176 1969 solita
200 1929 398 1969 exercitia
422 1928 761 1978 intermittendo,
785 1927 945 1968 desidia
971 1932 1098 1980 atque
1126 1926 1300 1980 pigritia
1322 1925 1511 1966 intabes-
1530 1930 1637 1978 vehis,
1647 1931 1713 1961 sive

51 1997 199 2047 cendo,
226 1997 291 2037 vel
319 1997 447 2037 etiam
475 1997 607 2037 nimio
639 1997 779 2037 studio
811 2000 937 2049 atque
968 1995 1180 2036 irremissa
1208 1994 1340 2034 animi
1370 1994 1511 2034 inten-
1530 1972 1688 2055 zlgsssfiotrqga

50 2065 180 2115 tione,
211 2065 385 2118 aliisque
415 2065 526 2105 vitae
557 2064 780 2113 erroribus,
809 2063 854 2103 id
886 2064 974 2116 egit
1009 2063 1185 2103 tandem
1217 2062 1336 2115 quasi
1368 2062 1511 2103 dedita
1530 2059 1713 2115 oeconomia

51 2146 176 2187 opera
205 2137 253 2172 ut
282 2132 397 2173 varia
424 2132 607 2185 corporis
638 2132 850 2172 fermenta
876 2135 1185 2185 pervertantur,
1207 2130 1340 2184 'atque
1371 2131 1508 2185 oppri-
1527 2105 1674 2174 {iinffiiifsl

49 2206 224 2242 mantur
259 2201 431 2254 spiritus
464 2201 680 2251 animales,
721 2200 809 2253 (qui
844 2200 1045 2241 coctionis
1080 2200 1369 2240 instrumenta
1408 2204 1509 2240 sunt
1527 2195 1713 2223 e‘'er⁵³³e³'

1527 2228 1629 2259 deind

49 2268 278 2322 primaria‚)
312 2267 427 2308 unde
457 2267 656 2308 humores
686 2268 1071 2321 praeternaturales
1106 2267 1338 2308 coacervati
1368 2281 1506 2308 erum·
1526 2281 1565 2300 vo
1580 2240 1711 2302 extis-⁰-

50 2340 160 2389 punt
180 2335 356 2376 tandem
381 2349 480 2376 cum
502 2336 593 2389 jam
618 2335 671 2377 ad
694 2350 908 2375 summum
931 2335 1111 2388 gradum
1136 2335 1310 2376 exaltati
1334 2335 1506 2386 fuerint,
1526 2314 1708 2396 {ligarssffiu-

51 2416 99 2443 ac
121 2406 306 2455 stragem
327 2402 484 2453 edunt3
513 2402 710 2443 carnibus
732 2403 914 2456 denique
935 2403 1145 2453 emollitis,
1163 2407 1205 2442 et
1227 2402 1507 2443 effoeminatis
1525 2401 1679 2438 tegranda

51 2470 252 2520 articulis,
298 2470 412 2511 unde
462 2471 661 2512 humores
712 2470 936 2511 illabentes
987 2471 1223 2524 promptius
1275 2471 1504 2524 excipiunt.
1522 2448 1580 2476 est.

50 2539 194 2591 Atque
223 2538 285 2578 ita
315 2537 488 2578 demum
518 2539 600 2579 alia
630 2539 749 2593 quasi
778 2544 934 2579 natura
964 2539 1121 2580 sensim
1151 2529 1508 2592 superinducitur,

50 2605 231 2660 pristina
265 2611 308 2646 et
338 2606 524 2647 naturali
559 2607 743 2661 corporis
779 2606 1023 2648 oeconomia
1058 2620 1201 2647 eversa
1234 2605 1429 2646 funditus
1465 2611 1508 2647 et

49 2673 211 2715 deleta:
258 2688 356 2715 cum
395 2674 467 2715 isti
502 2675 754 2729 paroxysmi,
787 2675 859 2729 qui
893 2675 1117 2715 hominum
1150 2674 1421 2715 incautorum
1461 2688 1519 2715 ac.

50 2742 193 2783 minus
219 2743 525 2797 perspicacium
553 2744 696 2785 oeulos
725 2744 971 2797 animosque
998 2743 1076 2784 soli
1102 2743 1189 2784 fere
1213 2743 1510 2796 perstringunt

51 2814 95 2851 et
123 2815 347 2865 occupant,
378 2811 487 2852 nihil
523 2825 692 2865 prorsus
729 2811 844 2852 aliud
881 2811 968 2852 sint
1000 2825 1126 2864 quam
1168 2810 1295 2852 series
1331 2815 1373 2851 et
1406 2810 1511 2852 ordo

51 2883 385 2933 symptomatum
426 2879 479 2921 ab
516 2879 588 2920 illa
623 2879 825 2921 methodo
860 2879 1141 2934 pendentium
1183 2893 1264 2933 qua
1299 2878 1364 2920 uti
1404 2879 1510 2921 solet
