1985 3308
457 142 794 184 PROCESSUS
827 142 1100 183 INTEGRI.
1424 143 1506 183 615

114 249 244 304 [15.]¹
277 249 480 291 Quamvis
507 248 615 289 nihil
640 248 787 302 magni
813 248 859 288 in
886 261 1136 302 paroxysmo
1161 246 1417 288 tentandum
1440 248 1506 299 sit,
1539 261 1593 291 Da
1611 262 1700 292 Pon-

48 316 256 358 conducet
272 322 417 358 tamen
436 316 613 357 fortasse
633 330 708 370 per
723 316 883 369 aliquot
899 314 1001 366 dies,
1018 314 1093 355 ubi
1112 315 1299 368 primum
1315 329 1340 355 a
1359 315 1508 356 morbo
1571 313 1676 335 ΛΟΜ·

49 384 286 438 corripitur,
309 399 334 425 a
354 384 551 425 carnibus
573 383 797 433 abstinere,
816 383 984 436 jusculo
1004 382 1069 422 uti
1090 396 1309 432 avenaceo,
1332 386 1406 422 aut
1428 382 1509 423 alio
1526 362 1713 435 ilgeVicgtrgrgb

48 451 139 504 pari
159 452 386 502 alimento;
418 452 483 492 sin
505 456 649 492 autem
670 451 842 504 spiritus
864 451 1065 491 animales
1087 451 1271 491 ataxiam
1288 451 1508 504 concipere
1527 457 1716 520 ἓξὲῐὲξὲῑὲἓ-

49 519 139 572 apti
171 519 270 570 sint,
306 534 394 560 non
430 519 600 572 expedit
635 532 660 559 a
694 518 892 558 carnibus
932 517 1145 558 abstinere
1186 517 1346 558 diutius
1383 532 1509 571 quam
1528 500 1676 562 venilum.

48 585 309 626 ventriculus
342 600 488 626 earum
520 599 646 625 usum
679 590 914 626 aversetur:
966 599 1020 626 ne
1054 585 1155 638 quid
1187 590 1332 626 autem
1367 585 1433 626 vel
1463 585 1510 625 in

50 654 291 706 quantitate
311 654 376 694 vel
397 654 443 693 in
464 653 667 706 qualitate
688 652 878 693 ciborum
899 657 972 693 aut
992 658 1117 706 potus
1138 657 1298 706 peccet.

116 721 224 774 [16.]
240 720 257 744 ¹<
290 720 595 775 Symptomatis
615 720 666 760 iis
688 720 995 761 occurrendum
1013 725 1076 761 est
1098 735 1122 761 a
1143 720 1295 774 quibus
1319 734 1444 774 aeger
1463 721 1511 761 in
1531 733 1680 773 Sympto-

49 803 302 843 paroxysmo
323 789 375 829 de
396 789 482 829 vita
501 789 778 842 periclitatur.
825 787 994 829 Horum
1016 789 1198 829 maxime
1219 789 1425 830 familiare
1446 794 1510 830 est
1528 781 1715 849 Εζὲἓζξζξῗῖ-

50 857 276 898 ventriculi
300 857 493 909 languor,
516 870 614 896 cum
638 856 795 897 ventris
822 857 1078 898 torminibus
1109 861 1315 910 tanquam
1337 872 1361 898 a
1380 858 1508 898 flatu:
1528 861 1642 901 ganda.

49 924 131 965 hoc
160 925 206 965 in
235 939 336 965 casu
365 925 473 965 nihil
503 939 634 978 aeque
663 925 771 966 votis
801 925 1029 978 respondet
1061 939 1109 966 ac
1140 925 1226 966 vini
1259 925 1511 967 Canarensis

49 992 278 1034 haustulus
307 992 488 1034 subinde
520 992 780 1046 deglutitus,
832 992 1032 1033 exercitio
1064 997 1214 1033 utatur
1247 1006 1384 1046 aeger.
1435 993 1511 1033 Sin

50 1065 197 1101 autem
227 1065 480 1113 symptoma‚
508 1059 702 1100 inducias
731 1059 847 1100 haud
876 1060 1029 1111 ferens,
1060 1065 1243 1101 mortem
1273 1061 1509 1112 minitetur,

54 1127 196 1180 (modo
213 1132 340 1180 caput
361 1127 523 1167 malum
543 1141 629 1168 non
652 1128 858 1181 impetat,)
879 1127 932 1167 ad
951 1127 1184 1168 laudanum
1202 1129 1347 1169 statim
1364 1129 1510 1170 confu-

50 1195 267 1248 giendum,
281 1195 473 1236 videlieet
491 1200 634 1248 guttas
650 1195 802 1248 viginti
816 1195 863 1234 in
878 1194 1077 1236 haustulo
1093 1209 1226 1249 aquae
1242 1196 1510 1249 epidemicae,

49 1268 91 1304 et
112 1263 158 1303 in
178 1262 289 1304 lecto
312 1263 365 1303 ad
387 1263 573 1317 quietem
595 1277 637 1303 se
654 1267 893 1316 componat.
934 1262 1029 1303 Hac
1049 1262 1153 1316 ipsa¹
1170 1263 1372 1305 methodo
1394 1278 1437 1305 se
1458 1263 1510 1305 ab
1531 1271 1658 1321 Quidiq
1671 1283 1717 1303 re-

48 1330 295 1371 imminenti
327 1336 465 1371 morte
494 1331 688 1371 liberavit
715 1331 855 1371 Autor
884 1330 1164 1381 Clarissimus,
1185 1331 1261 1372 ubi
1291 1346 1343 1372 ex
1373 1346 1511 1373 errore
1528 1319 1721 1397 {332⁵}ssssoe

51 1398 192 1452 aliquo
228 1398 339 1439 circa
373 1413 440 1439 res
481 1412 553 1438 sex
591 1398 916 1439 non-naturales
951 1398 998 1438 in
1031 1398 1253 1452 ingentem
1287 1400 1512 1441 ventriculi
1531 1401 1702 1440 agendum.

49 1465 364 1520 aegritudinem
394 1465 558 1515 incidit,
590 1479 688 1505 cum
718 1465 1048 1516 vomituritione,
1080 1470 1122 1506 et
1154 1466 1325 1519 aliquali
1353 1467 1513 1508 ventris

49 1533 217 1574 dolore:
257 1537 375 1573 artus
405 1533 579 1573 interim
610 1547 660 1573 ex
689 1532 991 1574 retrocessione
1020 1533 1224 1574 materiae
1255 1534 1513 1587 Podagricae

8 1647 11 1660 ,
51 1601 206 1643 doloris
247 1605 369 1642 erant
409 1606 616 1655 expertes,
654 1615 702 1642 30
743 1601 796 1641 ad
836 1605 1003 1642 motum
1042 1601 1137 1655 plus
1179 1602 1302 1643 solito
1336 1602 1512 1644 habiles.

6 1699 11 1710 ,
52 1669 267 1722 Congium
282 1683 437 1722 nempe
452 1683 590 1709 unum
609 1668 786 1724 liquoris
806 1668 1016 1722 possetici,
1033 1669 1100 1709 vel
1120 1669 1341 1711 cerevisiae
1357 1671 1512 1722 tenuis,

2 1771 9 1794 ,k
51 1737 279 1779 devorabat
292 1755 303 1788 ς
331 1742 373 1778 et
391 1737 705 1791 quamprimum
720 1741 861 1778 totum
876 1751 951 1791 per
971 1738 1179 1778 vomitum
1199 1739 1404 1792 rejecerit,
1426 1740 1515 1780 vini

0 1803 9 1830 Τ
51 1805 255 1846 Canarini
287 1805 550 1855 haustulum,
583 1805 652 1845 cui
686 1805 916 1846 instillatae
950 1805 1121 1846 fuerant
1156 1806 1331 1847 laudaui
1364 1807 1515 1860 liquidi

51 1878 199 1928 guttae
221 1873 466 1923 octodecim,
491 1872 699 1913 sumebat.
743 1872 870 1913 Quod
892 1871 927 1912 si
946 1872 1047 1913 huic
1067 1873 1253 1913 remedio
1275 1879 1515 1927 symptoma

50 1956 139 1982 non
170 1941 304 1991 cedat,
327 1940 455 1981 sudor
484 1944 735 1993 provocetur
755 1939 958 1980 methodo
988 1944 1030 1980 et
1061 1940 1383 1982 medicamentis
1413 1942 1514 1983 huic

50 2009 147 2050 usui
167 2009 330 2059 dicatis,
353 2008 406 2048 ad
430 2008 610 2048 biduum
629 2007 885 2057 triduumve,
907 2021 1033 2048 mane
1055 2012 1098 2048 et
1117 2009 1291 2062 vesperi,
1312 2022 1388 2062 per
1408 2009 1514 2050 duas

50 2083 187 2120 tresve
208 2077 333 2117 horas
355 2077 592 2117 continuas.

3 2139 5 2144 ’
116 2145 224 2199 [17.]
240 2151 266 2167 ¹¹¹
301 2145 346 2184 Si
382 2150 526 2185 autem
561 2143 799 2184 metastasis
829 2142 958 2183 fuerit
988 2143 1191 2184 materiae
1221 2143 1436 2196 peccantis
1466 2143 1512 2185 in
1532 2156 1686 2188 Materiae

52 2214 307 2268 pulmonum
334 2212 465 2263 lobes,
491 2211 680 2252 liberatis
706 2210 882 2252 artubus
912 2225 937 2251 a
964 2211 1106 2252 dolore
1134 2216 1176 2252 et
1200 2216 1379 2262 tumore,
1402 2217 1511 2254 trac-
1530 2201 1704 2283 {ffssffi'ssig-

4 2275 5 2278 ¹
51 2282 233 2324 tandum
255 2286 319 2322 est
340 2281 419 2322 hoc
441 2285 680 2334 symptoma
699 2280 932 2334 parimodo
954 2294 1001 2321 ac
1021 2280 1372 2334 peripneumonia
1392 2281 1511 2322 abso·
1529 2295 1608 2315 num
1625 2285 1714 2335 lob9s

4 2336 5 2341 ¹
51 2350 156 2400 luta,
174 2348 510 2390 venae-sectione
525 2348 718 2402 repetita,
737 2347 875 2388 diaeta
892 2353 934 2388 et
950 2348 1147 2389 remediis
1162 2349 1511 2402 refrigerantibus
1529 2333 1709 2411 Ξῖἒῖῗέῗις

1 2416 3 2476 j
53 2422 95 2458 et
121 2416 453 2457 incrassantibus
466 2433 477 2466 3
509 2416 757 2470 purgandus
785 2420 848 2457 est
873 2415 1047 2469 insuper
1075 2430 1199 2470 aeger
1225 2417 1338 2457 inter
1362 2431 1511 2459 venae-
1529 2414 1626 2444 thodo
1641 2424 1696 2445 cu-

1 2517 3 2539 ς
53 2485 259 2526 sectiones
294 2484 537 2539 potionibus
571 2483 854 2535 lenientibus3
896 2484 1059 2526 sudoris
1095 2489 1239 2526 autem
1272 2486 1512 2539 provocatio
1529 2457 1638 2488 tanda.

0 2547 3 2559 ”
53 2553 186 2595 obest.

97 2651 106 2675 i
131 2653 180 2684 Cf.
196 2655 269 2683 ibid.
285 2655 300 2692 ς
317 2654 367 2684 60.
1050 2652 1063 2672 k
1087 2653 1138 2684 cf.
1155 2655 1227 2684 ibid.
1244 2656 1258 2692 ς
1277 2655 1317 2684 62
1335 2666 1379 2695 sq.

97 2693 106 2717 ¹
129 2698 200 2727 Hac
213 2699 279 2736 ipsa
296 2695 366 2737 ιζ’-0.]
386 2695 434 2727 Cf.
454 2698 559 2727 Sched.
577 2697 686 2726 Monit.
704 2698 766 2726 III.
785 2698 799 2734 §
817 2698 844 2727 8.
1045 2701 1071 2717 ¹¹¹
1098 2697 1146 2727 Cf.
1168 2698 1269 2728 Truct.
1287 2699 1313 2727 Ι.
1332 2700 1346 2736 §
1364 2699 1416 2729 65.

667 2907 900 2948 FINIS.
