1985 3308
180 99 258 133 650

180 207 282 236 aeque
304 207 341 228 ac
368 197 402 227 in
425 197 532 234 discr„
557 196 661 228 morbi
688 196 830 237 quolibet
854 200 950 233 statu,

180 239 377 276 communia,
395 241 562 276 126,128;
598 249 681 279 quae
701 239 735 269 in
757 238 849 269 confi.
874 238 952 268 11ιιιο

181 281 242 318 die,
257 287 289 312 et
304 282 337 311 in
352 282 446 312 discr.
462 284 518 313 8Ῡο
533 282 594 318 die,
604 286 785 318 occurrunt,
798 286 952 320 tanquam

181 324 292 363 magni
307 324 464 355 momenti
487 324 705 364 expendenda,
725 324 797 359 126,
815 324 894 358 127;
917 323 951 352 in

179 366 309 396 variolis
326 367 463 406 regular.
480 367 572 397 discr.
589 376 629 396 ex
651 366 735 395 mala
754 365 952 400 tractatione,

184 409 254 445 126,
275 409 344 445 127,
363 410 435 446 131,
453 411 523 445 143,
542 410 620 443 1443
645 408 788 447 legitima
810 407 844 436 in
866 407 950 436 vari-

181 450 240 480 olis
262 451 399 491 regular.
427 451 519 481 confi.
544 451 635 480 initio
660 450 771 480 eadem
799 454 894 488 atque
918 449 952 478 in

181 492 335 530 discretis,
352 493 407 524 sed
429 493 592 528 atrociora,
617 494 689 528 122,
708 493 786 526 123;
811 491 953 531 genuina

181 535 375 566 variolamm
392 536 529 574 regular.
545 540 610 564 tam
625 534 719 564 confi.
733 544 830 572 quam
847 533 951 569 discr„

184 578 364 615 120-126,
380 578 549 608 562—-565
564 589 570 611 ;
609 577 643 606 in
666 575 795 606 variolis
811 581 953 614 tempore

180 620 367 656 invasionis,
383 621 445 650 336
459 632 465 654 ;
488 619 681 649 variolamm
698 617 836 658 regular.
847 617 949 657 pessi-

182 672 236 691 ma
251 668 281 692 et
295 662 437 698 lethalia,
453 667 595 700 tempore
615 660 803 700 eruptioniS,
817 669 951 699 quomo-

183 704 222 734 do
247 709 498 744 praevertantur,
525 704 603 739 1393
641 703 836 732 variolarum
859 702 953 732 confl.

182 746 256 782 duo,
282 757 347 776 non
373 745 463 786 parvi
485 745 652 782 momenti,
677 745 711 774 in
734 744 853 774 adultis
877 744 952 774 sali-

181 789 280 824 vatio,
301 789 336 818 in
358 788 535 818 infantibus
551 788 725 823 diarrhoea,
745 788 823 822 125;
846 787 952 816 letha-

183 830 236 866 lia,
251 831 318 867 ubi,
333 831 523 860 salivatione
541 830 610 869 jam
633 834 786 865 cessante,
807 830 883 859 11¹¹¹⁰
903 829 953 859 die

183 872 382 912 extinguitur
405 883 507 913 aeger,
534 873 612 908 127;
642 872 728 911 quod
750 872 833 901 lecto
856 871 953 901 nimis

183 915 246 945 cito
272 915 454 955 affigantur,
481 915 560 951 1373
597 914 633 944 in
659 913 788 944 variolis
814 913 952 953 regular.

183 957 278 987 discr.
293 958 406 987 mortis
429 957 631 997 praenuntia,
652 958 704 993 93,
722 957 774 993 94,
794 957 864 992 126,
882 957 955 993 127,

183 1000 264 1035 563;
294 999 489 1030 variolarum
517 999 609 1030 discr.
635 999 853 1038 malignarum
879 1009 952 1029 ann.

183 1043 347 1079 ’fil-⁹64,
362 1044 413 1079 93,
431 1043 490 1077 943
514 1042 548 1071 in
563 1041 692 1071 variolis
707 1051 725 1071 a
739 1041 889 1071 materiae
904 1051 954 1071 re-

181 1085 387 1124 percussione
412 1095 451 1114 ex
473 1084 590 1123 frigore
609 1083 719 1120 nimio,
744 1083 795 1113 vel
820 1093 954 1113 evacua-

183 1127 324 1157 tionibus
348 1127 580 1166 inopportunis,
608 1127 688 1161 147;
726 1126 760 1155 in
782 1125 912 1155 variolis
938 1135 956 1155 a

184 1169 287 1198 calido
312 1169 480 1208 regimine,
507 1170 591 1205 2213
629 1179 647 1198 a
673 1168 830 1208 regimine
858 1167 956 1197 nimis

183 1211 310 1250 frigide,
323 1213 396 1242 221.

229 1254 375 1294 Syrupus
411 1253 558 1293 chalybis
590 1252 751 1292 quomodo
785 1252 853 1289 fiat,
883 1253 955 1282 380.

189 1296 258 1336 Syr.
285 1296 323 1326 de
353 1296 499 1326 meconio
531 1295 837 1335 praestantissimus,
870 1296 957 1330 520;

185 1339 338 1369 Auctoris
360 1338 500 1368 laudano
517 1338 755 1378 praeferenduS,
774 1338 854 1373 349;
894 1347 957 1376 qua

184 1381 253 1411 dosi
279 1391 319 1411 ex
343 1381 514 1416 bibendus,
540 1382 620 1415 3493
659 1380 756 1410 uncia
782 1389 848 1409 una
870 1379 956 1409 idem

185 1423 272 1454 valet
300 1433 336 1453 ac
360 1423 492 1453 laudaui
518 1422 635 1462 liquidi
664 1428 747 1462 gutt.
770 1422 848 1461 xvj.,
874 1423 955 1457 352;

185 1475 286 1504 quum
300 1465 373 1494 ferri
386 1470 536 1504 nequeat,
545 1465 684 1494 laudano
696 1465 866 1500 utendum,
878 1465 955 1500 3863

184 1507 217 1536 in
238 1507 368 1537 variolis
384 1507 424 1537 ad
440 1507 679 1546 sesquiuuciam
699 1516 765 1537 una
780 1506 848 1536 vice
865 1506 955 1536 exhi-

184 1550 251 1579 beri
279 1549 452 1588 aliquando
471 1550 574 1585 debet,
598 1551 679 1583 352;
717 1548 758 1578 ad
787 1548 956 1587 sesquiun-

186 1592 269 1623 ciam
293 1601 358 1621 una
382 1592 450 1621 vice
474 1592 508 1620 in
532 1601 631 1630 puero
654 1589 800 1620 exhibuit
822 1591 955 1626 Auctor,

185 1634 298 1664 iterata
325 1634 405 1670 vice,
431 1635 505 1670 349,
531 1635 611 1667 35ος
646 1633 681 1662 in
705 1632 835 1662 variolis
863 1632 957 1662 confi.

181 1676 295 1716 juveni
317 1676 357 1706 ad
379 1676 510 1705 unciaru
538 1675 736 1715 propinatur,
764 1675 838 1706 357.
884 1675 954 1714 Syr.

186 1719 225 1748 de
254 1718 346 1758 spina
379 1718 517 1754 cervina,
549 1719 630 1753 4593
671 1717 856 1756 exemplum
886 1717 956 1756 ejus

185 1771 264 1791 usus
280 1760 497 1795 memorabile,
514 1762 588 1790 ibid.

229 1803 376 1833 Tabacus
398 1802 431 1831 in
463 1802 525 1832 ileo
553 1802 644 1832 fumo
679 1801 820 1837 inflatus,
852 1801 958 1841 specie

185 1845 350 1882 enematis,
368 1846 439 1874 502.

228 1887 335 1917 TAssls
371 1887 591 1917 Dsscnn’rlo
629 1894 671 1915 ET
707 1885 819 1922 CURA,
850 1885 958 1915 608-

229 1972 332 2002 Tabes
367 1970 530 2011 deplorata
565 1969 761 2009 equitatione
802 1974 957 2008 tanquam

185 2014 334 2054 specifico
357 2018 498 2050 curatur,
520 2014 602 2047 391;
641 2022 680 2042 ex
707 2011 910 2051 haemoptoe,
940 2022 959 2041 a

186 2056 318 2096 repetito
343 2055 525 2092 cathartico,
551 2055 631 2089 2693
671 2064 690 2084 a
714 2054 959 2084 medicamentis

186 2098 411 2138 pectoralibus,
428 2099 508 2133 294;
534 2107 573 2127 ex
598 2096 770 2136 pleuritide
785 2096 958 2133 essentiali,

188 2143 262 2177 245,
278 2142 358 2176 246;
383 2141 472 2170 tabes
491 2138 746 2170 abdominalium
768 2139 910 2178 partium
924 2139 959 2169 in

187 2183 376 2219 infantibus,
393 2184 464 2213 381.

230 2225 356 2265 Tegula
381 2224 556 2264 hybernica
584 2223 619 2253 in
649 2222 792 2254 contusis
820 2232 884 2253 non
912 2227 960 2253 est

189 2268 386 2308 specificum‚
401 2268 473 2298 449.

231 2311 419 2350 Tempestas
434 2308 552 2339 morbis
568 2307 824 2337 inflammatoriis
839 2307 958 2346 produ-

189 2353 298 2383 cendis
320 2362 402 2392 quae
427 2353 469 2382 sit
489 2350 631 2380 maxime
646 2350 772 2386 idonea,
788 2351 828 2380 98
845 2362 851 2385 3
876 2355 958 2379 tem-

188 2400 326 2435 pestates
359 2394 435 2424 anni
468 2394 596 2424 morbos
626 2392 783 2432 quosdam
814 2392 960 2432 proprios

187 2438 315 2473 habent,
335 2438 384 2467 12.

233 2480 403 2519 Tempora,
419 2478 452 2507 in
472 2487 537 2507 uno
553 2476 691 2506 febrium
703 2475 868 2506 intermitt.
885 2486 958 2516 par-

190 2532 333 2561 oxyst
350 2521 409 2551 tria
425 2519 599 2560 spectanda
615 2524 699 2554 sunt,
717 2520 768 2554 68,
783 2519 834 2548 69.

234 2565 410 2594 Tus-mus
447 2562 535 2602 (DE)
568 2561 776 2597 Puxcrum,
813 2561 884 2590 601.
919 2560 958 2592 cf.

191 2608 263 2637 252.

234 2649 413 2679 Tenesmus
436 2646 514 2686 quid
536 2645 587 2681 sit,
614 2646 684 2681 177,
710 2646 790 2679 576;
823 2645 858 2674 in
884 2645 958 2685 dys-

191 2691 311 2720 enteria
332 2690 429 2725 unde,
455 2690 526 2724 168,
548 2688 626 2722 177;
666 2687 785 2717 adultis
811 2687 960 2724 exitialis,

192 2732 368 2762 infantibus
381 2731 551 2769 benignus,
571 2731 650 2765 169;
676 2730 798 2760 curatio
814 2730 959 2760 corrobo-

191 2774 335 2804 rantibus
357 2773 442 2809 solis,
462 2774 530 2804 177.

234 2815 464 2847 Terebinthina
489 2814 609 2855 Cypria
634 2814 669 2844 in
693 2814 889 2854 gonorrhoea
911 2815 958 2844 vi-

191 2859 263 2895 rult,
281 2859 354 2889 315.

771 95 943 131 INDEX
972 94 1178 130 RERUM.

1052 195 1169 226 Terrae
1184 192 1313 224 effluvia
1325 194 1453 224 morbos
1468 193 1661 234 epidemicos
1675 192 1779 222 varios

1010 237 1141 277 gignere
1156 241 1302 276 possunt,
1317 238 1392 272 220,
1409 238 1481 273 225,
1496 238 1570 272 428,
1586 236 1658 267 487.

1056 280 1203 309 Tertiana
1235 278 1331 309 febris
1363 289 1521 318 quaenam
1552 278 1684 314 dicatur,
1714 277 1755 309 70
1770 289 1778 311 ;

1009 326 1080 352 tert.
1096 321 1199 351 febres
1224 326 1368 352 autumn.
1385 320 1520 361 epidem.
1537 320 1673 350 duorum
1687 329 1778 348 men-

1010 363 1095 392 sium
1111 363 1214 403 spatio
1232 373 1362 393 cursum
1383 363 1580 403 persolvunt,
1598 363 1657 397 32;
1686 371 1778 402 prae-

1010 411 1134 435 mature
1150 405 1295 445 ingressi,
1311 415 1375 435 non
1390 405 1568 445 genuinum
1584 409 1698 444 typum
1715 409 1778 433 sta-

1011 447 1070 478 tim
1085 448 1234 483 induunt,
1252 449 1310 483 333
1335 457 1408 477 ann.
1421 448 1574 478 ’61—‘64
1588 446 1780 486 quibusnam

1011 490 1280 530 symptomatibus
1300 490 1339 519 ab
1363 489 1434 519 aliis
1455 489 1620 519 intermitt.
1638 488 1781 518 tertianis

1011 532 1318 568 discriminarentur,
1350 533 1389 568 37
1404 544 1411 567 3
1451 531 1656 571 quandonam
1688 530 1779 560 inva-

1011 575 1118 611 serint,
1136 580 1167 604 et
1189 574 1348 605 extinctae
1369 574 1440 610 sint,
1458 574 1518 610 37;
1549 573 1702 604 tertianae
1722 582 1779 602 au-

1011 616 1166 646 tumnalis
1189 617 1320 653 curatio,
1345 617 1397 653 81,
1422 617 1504 652 2853
1542 616 1577 646 in
1604 614 1781 645 infantibus

1011 664 1043 688 et
1069 664 1171 689 aetate
1205 659 1387 699 vigentibus
1417 658 1569 688 Naturae'
1592 657 1779 698 permitten-

1011 701 1081 738 dae,
1106 703 1165 737 833
1204 701 1355 731 tertianae
1381 701 1484 730 febres
1509 710 1592 731 anno
1615 700 1664 731 ’71
1690 709 1780 739 gras-

1011 749 1121 773 santur
1136 753 1232 773 verno
1258 749 1409 783 tempore,
1429 743 1508 779 161;
1530 741 1676 772 vernales
1699 741 1784 772 circa

1011 785 1184 816 solstitium
1199 785 1357 815 aestivum
1372 795 1404 815 se
1421 785 1612 820 subducunt,
1629 785 1680 820 32,
1700 784 1760 814 162
1774 796 1782 819 ς

1012 833 1241 867 quartanarum
1264 832 1357 867 typos
1381 837 1549 867 nunquam
1574 827 1722 862 induunt,
1746 830 1784 856 ut

1011 870 1134 900 faciunt
1149 870 1362 907 autumnales,
1374 870 1414 902 76
1427 883 1434 906 ;
1459 879 1542 900 anno
1557 868 1610 901 ’78
1627 869 1784 899 curaban-

1011 917 1064 942 tur
1088 913 1355 949 venae-sectione,
1386 912 1530 949 emetico,
1559 916 1590 942 et
1618 911 1781 941 antifebri-

1012 954 1096 985 libus
1113 955 1238 990 amaris,
1255 956 1336 990 292;
1361 955 1513 984 tertianae
1528 953 1668 984 vernalis
1689 963 1783 984 cura-

1012 997 1055 1027 tio
1077 997 1146 1027 sine
1164 997 1300 1034 Cortice,
1318 998 1399 1033 292;
1425 997 1547 1027 curatio
1561 1006 1619 1036 pro
1633 995 1784 1036 pauperi-

1012 1039 1083 1076 bus,
1101 1041 1181 1075 292;
1220 1040 1373 1069 tertianae
1405 1039 1544 1079 duplicis
1573 1039 1705 1074 curatio,
1730 1039 1784 1075 81,

1013 1083 1064 1118 82,
1082 1083 1155 1117 285,
1167 1082 1229 1112 286
1243 1094 1250 1117 ;
1275 1082 1435 1121 quomodo
1446 1081 1586 1111 recidiva
1597 1080 1783 1121 praevenia-

1012 1129 1074 1161 tur,
1094 1126 1173 1160 285;
1197 1124 1332 1154 vomitio
1347 1124 1381 1154 in
1395 1124 1446 1154 his
1467 1123 1610 1154 febribus
1625 1123 1786 1162 quomodo

1013 1166 1244 1207 compescenda
1259 1172 1430 1206 antequam
1452 1166 1571 1196 Cortex
1585 1165 1785 1202 exhibeatur,

1014 1210 1094 1245 285,
1119 1209 1293 1239 infantium
1308 1208 1488 1244 medicatio,
1508 1208 1589 1243 287;
1617 1208 1787 1238 decoctum

1013 1261 1161 1282 amarum
1177 1251 1304 1291 quando
1318 1251 1546 1291 praebendum,
1563 1251 1634 1281 288.

1057 1294 1169 1323 Testes
1184 1294 1381 1323 feminarum
1396 1293 1479 1332 (sive
1495 1291 1625 1332 ovaria,)
1642 1291 1787 1333 hydrope

1014 1336 1174 1375 quomodo
1191 1336 1382 1372 afficiantur,
1399 1336 1472 1365 456.

1057 1378 1294 1408 Testiculorum
1316 1378 1430 1408 rotatio
1446 1377 1605 1417 quaedam
1618 1376 1652 1408 in
1668 1385 1783 1417 gonor-

1013 1421 1128 1451 rhoeae
1142 1421 1237 1450 virul.
1253 1421 1357 1457 initio,
1374 1421 1446 1450 310.

1057 1463 1235 1502 Theologia
1249 1462 1405 1493 naturalis
1421 1461 1499 1502 quid
1515 1461 1568 1498 sit,
1583 1462 1656 1492 282.

1057 1505 1233 1545 Therapeia
1247 1505 1333 1534 mala
1347 1507 1569 1544 malignitatem
1588 1503 1623 1533 in
1645 1503 1788 1534 febribus

1014 1547 1132 1577 dictam
1149 1547 1321 1587 aliquando
1337 1547 1443 1587 potius
1459 1545 1617 1586 producit,
1629 1555 1726 1586 quam
1739 1556 1791 1576 ve-

1013 1599 1134 1619 nenosa
1147 1590 1304 1628 quaedam
1319 1589 1420 1619 morbi
1435 1588 1569 1624 indoleS,
1585 1589 1638 1619 96.

1057 1631 1214 1662 Theriaca
1237 1631 1457 1661 Andromachi
1480 1631 1661 1660 maximum
1683 1635 1732 1660 est
1752 1630 1788 1660 in
1812 1640 1815 1641 ⁷

1015 1673 1262 1714 quamplurimis
1287 1673 1406 1703 morbis
1429 1673 1618 1709 remedium,
1636 1674 1717 1708 388;
1752 1673 1787 1702 in

1014 1717 1100 1746 febre
1115 1716 1287 1756 pestilent,
1307 1717 1367 1745 113
1380 1728 1386 1750 ;
1410 1715 1445 1745 in
1460 1715 1611 1755 podagra,
1626 1715 1700 1747 427.

1057 1758 1277 1788 Tonsillarum
1293 1758 1382 1788 dolor
1397 1763 1429 1787 et
1451 1757 1662 1787 inflammatio
1686 1757 1785 1787 inter-

1014 1801 1180 1830 mittentes
1195 1806 1340 1830 autumn.
1357 1800 1573 1830 diuturniores
1594 1799 1787 1839 insequitur,

1016 1843 1033 1875 7
1038 1845 1074 1877 33
1097 1848 1232 1872 mortem
1248 1853 1323 1882 prae
1339 1842 1458 1871 foribus
1474 1842 1651 1877 denuntiat,
1668 1843 1721 1878 80,
1737 1843 1787 1872 90.

1058 1885 1246 1924 Tophaceae
1269 1884 1486 1915 concretiones
1508 1884 1549 1914 ad
1571 1884 1724 1914 articulos
1738 1884 1787 1914 di-

1015 1927 1156 1966 gitorlun
1173 1927 1206 1956 in
1222 1928 1363 1967 podagra
1377 1926 1519 1966 irreguL,
1538 1927 1613 1963 413,
1629 1928 1701 1957 440.

1059 1969 1180 2009 Topica
1206 1970 1381 2000 infantium
1411 1979 1542 2009 corpora
1570 1968 1664 1999 facile
1690 1978 1787 2009 pene-

1015 2016 1112 2048 trant,
1129 2012 1200 2042 381.

1059 2053 1213 2083 Tormina
1234 2053 1353 2083 ventris
1375 2053 1444 2083 sine
1471 2052 1648 2092 dejectione
1670 2052 1787 2093 dysen-

1016 2095 1128 2125 teriam
1151 2095 1220 2135 pari
1235 2105 1332 2135 passu
1355 2095 1599 2132 comitabantur,
1618 2095 1689 2131 160,
1709 2095 1788 2132 167;

1017 2138 1132 2177 hyeme
1161 2138 1375 2178 disparebant,
1406 2139 1478 2174 160,
1509 2138 1569 2169 167
1583 2150 1590 2173 ;
1629 2137 1790 2177 quomodo

1017 2185 1216 2217 curarentur,
1242 2181 1313 2217 167,
1335 2182 1408 2217 500,
1425 2181 1506 2216 501,
1539 2180 1573 2210 in
1597 2179 1684 2210 febre
1706 2190 1791 2210 nova.

1017 2222 1164 2263 epidem.‚
1181 2223 1253 2253 499.

1062 2264 1189 2294 Tubera
1225 2265 1359 2302 ossium,
1382 2275 1440 2295 seu
1467 2269 1637 2300 exostoses,
1665 2263 1699 2294 in
1735 2263 1791 2294 lue

1018 2317 1161 2343 venerea,
1179 2308 1238 2337 311
1254 2319 1260 2342 ;
1286 2308 1445 2346 quomodo
1460 2307 1610 2343 curanda,
1627 2308 1700 2337 324.

1061 2349 1184 2379 Tumor
1213 2349 1392 2379 abdominis
1421 2350 1454 2379 in
1481 2349 1631 2379 foeminis
1659 2348 1788 2388 duplex,

1019 2392 1100 2426 4573
1118 2391 1151 2420 in
1167 2391 1354 2428 infantibus,
1371 2393 1424 2428 90,
1437 2393 1495 2422 381
1512 2404 1519 2427 ;
1537 2396 1644 2421 tumor
1658 2400 1790 2421 crurum

1018 2434 1050 2463 in
1070 2433 1212 2463 febribus
1234 2434 1399 2464 intermitt.
1417 2439 1573 2469 autumn„
1589 2434 1648 2468 90;
1671 2433 1707 2462 in
1729 2443 1786 2463 cu-

1018 2476 1103 2511 bitis,
1131 2486 1171 2505 ex
1197 2476 1338 2516 podagra
1361 2476 1504 2516 irregul.,
1526 2477 1606 2511 413;
1636 2475 1728 2505 faciei
1754 2475 1789 2505 in

1018 2518 1158 2554 variolis,
1173 2519 1337 2548 evacuatio
1359 2518 1506 2559 insignis,
1524 2519 1596 2554 127,
1615 2518 1688 2553 129,
1706 2518 1764 2548 141
1780 2530 1788 2553 ;

1019 2560 1045 2590 si
1062 2561 1187 2596 absens,
1202 2560 1281 2590 mali
1296 2561 1422 2597 ominis,
1439 2562 1500 2591 353
1513 2573 1520 2596 ;
1544 2560 1648 2600 primo
1659 2559 1694 2590 in
1708 2559 1789 2590 facie

1019 2603 1185 2638 excitatur,
1203 2602 1276 2633 dein
1291 2613 1450 2633 manuum
1466 2608 1497 2633 et
1512 2602 1687 2641 digitorum
1702 2601 1788 2632 inse-

1019 2645 1138 2685 quitur,
1153 2645 1223 2681 121,
1244 2646 1313 2681 125,
1331 2646 1412 2681 5623
1437 2645 1476 2675 ab
1501 2646 1548 2675 8'0
1564 2644 1615 2674 die
1631 2653 1732 2684 usque
1748 2643 1791 2674 ad

1022 2688 1122 2716 llulum
1145 2687 1276 2726 reperiri
1299 2687 1387 2723 solet,
1411 2692 1546 2727 tumque
1570 2685 1733 2716 subsidere
1757 2690 1790 2716 et

1018 2729 1052 2759 in
1079 2729 1159 2759 facie
1187 2729 1291 2759 minui
1317 2729 1476 2769 paullum,
1507 2729 1578 2765 127,
1602 2729 1677 2764 353,
1704 2729 1788 2764 3543

1018 2777 1092 2811 post
1114 2771 1199 2800 diem
1223 2781 1324 2801 unum
1340 2776 1395 2801 aut
1407 2772 1544 2801 alterum
1566 2770 1712 2800 recedere
1734 2769 1788 2800 de-

1018 2814 1080 2850 bet,
1108 2813 1187 2847 127;
1212 2813 1251 2843 ab
1279 2814 1354 2843 11¹¹'0
1374 2814 1424 2843 die
1446 2823 1548 2853 nsque
1571 2813 1612 2842 ad
1639 2812 1786 2852 pustula-

1017 2866 1090 2886 rum
1117 2855 1150 2885 in
1173 2854 1213 2885 iis
1235 2855 1481 2887 maturationem
1499 2859 1629 2896 perstat,
1645 2855 1726 2890 35&
1757 2859 1788 2885 et
