1985 3308
430 145 827 188 DISSERTATIO
859 145 1265 186 EPISTOLARIS.
1492 145 1576 188 363

114 253 315 295 tumlib'et
348 252 520 307 ingenio
551 252 807 305 caeterisque
840 251 971 292 animi
1007 251 1177 292 dotibus
1206 251 1357 302 valeat,
1386 251 1433 292 in
1466 252 1572 293 Arte
1593 264 1646 295 De
1664 265 1774 296 Vmu-

114 335 210 363 vere
231 322 400 362 Medica
419 320 621 375 proficiet,
644 320 716 374 qui
742 334 830 360 non
850 325 940 360 tam
960 320 1007 360 in
1033 320 1200 361 occulta
1220 325 1262 360 et
1290 325 1483 360 tortuosa
1502 321 1574 361 illa
1591 308 1777 382 οξξζξξξ·

113 392 327 442 methodo,
365 406 446 445 qua
484 390 653 431 Natura
687 389 856 431 morbos
895 389 1004 442 parit
1037 389 1208 442 alitque,
1249 390 1289 442 (a
1329 404 1412 443 qua
1443 389 1571 430 etiam

113 459 343 500 eorundem
372 458 548 499 historia
572 457 758 511 pendet‚)
788 456 1043 509 indaganda,
1066 462 1191 509 atque
1212 457 1256 496 in
1287 457 1483 497 remediis
1515 459 1572 497 ei-

114 525 211 566 dem
233 526 496 579 adaptandis,
515 539 661 566 omnes
683 524 812 565 animi
833 524 939 564 vires
960 523 1168 574 intendat,
1188 538 1314 577 quam
1331 524 1376 564 in
1398 525 1570 565 curiosis

112 599 155 634 et
190 591 415 648 παρέργοις
450 592 805 646 speculationibus
841 591 1059 632 cerebrum
1092 591 1255 645 fatiget,
1289 592 1341 632 ad
1376 592 1569 633 homines

113 661 224 702 Orco
248 661 484 714 eripiendos
509 661 636 714 (quod
657 660 836 714 spondet
858 659 1102 713 Medicina)
1127 674 1182 700 ne
1213 660 1349 700 hilum
1376 660 1568 701 facienti-

111 729 202 770 bus.
265 728 386 770 Quae
427 729 597 782 quidem
632 727 928 781 praevaricatio
964 741 1050 768 non
1087 728 1224 768 solum
1258 728 1304 768 in
1339 742 1465 769 causa
1505 735 1568 769 est

113 796 225 850 quod
246 810 380 849 genus
397 796 632 836 humanum
649 795 880 836 commodis
901 795 981 836 illis
997 800 1039 836 et
1055 796 1352 836 emolumentis
1369 796 1566 849 privetur,

111 864 261 918 quibus
283 878 307 905 a
326 864 603 917 phu'imoruin
634 863 804 916 ingenio
833 863 1042 916 animique
1074 850 1242 904 dotibus
1271 864 1415 917 augeri
1441 869 1566 918 potu-

111 932 234 982 isset,-
267 931 340 972 sed
370 932 498 972 etiam
530 931 668 972 effecit
698 931 884 981 tandem,
911 937 959 971 ut
991 946 1096 984 quae
1119 932 1287 972 Medica
1317 933 1565 985 appellatur,
1588 941 1682 972 Unde
1698 948 1745 973 est

111 1013 256 1040 revera
286 999 586 1040 confabulandi
617 999 911 1052 garriendique
943 999 1082 1052 potius
1114 999 1167 1040 sit
1198 1000 1293 1050 Ars,
1323 1014 1450 1053 quam
1479 1014 1566 1040 me·
1586 985 1770 1025 quod,quae

1587 1029 1637 1056 m·
1666 1030 1671 1035 ·
1715 1048 1723 1058 (
1758 1047 1771 1052 -

112 1067 252 1109 dendi.
325 1068 466 1121 Atque
502 1082 550 1108 eo
585 1067 759 1108 tandem
796 1067 1024 1107 deventum
1060 1073 1137 1118 est,
1175 1067 1308 1121 aegris
1343 1067 1566 1108 vivendum
1585 1030 1755 1110 peffiilgtcggp

112 1135 428 1177 moriendumve
459 1136 526 1186 sit,
548 1140 672 1189 prout
703 1135 975 1188 philosophus
1003 1135 1067 1175 vel
1092 1135 1369 1189 conjectando
1395 1150 1566 1190 scopum
1585 1113 1746 1196 ῗὲἒὲῗῖξζ,

113 1204 314 1257 attigerit,
340 1204 404 1244 vel
432 1204 483 1244 ab
515 1202 664 1244 eodem
695 1203 976 1253 aberraverit,
1009 1202 1119 1256 quod
1149 1203 1194 1242 in
1218 1203 1378 1244 lubrico
1404 1198 1764 1270 semPeTfJ,¹‡{g‡{1ai¹¹¹

113 1277 177 1312 est
208 1277 332 1325 atque
366 1271 550 1324 ancipiti,
573 1285 670 1311 cum
701 1271 826 1324 primi
855 1270 925 1310 isti
953 1271 1287 1324 speculationum
1318 1276 1566 1324 repertores,
1585 1262 1650 1312 'Ars
1662 1284 1770 1314 evasit.

113 1354 202 1380 non
231 1339 373 1379 minus
395 1353 522 1392 quam
543 1353 690 1379 eorum
717 1338 927 1391 mancipia
958 1343 999 1378 et
1029 1352 1193 1378 servum
1217 1352 1358 1392 pecus,
1381 1339 1432 1379 de
1453 1353 1568 1380 cere-

111 1407 244 1448 brosis
265 1407 355 1447 istis
383 1406 632 1447 commentis
662 1406 773 1447 bello
796 1406 915 1460 quasi
941 1406 1205 1447 internecino
1229 1406 1408 1446 invicem
1436 1407 1568 1460 digla-

112 1475 292 1525 dientur,
334 1480 524 1515 attamen
562 1488 689 1514 nemo
728 1473 905 1514 fortasse
945 1473 1136 1515 omnium
1176 1474 1312 1527 ipsam
1346 1474 1568 1515 veritatem

112 1548 368 1597 assequatur.
430 1542 631 1584 Quamvis
659 1541 787 1591 enim,
816 1541 851 1582 si
876 1546 1067 1581 mentem
1095 1541 1201 1582 serio
1232 1541 1568 1595 applicuerimus,
1588 1554 1731 1586 Naturae

113 1611 214 1666 quid
235 1611 286 1651 de
301 1611 413 1652 facto
434 1616 531 1664 agat
547 1611 728 1660 Natura,
751 1615 794 1651 et
816 1609 968 1663 quibus
989 1609 1034 1649 in
1062 1609 1305 1664 operatione
1326 1624 1403 1650 sua
1422 1615 1568 1651 utatur
1587 1599 1740 1638 operatio-

1584 1651 1640 1671 nes
1663 1641 1701 1671 de
1726 1651 1775 1671 re·-

112 1679 293 1732 organis,
316 1678 629 1732 deprehendere
653 1678 865 1718 valeamus
881 1695 893 1728 3
924 1677 1075 1718 modus
1105 1682 1254 1718 tamen
1275 1692 1357 1731 quo
1378 1678 1451 1718 illa
1471 1693 1567 1732 ope·
1586 1651 1767 1713 hendaiiius

111 1752 242 1797 ratur,
264 1747 464 1787 mortales
490 1746 579 1799 (aut
607 1760 685 1799 ego
705 1745 856 1799 fallor‚)
893 1759 1057 1799 semper
1083 1745 1247 1786 latebit.
1307 1745 1459 1800 Neque
1489 1746 1569 1787 hoe
1588 1727 1774 1809 {elessrffipgiius

112 1816 269 1856 mirum
290 1820 366 1866 est,
389 1829 484 1855 cum
504 1815 630 1868 longe
666 1815 765 1868 (imo
788 1829 913 1868 supra
932 1828 1103 1855 omnem
1133 1814 1370 1855 humanum
1398 1820 1569 1868 captum
1587 1822 1645 1842 ¹¹0⁵
1655 1822 1749 1884 femi}

112 1883 273 1937 longe,)
308 1882 546 1923 credibilius
583 1883 636 1924 sit
667 1897 745 1923 nos
777 1882 961 1923 misellos
990 1882 1310 1933 homunciones,
1335 1883 1386 1924 ab
1418 1883 1570 1924 illustri
1588 1864 1643 1894 per
1668 1860 1717 1884 ate
1741 1859 1774 1885 η’

113 1950 222 1990 w'tae
243 1950 429 2003 lucisque
449 1950 620 2002 regione
642 1950 872 2000 exulantes,
889 1949 1140 1990 methodum
1164 1964 1247 2002 qua
1266 1950 1311 1989 in
1326 1950 1571 1991 fabricanda

114 2018 311 2059 machina
330 2032 431 2057 usus
462 2023 524 2057 est
549 2017 893 2070 sapientissimus
914 2018 1134 2066 Ammzx,
1157 2031 1304 2069 capere
1325 2018 1570 2058 nullatenus

114 2099 260 2139 posse;
293 2099 420 2138 quam
439 2084 607 2125 fabrum
627 2084 862 2135 ferrarium,
884 2084 1031 2125 rudem
1054 2098 1224 2137 prorsus
1246 2089 1288 2125 ct
1310 2084 1568 2137 imperitum,

114 2155 275 2194 nescire
293 2167 374 2206 quo
401 2157 523 2206 pacto
551 2152 828 2193 concinnetur
849 2157 1097 2193 automaton
1119 2152 1320 2193 horarum
1340 2153 1479 2203 index,
1497 2167 1568 2194 cu-

109 2221 179 2275 jus
209 2226 418 2261 structura
444 2225 485 2261 et
506 2225 648 2261 motus
675 2220 1041 2273 exquisitissimam
1063 2220 1163 2260 artis
1185 2220 1440 2273 elegantiam
1469 2235 1569 2274 prae

114 2302 159 2329 se
179 2288 335 2329 ferunt.
398 2288 533 2328 Sicuti
553 2288 605 2328 de
624 2288 736 2329 facto
758 2293 936 2338 constat,
959 2287 1179 2328 cerebrum
1206 2288 1342 2328 omnis
1362 2292 1452 2328 tam
1474 2303 1567 2329 sen-
1588 2303 1746 2333 Instantia

115 2369 186 2396 sus
217 2370 344 2409 quam
374 2362 515 2396 motus
541 2355 704 2397 fontem
733 2369 834 2406 esse,
856 2360 950 2396 tum
977 2355 1105 2397 etiam
1127 2360 1168 2395 et
1193 2355 1499 2408 cogitationum
1527 2362 1569 2397 et
1587 2347 1620 2376 ⁵¹¹
1637 2347 1772 2378 cerebro.

62 2413 67 2418 ⁵
116 2423 342 2464 memoriae
368 2424 577 2464 officinam
591 2440 602 2473 ς
635 2428 677 2464 et
703 2429 849 2464 tamen
875 2437 964 2464 non
985 2427 1048 2464 est
1068 2422 1265 2476 possibile
1287 2437 1312 2463 a
1337 2423 1570 2476 diligentis-

116 2490 221 2532 sima
251 2491 339 2543 ejus
360 2490 619 2543 inspectione
650 2490 1056 2544 contemplationeve
1087 2495 1277 2530 mentem
1307 2505 1440 2543 usque
1467 2491 1571 2532 adeo

114 2558 357 2608 illuminari,
375 2564 421 2598 ut
443 2558 677 2611 intelligere
697 2558 828 2612 possit
843 2572 924 2612 quo
943 2563 1068 2611 pacto
1085 2557 1324 2598 substantia
1338 2558 1400 2598 ita
1420 2572 1569 2608 crassa,

115 2631 157 2666 et
180 2625 298 2679 quasi
319 2626 445 2679 pulpa
467 2625 686 2678 quaedam,
704 2640 839 2679 neque
860 2626 995 2679 operis
1013 2626 1075 2677 (ut
1098 2625 1291 2678 vidctur,)
1311 2640 1444 2678 usque
1466 2626 1570 2667 adeo

115 2694 272 2736 affabre
303 2694 518 2743 elaborati,
540 2694 634 2733 usui
664 2694 723 2734 ita
742 2694 875 2735 nobili
906 2699 948 2734 et
972 2694 1246 2734 facultatibus
1277 2699 1366 2734 tam
1386 2694 1567 2747 praecel-

114 2762 302 2804 lentibus
333 2767 459 2815 queat
493 2762 702 2812 sufficer03
734 2776 871 2815 neque
902 2762 1053 2802 exinde
1089 2762 1302 2814 assignare
1333 2761 1424 2815 quis
1458 2762 1569 2815 potis

116 2835 191 2880 est,
215 2845 297 2884 qua
317 2830 492 2879 ratione,
516 2843 565 2870 ex
593 2836 771 2870 naturae
792 2831 882 2882 ejus
903 2830 942 2869 vi
963 2835 1005 2870 et
1027 2834 1239 2870 structura
1267 2829 1463 2883 partium,
1487 2830 1570 2871 sive

115 2898 218 2940 haee
240 2899 323 2940 sive
346 2899 476 2940 altera
498 2899 576 2939 ista
597 2898 774 2939 facultas
796 2898 1028 2939 necessario
1045 2897 1171 2939 fucrit
1195 2897 1414 2939 exerenda.
