1985 3308
427 152 483 192 62
843 149 1100 191 THOMAE
1140 150 1481 192 SYDENHAM

252 268 381 298 Femus
427 262 470 298 et
510 257 618 298 ratio
658 257 742 306 illa,
785 270 868 309 qua
908 256 960 295 de
1001 255 1165 295 medela
1205 255 1404 296 Febrium
1444 257 1673 298 universim
1720 259 1888 312 loquuti

225 312 409 383 §sogam
427 326 566 365 fluxus
586 325 763 378 hujusce
789 323 966 363 sistendi
994 323 1289 363 necessitatem
1312 324 1534 365 ostendere
1563 326 1705 366 conati
1727 341 1886 377 sumus,

249 397 384 426 ’fil-¹64.
429 394 556 434 etiam
577 392 646 432 hic
667 391 841 432 omnino
868 391 1007 431 locum
1031 390 1210 430 obtinet.
1273 391 1404 432 Nunc
1433 397 1573 432 autem
1596 393 1704 433 illud
1729 394 1888 435 adden-

222 452 398 523 ssgnffifflj
430 461 531 501 dum
565 465 641 510 est,
666 461 775 513 (mea
801 459 970 513 quidem
1003 459 1217 498 sententia
1248 459 1612 501 animadversione
1637 475 1726 501 non
1747 462 1887 516 indjg-

224 536 332 584 guinis
350 536 403 567 de·
428 529 563 580 num‚)
608 541 760 580 nempe
802 526 854 566 ad
906 526 1134 579 genuinam
1179 527 1399 579 sanguinis
1441 528 1763 581 depurationem
1799 544 1890 570 non

224 585 378 650 Ξὲιξῗῐὲῖι-
427 601 598 636 tantum
630 594 910 634 necessariam
951 607 1041 633 esse
1071 592 1185 632 illam
1220 594 1486 646 quarundam
1526 596 1712 648 partium
1754 610 1889 637 secre-

225 664 409 712 plexseqrq-
428 663 586 703 tionem
611 675 717 715 quae
739 676 812 714 per
839 661 974 701 faeces
996 661 1057 710 fit,
1081 660 1154 700 sed
1178 661 1408 713 requiritur
1436 662 1563 702 etiam
1591 668 1641 703 ut
1667 678 1889 704 secernan-

224 712 410 788 {ffrrgffgffle
428 735 500 770 tur
530 730 648 779 aliae,
671 735 877 782 tanquam
903 728 1050 768 floresX
1067 745 1078 776 ς
1124 727 1168 767 id
1186 728 1298 780 quod
1319 728 1365 767 in
1387 729 1479 768 aliis
1501 730 1629 769 etiam
1655 731 1890 784 liquoribus

225 792 410 863 Εξῑρῖἳέῖξξθ
429 797 640 850 opulentis
674 802 800 849 atque
830 795 1125 847 heterogeneis
1163 795 1351 847 quotidie
1380 796 1605 836 cernimus.
1668 799 1823 852 Itaque
1855 799 1891 839 si

226 857 282 915 pe’r
297 845 398 906 floqres.
429 865 673 904 diarrhoeae
704 863 884 903 nimium
919 862 1159 912 indulseris,
1192 862 1374 902 mediam
1407 863 1671 905 solummodo
1712 865 1891 919 depura-

427 932 601 981 tionem,
627 936 850 984 tantopere
878 930 1120 983 expetitam,
1143 930 1401 982 procurabiS,
1425 936 1551 984 atque
1577 932 1705 972 etiam
1733 933 1890 984 forsan,

430 999 542 1053 quod
571 1004 784 1052 postremo
814 998 860 1037 in
891 998 981 1038 loco
1012 998 1289 1051 rejiciendum
1322 1004 1425 1048 erat,
1457 999 1594 1050 primo
1626 1007 1890 1042 excernetur.

227 1069 316 1117 Haec
327 1079 398 1098 821¹-
428 1069 581 1108 Fateor
609 1066 817 1120 equidem,
841 1066 1106 1119 separatione
1131 1066 1204 1105 illa
1231 1080 1305 1119 per
1332 1067 1456 1106 flores
1480 1068 1569 1120 jam
1601 1068 1726 1119 facta,
1754 1069 1890 1123 (quae,

225 1117 400 1194 {lgsslgtplffi
428 1141 477 1176 ut
499 1135 635 1176 obiter
662 1135 707 1174 id
735 1134 958 1187 attingam,
981 1134 1137 1173 sensim
1165 1139 1206 1174 et
1233 1134 1323 1173 sine
1355 1147 1482 1174 sensu
1510 1136 1657 1188 peragi
1685 1137 1805 1187 solet,
1829 1143 1892 1178 at-

226 1197 306 1247 niorj
322 1198 387 1226 δια·
430 1219 510 1258 que
550 1204 785 1257 plerunque
826 1202 952 1255 paulo
982 1201 1163 1255 pleniori
1199 1200 1375 1255 διαπνοῃ
1406 1204 1548 1256 potius
1581 1218 1707 1257 quam
1739 1205 1892 1246 sudore

226 1250 397 1321 ἓῖιέῃιμξῑιῖιι
431 1272 684 1323 manifesto,)
715 1270 992 1319 diarrhoeam,
1017 1269 1049 1309 si
1086 1270 1195 1310 forte
1224 1270 1436 1320 acciderit,
1460 1272 1637 1324 periculi
1670 1287 1758 1313 non
1784 1274 1892 1314 mul-

225 1326 414 1407 ἳζέθζῖζᾞέζ
431 1346 523 1379 tum
556 1337 836 1379 interminari.
902 1336 1130 1376 Sciendum
1152 1342 1298 1376 tamen
1331 1342 1394 1377 est
1425 1338 1541 1378 illam
1572 1344 1664 1379 tum
1696 1355 1784 1381 non
1818 1342 1892 1382 ali-

226 1410 402 1459 ragigurut
433 1407 548 1447 unde
585 1406 787 1454 accidere,
827 1419 952 1458 quam
990 1404 1102 1457 quod
1134 1405 1344 1457 purgatio,
1380 1405 1667 1448 subducendis
1703 1409 1893 1450 faecibus

224 1454 412 1537 Engpgnm.
432 1475 583 1524 dicata,
615 1488 703 1514 non
734 1477 969 1526 opportune
999 1472 1187 1512 exhibita
1214 1472 1366 1522 fuerit,
1399 1488 1505 1526 quae
1540 1475 1709 1527 quidem
1740 1477 1890 1528 faeces,

228 1518 312 1579 tioiie
328 1550 385 1580 hac
430 1557 546 1583 mora
567 1556 642 1582 sua
654 1541 852 1581 fermenti
874 1540 1050 1593 alicujus
1074 1540 1249 1592 maligni
1269 1540 1454 1581 indolem
1477 1543 1667 1596 adeptae,
1685 1545 1892 1586 intestina

224 1593 403 1675 ξΞῗῖᾒςὲζῖΞ
425 1611 513 1664 jam
536 1610 589 1650 ad
610 1609 893 1650 excretionem
911 1608 1080 1647 irritant
1095 1607 1402 1662 stimulantque
1416 1626 1427 1659 ς
1459 1615 1508 1650 ut
1526 1611 1719 1652 omittam
1739 1612 1892 1663 dicere,

228 1679 336 1726 nJinus
349 1688 403 1717 pe·
430 1677 751 1730 liquidissimam
772 1676 887 1715 illam
916 1681 1281 1716 excrementorum
1310 1677 1630 1718 consistentiam
1659 1680 1749 1731 (tali
1777 1681 1892 1721 enim

226 1721 382 1793 {ftuss'isaar
432 1746 565 1785 forma
586 1745 822 1798 plerunque
844 1743 1068 1795 visuntur‚)
1094 1744 1195 1783 satis
1216 1743 1403 1784 indicare
1425 1760 1472 1785 ea
1492 1760 1567 1799 pro
1589 1746 1736 1787 critica
1757 1747 1894 1789 morbi

228 1806 332 1837 rhoea.
434 1813 644 1853 solutione
665 1811 861 1852 habenda
882 1826 969 1851 non
992 1817 1117 1851 essey.

230 1885 368 1915 Iun-sa
498 1881 606 1934 [53]
645 1881 805 1920 Forsan
852 1879 978 1919 etiam
1021 1879 1134 1919 inter
1175 1885 1460 1932 symptomata
1501 1881 1708 1923 Febribus
1750 1897 1892 1937 super-

432 1950 647 1990 venientia
686 1948 896 1989 recenseri
931 1952 1070 2000 potest
1107 1948 1239 1988 Iliaca
1281 1949 1438 1998 Passio,
1473 1964 1522 1990 eo
1559 1951 1671 2004 quod
1711 1952 1893 1993 vomitus

433 2032 637 2066 enormes,
662 2017 733 2069 qui
753 2016 876 2056 initio
899 2015 1096 2055 Febrium
1126 2016 1314 2056 accidere
1338 2017 1488 2068 solent,
1510 2017 1610 2058 huic
1631 2020 1893 2061 occasionem

434 2085 687 2138 quandoque
709 2084 1047 2124 subministrent.

492 2152 719 2193 Horrenda
753 2152 857 2192 haec
892 2151 1058 2191 affectio
1095 2157 1172 2202 est,
1210 2156 1252 2192 et
1287 2152 1372 2193 huc
1407 2167 1540 2206 usque
1577 2154 1766 2195 omnium
1805 2156 1892 2196 fere

425 2221 586 2275 judicio
614 2221 796 2270 funesta,
820 2234 869 2260 ex
891 2219 1191 2260 intestinorum
1225 2225 1344 2260 motu
1364 2221 1530 2261 inverso
1556 2236 1602 2261 ac
1623 2228 1893 2276 praepostero

430 2290 638 2341 originem
680 2288 851 2328 ducens.
927 2287 1147 2327 Nimirum
1191 2287 1495 2328 intestinorum
1535 2289 1678 2339 fibrae,
1722 2305 1829 2344 quae
1869 2306 1895 2332 a

430 2357 715 2411 superioribus
746 2370 889 2396 versus
923 2355 1122 2395 inferiora
1152 2355 1346 2396 contrahi
1377 2356 1548 2407 debent,
1580 2359 1895 2400 contrahuntur

431 2426 483 2466 ad
524 2425 750 2478 superiora,
784 2429 825 2463 et
862 2436 1139 2476 quaecunque
1170 2423 1217 2463 in
1251 2423 1466 2464 intestinis
1502 2426 1779 2466 continentur
1804 2441 1894 2468 non

429 2508 572 2534 versus
594 2493 735 2532 alvum
757 2492 830 2532 sed
861 2491 1145 2531 ventriculum
1170 2491 1495 2544 protruduntur,
1519 2498 1561 2533 et
1589 2493 1752 2547 impetu
1780 2494 1893 2536 facto

431 2561 483 2601 ad
511 2575 556 2601 os
584 2559 881 2613 regurgitant3
915 2558 1018 2599 adeo
1043 2563 1092 2598 ut
1123 2564 1330 2609 enemata,
1354 2566 1734 2614 quantumcunque
1767 2563 1891 2613 acria,

432 2628 610 2668 emetica
643 2627 838 2677 evadant,
866 2626 932 2666 uti
966 2627 1094 2666 etiam
1126 2626 1360 2667 cathartica
1389 2641 1464 2680 per
1493 2642 1538 2668 os
1568 2634 1786 2682 assumpta
1816 2644 1893 2684 per

431 2697 638 2735 vomitum
670 2695 810 2735 subito
852 2699 1151 2734 excernuntur.
1214 2695 1284 2744 Et,
1322 2709 1417 2735 mea
1457 2695 1629 2748 quidem
1663 2698 1889 2749 sententia,

472 2827 484 2840 ¹
511 2822 558 2851 Cf.
577 2823 632 2852 inf.
651 2833 675 2852 c.
695 2824 723 2851 5.
742 2824 756 2859 ᾗ
776 2823 803 2851 3.
1186 2822 1241 2851 inf.
1266 2822 1298 2851 in
1326 2822 1407 2852 Sect.
1435 2823 1475 2853 iv.
1507 2833 1533 2853 c.
1570 2825 1598 2854 2.
1625 2823 1815 2864 plerumque
1840 2835 1887 2855 re-

474 2870 486 2888 5
513 2865 622 2894 Hicin
644 2865 690 2895 cd.
715 2867 766 2893 ’68
785 2870 964 2904 sequuntur
987 2864 1126 2903 plurima
1188 2865 1343 2904 spondere
1365 2865 1542 2901 videantur,
1561 2866 1604 2895 ibi
1621 2867 1832 2898 invenientur.

430 2908 468 2936 de
495 2908 619 2937 Clmlera
644 2908 759 2939 Morbo,
787 2918 877 2946 quae,
907 2917 1008 2946 quum
1034 2907 1126 2936 dictis
1232 2907 1246 2920 ²
1273 2907 1322 2936 Cf.
1342 2909 1475 2938 Process.
1494 2910 1553 2939 Int.
1573 2918 1597 2938 c.
1617 2909 1667 2938 26.
