<?xml version="1.0" encoding="UTF-8"?>
<!DOCTYPE html PUBLIC "-//W3C//DTD XHTML 1.0 Transitional//EN"
    "http://www.w3.org/TR/xhtml1/DTD/xhtml1-transitional.dtd">
<html xmlns="http://www.w3.org/1999/xhtml" xml:lang="en" lang="en">
 <head>
  <title>
</title>
<meta http-equiv="Content-Type" content="text/html;charset=utf-8" />
  <meta name='ocr-system' content='tesseract 3.04.00' />
  <meta name='ocr-capabilities' content='ocr_page ocr_carea ocr_par ocr_line ocrx_word'/>
</head>
<body>
  <div class='ocr_page' id='page_1' title='image "./thomaesydenhammd00sydeuoft_0070.png"; bbox 0 0 1985 3308; ppageno 0'>
   <div class='ocr_carea' id='block_1_1' title="bbox 397 171 1436 213">
    <p class='ocr_par' dir='ltr' id='par_1_1' title="bbox 397 171 1436 213">
     <span class='ocr_line' id='line_1_1' title="bbox 397 171 1436 213; baseline 0.001 -2"><span class='ocrx_word' id='word_1_1' title='bbox 397 171 461 211; x_wconf 74' lang='lat'>34·</span> <span class='ocrx_word' id='word_1_2' title='bbox 617 204 620 209; x_wconf 95' lang='lat'>.</span> <span class='ocrx_word' id='word_1_3' title='bbox 806 171 1062 212; x_wconf 84' lang='lat' dir='ltr'><strong>THOMAE</strong></span> <span class='ocrx_word' id='word_1_4' title='bbox 1096 171 1436 213; x_wconf 85' lang='lat' dir='ltr'>SYDENHAM</span> 
     </span>
    </p>
   </div>
   <div class='ocr_carea' id='block_1_2' title="bbox 185 274 1861 1555">
    <p class='ocr_par' dir='ltr' id='par_1_2' title="bbox 185 274 1861 1555">
     <span class='ocr_line' id='line_1_2' title="bbox 201 274 1861 334; baseline -0.001 -13"><span class='ocrx_word' id='word_1_5' title='bbox 201 291 255 321; x_wconf 72' lang='lat' dir='ltr'>Dr:</span> <span class='ocrx_word' id='word_1_6' title='bbox 271 290 372 321; x_wconf 72' lang='lat' dir='ltr'>Mon-</span> <span class='ocrx_word' id='word_1_7' title='bbox 398 278 724 334; x_wconf 85' lang='lat' dir='ltr'>depopulantur,</span> <span class='ocrx_word' id='word_1_8' title='bbox 764 279 893 320; x_wconf 88' lang='lat' dir='ltr'>febris</span> <span class='ocrx_word' id='word_1_9' title='bbox 937 284 1029 322; x_wconf 91' lang='lat' dir='ltr'>toto</span> <span class='ocrx_word' id='word_1_10' title='bbox 1065 294 1178 321; x_wconf 91' lang='lat' dir='ltr'>anno</span> <span class='ocrx_word' id='word_1_11' title='bbox 1214 281 1391 334; x_wconf 83' lang='lat' dir='ltr'><strong>sparsim</strong></span> <span class='ocrx_word' id='word_1_12' title='bbox 1431 280 1633 321; x_wconf 90' lang='lat' dir='ltr'>oberrans</span> <span class='ocrx_word' id='word_1_13' title='bbox 1666 274 1861 334; x_wconf 39' lang='lat' dir='ltr'>ejusdem*</span> 
     </span>
     <span class='ocr_line' id='line_1_3' title="bbox 208 334 1857 406; baseline 0 -18"><span class='ocrx_word' id='word_1_14' title='bbox 208 334 363 406; x_wconf 50' lang='grc' dir='ltr'>ξὲζιξὶῖζ</span> <span class='ocrx_word' id='word_1_15' title='bbox 396 348 522 402; x_wconf 90' lang='lat' dir='ltr'>plane</span> <span class='ocrx_word' id='word_1_16' title='bbox 542 348 892 389; x_wconf 90' lang='lat' dir='ltr'>inflammationis</span> <span class='ocrx_word' id='word_1_17' title='bbox 913 353 977 389; x_wconf 89' lang='lat' dir='ltr'>est</span> <span class='ocrx_word' id='word_1_18' title='bbox 998 349 1219 402; x_wconf 88' lang='lat' dir='ltr'>particeps,</span> <span class='ocrx_word' id='word_1_19' title='bbox 1239 362 1345 402; x_wconf 89' lang='lat' dir='ltr'>quae</span> <span class='ocrx_word' id='word_1_20' title='bbox 1366 349 1543 389; x_wconf 79' lang='lat' dir='ltr'>variolas</span> <span class='ocrx_word' id='word_1_21' title='bbox 1563 348 1688 402; x_wconf 90' lang='lat' dir='ltr'>parit.</span> <span class='ocrx_word' id='word_1_22' title='bbox 1726 348 1857 388; x_wconf 87' lang='lat' dir='ltr'>Uter-</span> 
     </span>
     <span class='ocr_line' id='line_1_4' title="bbox 397 415 1856 469; baseline -0.001 -13"><span class='ocrx_word' id='word_1_23' title='bbox 397 430 478 469; x_wconf 87' lang='lat' dir='ltr'>que</span> <span class='ocrx_word' id='word_1_24' title='bbox 505 430 658 469; x_wconf 80' lang='lat' dir='ltr'>nempe</span> <span class='ocrx_word' id='word_1_25' title='bbox 685 416 860 457; x_wconf 84' lang='lat' dir='ltr'>morbus</span> <span class='ocrx_word' id='word_1_26' title='bbox 882 416 935 456; x_wconf 90' lang='lat' dir='ltr'>ad</span> <span class='ocrx_word' id='word_1_27' title='bbox 966 416 1145 457; x_wconf 89' lang='lat' dir='ltr'>eandem</span> <span class='ocrx_word' id='word_1_28' title='bbox 1166 417 1253 457; x_wconf 90' lang='lat' dir='ltr'>fere</span> <span class='ocrx_word' id='word_1_29' title='bbox 1273 431 1468 457; x_wconf 90' lang='lat' dir='ltr'>normam</span> <span class='ocrx_word' id='word_1_30' title='bbox 1499 416 1702 466; x_wconf 91' lang='lat' dir='ltr'>adoritur,</span> <span class='ocrx_word' id='word_1_31' title='bbox 1723 415 1856 456; x_wconf 82' lang='lat' dir='ltr'>maxi-</span> 
     </span>
     <span class='ocr_line' id='line_1_5' title="bbox 395 483 1857 538; baseline -0.001 -14"><span class='ocrx_word' id='word_1_32' title='bbox 395 497 548 536; x_wconf 87' lang='lat' dir='ltr'>maque</span> <span class='ocrx_word' id='word_1_33' title='bbox 568 484 682 525; x_wconf 86' lang='lat' dir='ltr'>inter</span> <span class='ocrx_word' id='word_1_34' title='bbox 702 484 885 524; x_wconf 78' lang='lat' dir='ltr'>maxime</span> <span class='ocrx_word' id='word_1_35' title='bbox 901 484 1069 538; x_wconf 89' lang='lat' dir='ltr'>propria</span> <span class='ocrx_word' id='word_1_36' title='bbox 1088 484 1311 537; x_wconf 90' lang='lat' dir='ltr'>utriusque</span> <span class='ocrx_word' id='word_1_37' title='bbox 1329 489 1613 538; x_wconf 68' lang='lat' dir='ltr'>symptomata</span> <span class='ocrx_word' id='word_1_38' title='bbox 1628 483 1857 524; x_wconf 78' lang='lat' dir='ltr'>intercedit</span> 
     </span>
     <span class='ocr_line' id='line_1_6' title="bbox 395 550 1855 605; baseline 0 -14"><span class='ocrx_word' id='word_1_39' title='bbox 395 552 605 604; x_wconf 82' lang='lat' dir='ltr'>cognatio,</span> <span class='ocrx_word' id='word_1_40' title='bbox 633 552 821 604; x_wconf 81' lang='lat' dir='ltr'>(excepta</span> <span class='ocrx_word' id='word_1_41' title='bbox 847 552 1101 592; x_wconf 83' lang='lat' dir='ltr'>variolarum</span> <span class='ocrx_word' id='word_1_42' title='bbox 1132 552 1367 605; x_wconf 85' lang='lat' dir='ltr'>eruptione,</span> <span class='ocrx_word' id='word_1_43' title='bbox 1390 557 1432 592; x_wconf 91' lang='lat' dir='ltr'>et</span> <span class='ocrx_word' id='word_1_44' title='bbox 1462 551 1635 605; x_wconf 87' lang='lat' dir='ltr'>reliquis</span> <span class='ocrx_word' id='word_1_45' title='bbox 1667 564 1774 604; x_wconf 88' lang='lat' dir='ltr'>quae</span> <span class='ocrx_word' id='word_1_46' title='bbox 1803 550 1855 591; x_wconf 90' lang='lat' dir='ltr'>ab</span> 
     </span>
     <span class='ocr_line' id='line_1_7' title="bbox 395 619 1855 673; baseline 0 -14"><span class='ocrx_word' id='word_1_47' title='bbox 395 619 468 659; x_wconf 90' lang='lat' dir='ltr'>illa</span> <span class='ocrx_word' id='word_1_48' title='bbox 486 619 706 673; x_wconf 87' lang='lat' dir='ltr'>pendent,)</span> <span class='ocrx_word' id='word_1_49' title='bbox 731 623 780 659; x_wconf 88' lang='lat' dir='ltr'>ut</span> <span class='ocrx_word' id='word_1_50' title='bbox 812 633 862 659; x_wconf 84' lang='lat' dir='ltr'>ex</span> <span class='ocrx_word' id='word_1_51' title='bbox 895 619 1062 672; x_wconf 84' lang='lat' dir='ltr'>ingenti</span> <span class='ocrx_word' id='word_1_52' title='bbox 1084 619 1156 659; x_wconf 86' lang='lat' dir='ltr'>illa</span> <span class='ocrx_word' id='word_1_53' title='bbox 1185 624 1279 659; x_wconf 91' lang='lat' dir='ltr'>tum</span> <span class='ocrx_word' id='word_1_54' title='bbox 1312 620 1365 660; x_wconf 87' lang='lat' dir='ltr'>ad</span> <span class='ocrx_word' id='word_1_55' title='bbox 1397 624 1652 672; x_wconf 82' lang='lat' dir='ltr'>spontaneos</span> <span class='ocrx_word' id='word_1_56' title='bbox 1681 619 1855 659; x_wconf 89' lang='lat' dir='ltr'>sudores</span> 
     </span>
     <span class='ocr_line' id='line_1_8' title="bbox 393 686 1855 740; baseline 0 -14"><span class='ocrx_word' id='word_1_57' title='bbox 393 690 488 726; x_wconf 91' lang='lat' dir='ltr'>tum</span> <span class='ocrx_word' id='word_1_58' title='bbox 524 686 578 726; x_wconf 89' lang='lat' dir='ltr'>ad</span> <span class='ocrx_word' id='word_1_59' title='bbox 614 686 786 726; x_wconf 83' lang='lat' dir='ltr'>salivam</span> <span class='ocrx_word' id='word_1_60' title='bbox 820 687 1128 727; x_wconf 76' lang='lat' dir='ltr'>excernendam</span> <span class='ocrx_word' id='word_1_61' title='bbox 1164 687 1458 740; x_wconf 85' lang='lat' dir='ltr'>propensione,</span> <span class='ocrx_word' id='word_1_62' title='bbox 1486 687 1533 726; x_wconf 91' lang='lat' dir='ltr'>in</span> <span class='ocrx_word' id='word_1_63' title='bbox 1570 700 1653 740; x_wconf 90' lang='lat' dir='ltr'>qua</span> <span class='ocrx_word' id='word_1_64' title='bbox 1683 686 1855 739; x_wconf 89' lang='lat' dir='ltr'>utrique</span> 
     </span>
     <span class='ocr_line' id='line_1_9' title="bbox 393 753 1854 808; baseline 0.001 -15"><span class='ocrx_word' id='word_1_65' title='bbox 393 754 602 804; x_wconf 87' lang='lat' dir='ltr'>convenit,</span> <span class='ocrx_word' id='word_1_66' title='bbox 638 753 807 794; x_wconf 88' lang='lat' dir='ltr'>abunde</span> <span class='ocrx_word' id='word_1_67' title='bbox 843 759 1022 795; x_wconf 89' lang='lat' dir='ltr'>constat.</span> <span class='ocrx_word' id='word_1_68' title='bbox 1084 755 1262 804; x_wconf 83' lang='lat' dir='ltr'>Pariter,</span> <span class='ocrx_word' id='word_1_69' title='bbox 1301 769 1398 794; x_wconf 89' lang='lat' dir='ltr'>cum</span> <span class='ocrx_word' id='word_1_70' title='bbox 1433 754 1699 808; x_wconf 72' lang='lat' dir='ltr'>dysenteriae</span> <span class='ocrx_word' id='word_1_71' title='bbox 1741 754 1854 795; x_wconf 85' lang='lat' dir='ltr'>dicto</span> 
     </span>
     <span class='ocr_line' id='line_1_10' title="bbox 391 821 1854 875; baseline 0 -13"><span class='ocrx_word' id='word_1_72' title='bbox 391 827 581 874; x_wconf 89' lang='lat' dir='ltr'>tempore</span> <span class='ocrx_word' id='word_1_73' title='bbox 602 821 825 875; x_wconf 81' lang='lat' dir='ltr'>praecipue</span> <span class='ocrx_word' id='word_1_74' title='bbox 846 822 1006 862; x_wconf 89' lang='lat' dir='ltr'>fuerint</span> <span class='ocrx_word' id='word_1_75' title='bbox 1035 827 1262 875; x_wconf 85' lang='lat' dir='ltr'>grassatae,</span> <span class='ocrx_word' id='word_1_76' title='bbox 1284 822 1413 862; x_wconf 88' lang='lat' dir='ltr'>febris</span> <span class='ocrx_word' id='word_1_77' title='bbox 1446 836 1553 875; x_wconf 89' lang='lat' dir='ltr'>quae</span> <span class='ocrx_word' id='word_1_78' title='bbox 1575 835 1624 863; x_wconf 91' lang='lat' dir='ltr'>eo</span> <span class='ocrx_word' id='word_1_79' title='bbox 1655 836 1768 863; x_wconf 89' lang='lat' dir='ltr'>anno</span> <span class='ocrx_word' id='word_1_80' title='bbox 1789 821 1854 862; x_wconf 92' lang='lat' dir='ltr'>in-</span> 
     </span>
     <span class='ocr_line' id='line_1_11' title="bbox 391 888 1855 943; baseline 0.001 -15"><span class='ocrx_word' id='word_1_81' title='bbox 391 889 531 938; x_wconf 87' lang='lat' dir='ltr'>festat,</span> <span class='ocrx_word' id='word_1_82' title='bbox 564 888 795 929; x_wconf 86' lang='lat' dir='ltr'>earundem</span> <span class='ocrx_word' id='word_1_83' title='bbox 825 889 1014 929; x_wconf 84' lang='lat' dir='ltr'>indolem</span> <span class='ocrx_word' id='word_1_84' title='bbox 1043 904 1130 930; x_wconf 89' lang='lat' dir='ltr'>non</span> <span class='ocrx_word' id='word_1_85' title='bbox 1157 889 1306 930; x_wconf 68' lang='lat' dir='ltr'>lexiter</span> <span class='ocrx_word' id='word_1_86' title='bbox 1334 890 1585 940; x_wconf 89' lang='lat' dir='ltr'>aemulatur,</span> <span class='ocrx_word' id='word_1_87' title='bbox 1613 889 1710 942; x_wconf 88' lang='lat' dir='ltr'>(nisi</span> <span class='ocrx_word' id='word_1_88' title='bbox 1741 890 1855 943; x_wconf 90' lang='lat' dir='ltr'>quod</span> 
     </span>
     <span class='ocr_line' id='line_1_12' title="bbox 391 955 1855 1011; baseline 0.001 -15"><span class='ocrx_word' id='word_1_89' title='bbox 391 956 487 996; x_wconf 83' lang='lat' dir='ltr'>illae</span> <span class='ocrx_word' id='word_1_90' title='bbox 518 970 688 996; x_wconf 86' lang='lat' dir='ltr'>causam</span> <span class='ocrx_word' id='word_1_91' title='bbox 718 955 982 996; x_wconf 90' lang='lat' dir='ltr'>morbificam</span> <span class='ocrx_word' id='word_1_92' title='bbox 1012 971 1087 1010; x_wconf 92' lang='lat' dir='ltr'>per</span> <span class='ocrx_word' id='word_1_93' title='bbox 1118 957 1237 997; x_wconf 87' lang='lat' dir='ltr'>sedes</span> <span class='ocrx_word' id='word_1_94' title='bbox 1263 957 1499 1007; x_wconf 84' lang='lat' dir='ltr'>eliminent,</span> <span class='ocrx_word' id='word_1_95' title='bbox 1532 962 1575 998; x_wconf 90' lang='lat' dir='ltr'>et</span> <span class='ocrx_word' id='word_1_96' title='bbox 1602 971 1738 1011; x_wconf 89' lang='lat' dir='ltr'>pauca</span> <span class='ocrx_word' id='word_1_97' title='bbox 1772 957 1855 998; x_wconf 91' lang='lat' dir='ltr'>alia</span> 
     </span>
     <span class='ocr_line' id='line_1_13' title="bbox 392 1024 1853 1079; baseline 0.001 -15"><span class='ocrx_word' id='word_1_98' title='bbox 392 1024 543 1064; x_wconf 75' lang='lat' dir='ltr'>exinde</span> <span class='ocrx_word' id='word_1_99' title='bbox 572 1028 805 1064; x_wconf 86' lang='lat' dir='ltr'>nascantur</span> <span class='ocrx_word' id='word_1_100' title='bbox 833 1027 1147 1078; x_wconf 83' lang='lat' dir='ltr'>symptomata,)</span> <span class='ocrx_word' id='word_1_101' title='bbox 1184 1025 1297 1079; x_wconf 89' lang='lat' dir='ltr'>quod</span> <span class='ocrx_word' id='word_1_102' title='bbox 1327 1030 1421 1066; x_wconf 88' lang='lat' dir='ltr'>tum</span> <span class='ocrx_word' id='word_1_103' title='bbox 1454 1041 1477 1066; x_wconf 91' lang='lat' dir='ltr'>a</span> <span class='ocrx_word' id='word_1_104' title='bbox 1508 1026 1717 1066; x_wconf 81' lang='lat' dir='ltr'>consimili</span> <span class='ocrx_word' id='word_1_105' title='bbox 1746 1026 1853 1066; x_wconf 85' lang='lat' dir='ltr'>utri-</span> 
     </span>
     <span class='ocr_line' id='line_1_14' title="bbox 390 1091 1854 1147; baseline 0.002 -16"><span class='ocrx_word' id='word_1_106' title='bbox 390 1105 524 1145; x_wconf 90' lang='lat' dir='ltr'>usque</span> <span class='ocrx_word' id='word_1_107' title='bbox 549 1091 687 1132; x_wconf 84' lang='lat' dir='ltr'>morbi</span> <span class='ocrx_word' id='word_1_108' title='bbox 712 1092 890 1142; x_wconf 86' lang='lat' dir='ltr'>insultu,</span> <span class='ocrx_word' id='word_1_109' title='bbox 911 1097 1006 1132; x_wconf 89' lang='lat' dir='ltr'>tum</span> <span class='ocrx_word' id='word_1_110' title='bbox 1035 1093 1164 1133; x_wconf 88' lang='lat' dir='ltr'>etiam</span> <span class='ocrx_word' id='word_1_111' title='bbox 1187 1093 1299 1146; x_wconf 92' lang='lat' dir='ltr'>quod</span> <span class='ocrx_word' id='word_1_112' title='bbox 1320 1098 1501 1147; x_wconf 88' lang='lat' dir='ltr'>utroque</span> <span class='ocrx_word' id='word_1_113' title='bbox 1530 1093 1644 1134; x_wconf 86' lang='lat' dir='ltr'>malo</span> <span class='ocrx_word' id='word_1_114' title='bbox 1672 1093 1854 1147; x_wconf 88' lang='lat' dir='ltr'>correpti</span> 
     </span>
     <span class='ocr_line' id='line_1_15' title="bbox 390 1159 1852 1215; baseline 0.001 -16"><span class='ocrx_word' id='word_1_115' title='bbox 390 1159 560 1213; x_wconf 88' lang='lat' dir='ltr'>aphthis</span> <span class='ocrx_word' id='word_1_116' title='bbox 592 1159 884 1213; x_wconf 76' lang='lat' dir='ltr'>similibusque</span> <span class='ocrx_word' id='word_1_117' title='bbox 913 1160 1094 1201; x_wconf 69' lang='lat' dir='ltr'>inxicem</span> <span class='ocrx_word' id='word_1_118' title='bbox 1127 1161 1482 1215; x_wconf 86' lang='lat' dir='ltr'>symptomatibus</span> <span class='ocrx_word' id='word_1_119' title='bbox 1505 1161 1735 1202; x_wconf 87' lang='lat' dir='ltr'>admodum</span> <span class='ocrx_word' id='word_1_120' title='bbox 1766 1161 1852 1202; x_wconf 85' lang='lat' dir='ltr'>sint</span> 
     </span>
     <span class='ocr_line' id='line_1_16' title="bbox 390 1227 1851 1283; baseline 0.001 -16"><span class='ocrx_word' id='word_1_121' title='bbox 390 1227 573 1278; x_wconf 79' lang='lat' dir='ltr'>obnoxii,</span> <span class='ocrx_word' id='word_1_122' title='bbox 602 1228 702 1268; x_wconf 88' lang='lat' dir='ltr'>satis</span> <span class='ocrx_word' id='word_1_123' title='bbox 729 1227 948 1268; x_wconf 73' lang='lat' dir='ltr'>evincitur.</span> <span class='ocrx_word' id='word_1_124' title='bbox 1010 1229 1066 1269; x_wconf 80' lang='lat' dir='ltr'>Et</span> <span class='ocrx_word' id='word_1_125' title='bbox 1098 1243 1199 1269; x_wconf 88' lang='lat' dir='ltr'>sane</span> <span class='ocrx_word' id='word_1_126' title='bbox 1231 1229 1473 1283; x_wconf 75' lang='lat' dir='ltr'>dysenteria</span> <span class='ocrx_word' id='word_1_127' title='bbox 1501 1229 1553 1270; x_wconf 93' lang='lat' dir='ltr'>de</span> <span class='ocrx_word' id='word_1_128' title='bbox 1583 1243 1666 1282; x_wconf 91' lang='lat' dir='ltr'>qua</span> <span class='ocrx_word' id='word_1_129' title='bbox 1696 1229 1851 1282; x_wconf 88' lang='lat' dir='ltr'>agitur,</span> 
     </span>
     <span class='ocr_line' id='line_1_17' title="bbox 389 1295 1851 1351; baseline 0.002 -16"><span class='ocrx_word' id='word_1_130' title='bbox 389 1295 599 1349; x_wconf 88' lang='lat' dir='ltr'>ipsissima</span> <span class='ocrx_word' id='word_1_131' title='bbox 618 1296 691 1336; x_wconf 85' lang='lat' dir='ltr'>illa</span> <span class='ocrx_word' id='word_1_132' title='bbox 718 1296 846 1336; x_wconf 88' lang='lat' dir='ltr'>febris</span> <span class='ocrx_word' id='word_1_133' title='bbox 868 1301 930 1336; x_wconf 88' lang='lat' dir='ltr'>est</span> <span class='ocrx_word' id='word_1_134' title='bbox 944 1313 956 1346; x_wconf 78' lang='lat'><em>3</em></span> <span class='ocrx_word' id='word_1_135' title='bbox 988 1296 1068 1337; x_wconf 91' lang='lat' dir='ltr'>hoc</span> <span class='ocrx_word' id='word_1_136' title='bbox 1098 1301 1271 1337; x_wconf 88' lang='lat' dir='ltr'>tantum</span> <span class='ocrx_word' id='word_1_137' title='bbox 1303 1297 1559 1347; x_wconf 87' lang='lat' dir='ltr'>discrimine,</span> <span class='ocrx_word' id='word_1_138' title='bbox 1583 1297 1697 1351; x_wconf 91' lang='lat' dir='ltr'>quod</span> <span class='ocrx_word' id='word_1_139' title='bbox 1717 1297 1851 1338; x_wconf 87' lang='lat' dir='ltr'>intro-</span> 
     </span>
     <span class='ocr_line' id='line_1_18' title="bbox 388 1364 1852 1418; baseline 0.001 -15"><span class='ocrx_word' id='word_1_140' title='bbox 388 1368 591 1414; x_wconf 77' lang='lat' dir='ltr'>vertatur,</span> <span class='ocrx_word' id='word_1_141' title='bbox 620 1368 662 1404; x_wconf 89' lang='lat' dir='ltr'>et</span> <span class='ocrx_word' id='word_1_142' title='bbox 691 1364 738 1404; x_wconf 90' lang='lat' dir='ltr'>in</span> <span class='ocrx_word' id='word_1_143' title='bbox 766 1364 971 1404; x_wconf 88' lang='lat' dir='ltr'>intestina</span> <span class='ocrx_word' id='word_1_144' title='bbox 998 1379 1043 1405; x_wconf 89' lang='lat' dir='ltr'>se</span> <span class='ocrx_word' id='word_1_145' title='bbox 1074 1378 1308 1405; x_wconf 79' lang='lat' dir='ltr'>exonerans</span> <span class='ocrx_word' id='word_1_146' title='bbox 1338 1379 1414 1418; x_wconf 85' lang='lat' dir='ltr'>per</span> <span class='ocrx_word' id='word_1_147' title='bbox 1444 1364 1593 1405; x_wconf 89' lang='lat' dir='ltr'>eadem</span> <span class='ocrx_word' id='word_1_148' title='bbox 1624 1364 1736 1405; x_wconf 76' lang='lat' dir='ltr'>viam</span> <span class='ocrx_word' id='word_1_149' title='bbox 1771 1364 1852 1406; x_wconf 87' lang='lat' dir='ltr'>sibi</span> 
     </span>
     <span class='ocr_line' id='line_1_19' title="bbox 191 1431 1851 1488; baseline 0.004 -20"><span class='ocrx_word' id='word_1_150' title='bbox 191 1448 252 1476; x_wconf 75' lang='lat' dir='ltr'>quo</span> <span class='ocrx_word' id='word_1_151' title='bbox 270 1439 308 1487; x_wconf 51' lang='lat' dir='ltr'>ab</span> <span class='ocrx_word' id='word_1_152' title='bbox 348 1483 354 1488; x_wconf 31' lang='grc' dir='ltr'><em>Π</em></span> <span class='ocrx_word' id='word_1_153' title='bbox 388 1431 527 1471; x_wconf 88' lang='lat' dir='ltr'>faciat.</span> <span class='ocrx_word' id='word_1_154' title='bbox 602 1431 710 1485; x_wconf 76' lang='lat'><em>[17.]</em></span> <span class='ocrx_word' id='word_1_155' title='bbox 762 1432 1017 1472; x_wconf 87' lang='lat' dir='ltr'>Notandum</span> <span class='ocrx_word' id='word_1_156' title='bbox 1053 1438 1198 1473; x_wconf 91' lang='lat' dir='ltr'>autem</span> <span class='ocrx_word' id='word_1_157' title='bbox 1239 1438 1302 1473; x_wconf 89' lang='lat' dir='ltr'>est</span> <span class='ocrx_word' id='word_1_158' title='bbox 1343 1432 1689 1486; x_wconf 89' lang='lat' dir='ltr'>Epidemicorum</span> <span class='ocrx_word' id='word_1_159' title='bbox 1728 1433 1851 1474; x_wconf 88' lang='lat' dir='ltr'>illum</span> 
     </span>
     <span class='ocr_line' id='line_1_20' title="bbox 185 1480 1851 1555; baseline 0.002 -16"><span class='ocrx_word' id='word_1_160' title='bbox 185 1480 371 1520; x_wconf 52' lang='lat' dir='ltr'>hyemssfn’</span> <span class='ocrx_word' id='word_1_161' title='bbox 387 1499 634 1553; x_wconf 91' lang='lat' dir='ltr'>principem,</span> <span class='ocrx_word' id='word_1_162' title='bbox 658 1500 729 1553; x_wconf 87' lang='lat' dir='ltr'>qui</span> <span class='ocrx_word' id='word_1_163' title='bbox 755 1500 832 1540; x_wconf 91' lang='lat' dir='ltr'>sub</span> <span class='ocrx_word' id='word_1_164' title='bbox 865 1501 1132 1553; x_wconf 89' lang='lat' dir='ltr'>aequinoctio</span> <span class='ocrx_word' id='word_1_165' title='bbox 1160 1501 1412 1551; x_wconf 86' lang='lat' dir='ltr'>autumnali,</span> <span class='ocrx_word' id='word_1_166' title='bbox 1436 1515 1514 1541; x_wconf 91' lang='lat' dir='ltr'>ceu</span> <span class='ocrx_word' id='word_1_167' title='bbox 1540 1506 1667 1555; x_wconf 89' lang='lat' dir='ltr'>rupto</span> <span class='ocrx_word' id='word_1_168' title='bbox 1697 1515 1851 1554; x_wconf 85' lang='lat' dir='ltr'>aggere</span> 
     </span>
    </p>
   </div>
   <div class='ocr_carea' id='block_1_3' title="bbox 185 1533 1849 1628">
    <p class='ocr_par' dir='ltr' id='par_1_3' title="bbox 185 1533 1849 1628">
     <span class='ocr_line' id='line_1_21' title="bbox 185 1533 358 1563; baseline 0.017 -12"><span class='ocrx_word' id='word_1_169' title='bbox 185 1533 259 1561; x_wconf 75' lang='lat' dir='ltr'>gore</span> <span class='ocrx_word' id='word_1_170' title='bbox 272 1535 358 1563; x_wconf 87' lang='lat' dir='ltr'>pres—</span> 
     </span>
     <span class='ocr_line' id='line_1_22' title="bbox 186 1566 1849 1628; baseline 0.002 -16"><span class='ocrx_word' id='word_1_171' title='bbox 186 1566 368 1600; x_wconf 59' lang='lat' dir='ltr'>⁵⁰³i¹¹f⁰s³ffi</span> <span class='ocrx_word' id='word_1_172' title='bbox 387 1577 566 1623; x_wconf 87' lang='lat' dir='ltr'>torrens,</span> <span class='ocrx_word' id='word_1_173' title='bbox 584 1573 727 1613; x_wconf 89' lang='lat' dir='ltr'>omnia</span> <span class='ocrx_word' id='word_1_174' title='bbox 748 1577 964 1624; x_wconf 80' lang='lat' dir='ltr'>straverat,</span> <span class='ocrx_word' id='word_1_175' title='bbox 982 1574 1211 1627; x_wconf 86' lang='lat' dir='ltr'>ingruente</span> <span class='ocrx_word' id='word_1_176' title='bbox 1231 1574 1397 1628; x_wconf 84' lang='lat' dir='ltr'>hyemis</span> <span class='ocrx_word' id='word_1_177' title='bbox 1411 1575 1567 1628; x_wconf 87' lang='lat' dir='ltr'>frigore</span> <span class='ocrx_word' id='word_1_178' title='bbox 1587 1575 1703 1615; x_wconf 88' lang='lat' dir='ltr'>intra</span> <span class='ocrx_word' id='word_1_179' title='bbox 1724 1589 1849 1615; x_wconf 91' lang='lat' dir='ltr'>suum</span> 
     </span>
    </p>
   </div>
   <div class='ocr_carea' id='block_1_4' title="bbox 184 1609 1848 2909">
    <p class='ocr_par' dir='ltr' id='par_1_4' title="bbox 185 1609 1846 1696">
     <span class='ocr_line' id='line_1_23' title="bbox 185 1609 1846 1696; baseline 0.003 -17"><span class='ocrx_word' id='word_1_180' title='bbox 185 1609 369 1690; x_wconf 45' lang='lat' dir='ltr'>libpillrgllll}</span> <span class='ocrx_word' id='word_1_181' title='bbox 389 1654 432 1681; x_wconf 86' lang='lat' dir='ltr'>se</span> <span class='ocrx_word' id='word_1_182' title='bbox 473 1641 638 1681; x_wconf 79' lang='lat' dir='ltr'>alveum</span> <span class='ocrx_word' id='word_1_183' title='bbox 679 1641 886 1691; x_wconf 80' lang='lat' dir='ltr'>condere3</span> <span class='ocrx_word' id='word_1_184' title='bbox 920 1656 1017 1682; x_wconf 92' lang='lat' dir='ltr'>cum</span> <span class='ocrx_word' id='word_1_185' title='bbox 1059 1655 1109 1681; x_wconf 82' lang='lat' dir='ltr'>ex</span> <span class='ocrx_word' id='word_1_186' title='bbox 1150 1642 1323 1682; x_wconf 77' lang='lat' dir='ltr'>adverso</span> <span class='ocrx_word' id='word_1_187' title='bbox 1358 1642 1595 1696; x_wconf 88' lang='lat' dir='ltr'>Epidemici</span> <span class='ocrx_word' id='word_1_188' title='bbox 1635 1643 1846 1684; x_wconf 88' lang='lat' dir='ltr'>inferioris</span> 
     </span>
    </p>

    <p class='ocr_par' dir='ltr' id='par_1_5' title="bbox 184 1694 1848 1896">
     <span class='ocr_line' id='line_1_24' title="bbox 184 1694 1848 1763; baseline 0.002 -16"><span class='ocrx_word' id='word_1_189' title='bbox 184 1703 216 1722; x_wconf 61' lang='lat'>⁵⁶³</span> <span class='ocrx_word' id='word_1_190' title='bbox 227 1694 368 1725; x_wconf 83' lang='lat' dir='ltr'>efferunt.</span> <span class='ocrx_word' id='word_1_191' title='bbox 387 1707 559 1758; x_wconf 88' lang='lat' dir='ltr'>ordinis,</span> <span class='ocrx_word' id='word_1_192' title='bbox 587 1708 659 1761; x_wconf 92' lang='lat' dir='ltr'>qui</span> <span class='ocrx_word' id='word_1_193' title='bbox 690 1708 768 1748; x_wconf 92' lang='lat' dir='ltr'>sub</span> <span class='ocrx_word' id='word_1_194' title='bbox 801 1722 849 1749; x_wconf 90' lang='lat' dir='ltr'>eo</span> <span class='ocrx_word' id='word_1_195' title='bbox 880 1713 1110 1759; x_wconf 86' lang='lat' dir='ltr'>merentur,</span> <span class='ocrx_word' id='word_1_196' title='bbox 1142 1713 1247 1749; x_wconf 90' lang='lat' dir='ltr'>tunc</span> <span class='ocrx_word' id='word_1_197' title='bbox 1278 1709 1481 1762; x_wconf 85' lang='lat' dir='ltr'>temporis</span> <span class='ocrx_word' id='word_1_198' title='bbox 1510 1710 1759 1763; x_wconf 86' lang='lat' dir='ltr'>praesertim</span> <span class='ocrx_word' id='word_1_199' title='bbox 1782 1710 1848 1750; x_wconf 89' lang='lat' dir='ltr'>in-</span> 
     </span>
     <span class='ocr_line' id='line_1_25' title="bbox 387 1777 1848 1832; baseline 0.003 -18"><span class='ocrx_word' id='word_1_200' title='bbox 387 1780 635 1828; x_wconf 81' lang='lat' dir='ltr'>gravescant</span> <span class='ocrx_word' id='word_1_201' title='bbox 672 1780 712 1815; x_wconf 87' lang='lat' dir='ltr'>et</span> <span class='ocrx_word' id='word_1_202' title='bbox 742 1789 885 1815; x_wconf 87' lang='lat' dir='ltr'>rerum</span> <span class='ocrx_word' id='word_1_203' title='bbox 917 1777 1150 1829; x_wconf 89' lang='lat' dir='ltr'>potiantur,</span> <span class='ocrx_word' id='word_1_204' title='bbox 1180 1777 1314 1817; x_wconf 90' lang='lat' dir='ltr'>donec</span> <span class='ocrx_word' id='word_1_205' title='bbox 1343 1777 1481 1817; x_wconf 90' lang='lat' dir='ltr'>dictus</span> <span class='ocrx_word' id='word_1_206' title='bbox 1519 1778 1621 1818; x_wconf 84' lang='lat' dir='ltr'>anm&#39;</span> <span class='ocrx_word' id='word_1_207' title='bbox 1653 1778 1848 1832; x_wconf 87' lang='lat' dir='ltr'>princeps</span> 
     </span>
     <span class='ocr_line' id='line_1_26' title="bbox 387 1843 1432 1896; baseline 0.002 -13"><span class='ocrx_word' id='word_1_208' title='bbox 387 1856 534 1883; x_wconf 88' lang='lat' dir='ltr'>eorum</span> <span class='ocrx_word' id='word_1_209' title='bbox 555 1843 662 1883; x_wconf 69' lang='lat' dir='ltr'>vires</span> <span class='ocrx_word' id='word_1_210' title='bbox 683 1843 824 1884; x_wconf 88' lang='lat' dir='ltr'>denuo</span> <span class='ocrx_word' id='word_1_211' title='bbox 846 1843 1015 1896; x_wconf 85' lang='lat' dir='ltr'>frangat</span> <span class='ocrx_word' id='word_1_212' title='bbox 1037 1849 1079 1884; x_wconf 87' lang='lat' dir='ltr'>et</span> <span class='ocrx_word' id='word_1_213' title='bbox 1102 1844 1239 1884; x_wconf 88' lang='lat' dir='ltr'>deleat</span> <span class='ocrx_word' id='word_1_214' title='bbox 1261 1858 1432 1885; x_wconf 88' lang='lat' dir='ltr'>nomen.</span> 
     </span>
    </p>

    <p class='ocr_par' dir='ltr' id='par_1_6' title="bbox 383 1911 1847 2909">
     <span class='ocr_line' id='line_1_27' title="bbox 463 1911 1847 1966; baseline 0.003 -16"><span class='ocrx_word' id='word_1_215' title='bbox 463 1911 571 1965; x_wconf 84' lang='lat'>[18.]</span> <span class='ocrx_word' id='word_1_216' title='bbox 629 1912 850 1951; x_wconf 88' lang='lat' dir='ltr'>Postremo</span> <span class='ocrx_word' id='word_1_217' title='bbox 901 1911 1214 1952; x_wconf 86' lang='lat' dir='ltr'>observandum</span> <span class='ocrx_word' id='word_1_218' title='bbox 1265 1917 1328 1953; x_wconf 86' lang='lat' dir='ltr'>est</span> <span class='ocrx_word' id='word_1_219' title='bbox 1379 1912 1544 1966; x_wconf 91' lang='lat' dir='ltr'>quoties</span> <span class='ocrx_word' id='word_1_220' title='bbox 1595 1913 1847 1954; x_wconf 88' lang='lat' dir='ltr'>constitutio</span> 
     </span>
     <span class='ocr_line' id='line_1_28' title="bbox 386 1979 1845 2035; baseline 0.003 -17"><span class='ocrx_word' id='word_1_221' title='bbox 386 1979 526 2032; x_wconf 90' lang='lat' dir='ltr'>aliqua</span> <span class='ocrx_word' id='word_1_222' title='bbox 542 1979 675 2019; x_wconf 77' lang='lat' dir='ltr'>varias</span> <span class='ocrx_word' id='word_1_223' title='bbox 692 1979 1034 2032; x_wconf 88' lang='lat' dir='ltr'>Epidemicorum</span> <span class='ocrx_word' id='word_1_224' title='bbox 1056 1980 1213 2034; x_wconf 87' lang='lat' dir='ltr'>species</span> <span class='ocrx_word' id='word_1_225' title='bbox 1235 1981 1358 2033; x_wconf 86' lang='lat' dir='ltr'>parit,</span> <span class='ocrx_word' id='word_1_226' title='bbox 1377 1981 1566 2034; x_wconf 88' lang='lat' dir='ltr'>singulas</span> <span class='ocrx_word' id='word_1_227' title='bbox 1586 1981 1663 2021; x_wconf 88' lang='lat' dir='ltr'>has</span> <span class='ocrx_word' id='word_1_228' title='bbox 1686 1981 1845 2035; x_wconf 88' lang='lat' dir='ltr'>species</span> 
     </span>
     <span class='ocr_line' id='line_1_29' title="bbox 388 2047 1847 2102; baseline 0.002 -15"><span class='ocrx_word' id='word_1_229' title='bbox 388 2060 544 2100; x_wconf 86' lang='lat' dir='ltr'>genere</span> <span class='ocrx_word' id='word_1_230' title='bbox 565 2047 617 2088; x_wconf 86' lang='lat' dir='ltr'>ab</span> <span class='ocrx_word' id='word_1_231' title='bbox 648 2048 730 2087; x_wconf 87' lang='lat' dir='ltr'>illis</span> <span class='ocrx_word' id='word_1_232' title='bbox 757 2047 924 2088; x_wconf 87' lang='lat' dir='ltr'>differre</span> <span class='ocrx_word' id='word_1_233' title='bbox 940 2065 950 2097; x_wconf 88' lang='lat'>;</span> <span class='ocrx_word' id='word_1_234' title='bbox 983 2062 1090 2101; x_wconf 86' lang='lat' dir='ltr'>quac</span> <span class='ocrx_word' id='word_1_235' title='bbox 1121 2062 1220 2088; x_wconf 92' lang='lat' dir='ltr'>cum</span> <span class='ocrx_word' id='word_1_236' title='bbox 1246 2048 1361 2089; x_wconf 90' lang='lat' dir='ltr'>idem</span> <span class='ocrx_word' id='word_1_237' title='bbox 1391 2049 1516 2102; x_wconf 91' lang='lat' dir='ltr'>plane</span> <span class='ocrx_word' id='word_1_238' title='bbox 1538 2063 1696 2090; x_wconf 89' lang='lat' dir='ltr'>nomen</span> <span class='ocrx_word' id='word_1_239' title='bbox 1724 2049 1847 2091; x_wconf 89' lang='lat' dir='ltr'>sorti-</span> 
     </span>
     <span class='ocr_line' id='line_1_30' title="bbox 385 2115 1846 2171; baseline 0.003 -17"><span class='ocrx_word' id='word_1_240' title='bbox 385 2119 526 2165; x_wconf 84' lang='lat' dir='ltr'>antur,</span> <span class='ocrx_word' id='word_1_241' title='bbox 564 2115 643 2155; x_wconf 80' lang='lat' dir='ltr'>ah&#39;a</span> <span class='ocrx_word' id='word_1_242' title='bbox 683 2120 830 2155; x_wconf 88' lang='lat' dir='ltr'>tamen</span> <span class='ocrx_word' id='word_1_243' title='bbox 865 2116 1171 2157; x_wconf 85' lang='lat' dir='ltr'>constitutione</span> <span class='ocrx_word' id='word_1_244' title='bbox 1212 2122 1484 2169; x_wconf 89' lang='lat' dir='ltr'>generentur.</span> <span class='ocrx_word' id='word_1_245' title='bbox 1558 2117 1846 2171; x_wconf 80' lang='lat' dir='ltr'>Quotcunque</span> 
     </span>
     <span class='ocr_line' id='line_1_31' title="bbox 386 2182 1846 2238; baseline 0.003 -16"><span class='ocrx_word' id='word_1_246' title='bbox 386 2182 472 2222; x_wconf 90' lang='lat' dir='ltr'>sint</span> <span class='ocrx_word' id='word_1_247' title='bbox 504 2188 648 2223; x_wconf 87' lang='lat' dir='ltr'>autem</span> <span class='ocrx_word' id='word_1_248' title='bbox 683 2183 840 2236; x_wconf 86' lang='lat' dir='ltr'>species</span> <span class='ocrx_word' id='word_1_249' title='bbox 875 2183 972 2224; x_wconf 88' lang='lat' dir='ltr'>illae</span> <span class='ocrx_word' id='word_1_250' title='bbox 1007 2184 1239 2237; x_wconf 88' lang='lat' dir='ltr'>peculiares</span> <span class='ocrx_word' id='word_1_251' title='bbox 1272 2198 1378 2238; x_wconf 89' lang='lat' dir='ltr'>quae</span> <span class='ocrx_word' id='word_1_252' title='bbox 1418 2185 1465 2224; x_wconf 91' lang='lat' dir='ltr'>in</span> <span class='ocrx_word' id='word_1_253' title='bbox 1493 2199 1582 2225; x_wconf 88' lang='lat' dir='ltr'>una</span> <span class='ocrx_word' id='word_1_254' title='bbox 1612 2184 1846 2238; x_wconf 86' lang='lat' dir='ltr'>eademque</span> 
     </span>
     <span class='ocr_line' id='line_1_32' title="bbox 385 2250 1847 2305; baseline 0.002 -16"><span class='ocrx_word' id='word_1_255' title='bbox 385 2250 690 2291; x_wconf 87' lang='lat' dir='ltr'>constitutione</span> <span class='ocrx_word' id='word_1_256' title='bbox 711 2250 932 2302; x_wconf 86' lang='lat' dir='ltr'>invadunt,</span> <span class='ocrx_word' id='word_1_257' title='bbox 954 2251 999 2291; x_wconf 90' lang='lat' dir='ltr'>in</span> <span class='ocrx_word' id='word_1_258' title='bbox 1019 2252 1237 2292; x_wconf 82' lang='lat' dir='ltr'>communi</span> <span class='ocrx_word' id='word_1_259' title='bbox 1257 2266 1344 2292; x_wconf 88' lang='lat' dir='ltr'>una</span> <span class='ocrx_word' id='word_1_260' title='bbox 1365 2257 1491 2305; x_wconf 89' lang='lat' dir='ltr'>atque</span> <span class='ocrx_word' id='word_1_261' title='bbox 1513 2252 1699 2305; x_wconf 88' lang='lat' dir='ltr'>generali</span> <span class='ocrx_word' id='word_1_262' title='bbox 1720 2266 1847 2293; x_wconf 90' lang='lat' dir='ltr'>causa</span> 
     </span>
     <span class='ocr_line' id='line_1_33' title="bbox 384 2316 1845 2371; baseline 0.003 -16"><span class='ocrx_word' id='word_1_263' title='bbox 384 2316 649 2369; x_wconf 85' lang='lat' dir='ltr'>singularum</span> <span class='ocrx_word' id='word_1_264' title='bbox 679 2318 944 2371; x_wconf 86' lang='lat' dir='ltr'>productrice</span> <span class='ocrx_word' id='word_1_265' title='bbox 980 2333 1126 2360; x_wconf 91' lang='lat' dir='ltr'>omnes</span> <span class='ocrx_word' id='word_1_266' title='bbox 1160 2319 1432 2369; x_wconf 85' lang='lat' dir='ltr'>conveniunt,</span> <span class='ocrx_word' id='word_1_267' title='bbox 1463 2319 1543 2360; x_wconf 90' lang='lat' dir='ltr'>hac</span> <span class='ocrx_word' id='word_1_268' title='bbox 1580 2319 1738 2360; x_wconf 84' lang='lat' dir='ltr'>scilicet</span> <span class='ocrx_word' id='word_1_269' title='bbox 1770 2324 1845 2360; x_wconf 84' lang='lat' dir='ltr'>aut</span> 
     </span>
     <span class='ocr_line' id='line_1_34' title="bbox 383 2384 1845 2440; baseline 0.003 -17"><span class='ocrx_word' id='word_1_270' title='bbox 383 2384 465 2424; x_wconf 87' lang='lat' dir='ltr'>alia</span> <span class='ocrx_word' id='word_1_271' title='bbox 487 2385 595 2425; x_wconf 75' lang='lat' dir='ltr'>a&#39;eris</span> <span class='ocrx_word' id='word_1_272' title='bbox 618 2385 798 2426; x_wconf 75' lang='lat' dir='ltr'>diathesi</span> <span class='ocrx_word' id='word_1_273' title='bbox 819 2386 1020 2440; x_wconf 84' lang='lat' dir='ltr'>peculiari</span> <span class='ocrx_word' id='word_1_274' title='bbox 1033 2403 1044 2437; x_wconf 80' lang='lat'>3</span> <span class='ocrx_word' id='word_1_275' title='bbox 1068 2391 1110 2427; x_wconf 89' lang='lat' dir='ltr'>et</span> <span class='ocrx_word' id='word_1_276' title='bbox 1133 2401 1184 2427; x_wconf 81' lang='lat' dir='ltr'>ex</span> <span class='ocrx_word' id='word_1_277' title='bbox 1204 2387 1494 2440; x_wconf 85' lang='lat' dir='ltr'>consequenti,</span> <span class='ocrx_word' id='word_1_278' title='bbox 1513 2392 1845 2440; x_wconf 89' lang='lat' dir='ltr'>quantocunque</span> 
     </span>
     <span class='ocr_line' id='line_1_35' title="bbox 383 2451 1845 2508; baseline 0.004 -18"><span class='ocrx_word' id='word_1_279' title='bbox 383 2451 435 2491; x_wconf 91' lang='lat' dir='ltr'>ab</span> <span class='ocrx_word' id='word_1_280' title='bbox 467 2451 660 2503; x_wconf 78' lang='lat' dir='ltr'>invicem,</span> <span class='ocrx_word' id='word_1_281' title='bbox 695 2454 833 2507; x_wconf 88' lang='lat' dir='ltr'>quoad</span> <span class='ocrx_word' id='word_1_282' title='bbox 865 2459 1017 2508; x_wconf 85' lang='lat' dir='ltr'>typum</span> <span class='ocrx_word' id='word_1_283' title='bbox 1048 2459 1091 2495; x_wconf 85' lang='lat' dir='ltr'>et</span> <span class='ocrx_word' id='word_1_284' title='bbox 1130 2454 1311 2495; x_wconf 86' lang='lat' dir='ltr'>formam</span> <span class='ocrx_word' id='word_1_285' title='bbox 1342 2455 1592 2508; x_wconf 89' lang='lat' dir='ltr'>specificam,</span> <span class='ocrx_word' id='word_1_286' title='bbox 1621 2455 1845 2496; x_wconf 84' lang='lat' dir='ltr'>intervallo</span> 
     </span>
     <span class='ocr_line' id='line_1_36' title="bbox 385 2518 1843 2577; baseline 0.003 -18"><span class='ocrx_word' id='word_1_287' title='bbox 385 2518 558 2570; x_wconf 86' lang='lat' dir='ltr'>distent,</span> <span class='ocrx_word' id='word_1_288' title='bbox 605 2522 854 2562; x_wconf 87' lang='lat' dir='ltr'>constitutio</span> <span class='ocrx_word' id='word_1_289' title='bbox 893 2526 1041 2562; x_wconf 91' lang='lat' dir='ltr'>tamen</span> <span class='ocrx_word' id='word_1_290' title='bbox 1087 2522 1285 2562; x_wconf 88' lang='lat' dir='ltr'>omnibus</span> <span class='ocrx_word' id='word_1_291' title='bbox 1327 2523 1565 2563; x_wconf 90' lang='lat' dir='ltr'>communis</span> <span class='ocrx_word' id='word_1_292' title='bbox 1607 2523 1843 2577; x_wconf 84' lang='lat' dir='ltr'>subjectam</span> 
     </span>
     <span class='ocr_line' id='line_1_37' title="bbox 385 2586 1843 2644; baseline 0.004 -19"><span class='ocrx_word' id='word_1_293' title='bbox 385 2586 648 2639; x_wconf 85' lang='lat' dir='ltr'>singularum</span> <span class='ocrx_word' id='word_1_294' title='bbox 669 2589 892 2629; x_wconf 85' lang='lat' dir='ltr'>materiam</span> <span class='ocrx_word' id='word_1_295' title='bbox 914 2589 967 2630; x_wconf 89' lang='lat' dir='ltr'>ad</span> <span class='ocrx_word' id='word_1_296' title='bbox 989 2589 1196 2643; x_wconf 85' lang='lat' dir='ltr'>ejusmodi</span> <span class='ocrx_word' id='word_1_297' title='bbox 1223 2590 1512 2631; x_wconf 90' lang='lat' dir='ltr'>conditionem</span> <span class='ocrx_word' id='word_1_298' title='bbox 1534 2594 1661 2644; x_wconf 89' lang='lat' dir='ltr'>atque</span> <span class='ocrx_word' id='word_1_299' title='bbox 1682 2594 1843 2631; x_wconf 82' lang='lat' dir='ltr'>statum</span> 
     </span>
     <span class='ocr_line' id='line_1_38' title="bbox 386 2654 1843 2711; baseline 0.005 -19"><span class='ocrx_word' id='word_1_300' title='bbox 386 2654 547 2706; x_wconf 87' lang='lat' dir='ltr'>effingit</span> <span class='ocrx_word' id='word_1_301' title='bbox 568 2655 820 2709; x_wconf 87' lang='lat' dir='ltr'>formatque,</span> <span class='ocrx_word' id='word_1_302' title='bbox 842 2661 891 2697; x_wconf 81' lang='lat' dir='ltr'>ut</span> <span class='ocrx_word' id='word_1_303' title='bbox 918 2657 1143 2710; x_wconf 85' lang='lat' dir='ltr'>praecipua</span> <span class='ocrx_word' id='word_1_304' title='bbox 1175 2662 1471 2711; x_wconf 75' lang='lat' dir='ltr'>symptomata,</span> <span class='ocrx_word' id='word_1_305' title='bbox 1495 2672 1602 2711; x_wconf 87' lang='lat' dir='ltr'>quae</span> <span class='ocrx_word' id='word_1_306' title='bbox 1633 2657 1687 2698; x_wconf 89' lang='lat' dir='ltr'>ad</span> <span class='ocrx_word' id='word_1_307' title='bbox 1712 2658 1843 2711; x_wconf 85' lang='lat' dir='ltr'>parti-</span> 
     </span>
     <span class='ocr_line' id='line_1_39' title="bbox 384 2720 1843 2779; baseline 0.005 -20"><span class='ocrx_word' id='word_1_308' title='bbox 384 2720 570 2761; x_wconf 87' lang='lat' dir='ltr'>cularem</span> <span class='ocrx_word' id='word_1_309' title='bbox 596 2724 879 2764; x_wconf 88' lang='lat' dir='ltr'>evacuationis</span> <span class='ocrx_word' id='word_1_310' title='bbox 911 2725 1086 2765; x_wconf 90' lang='lat' dir='ltr'>modum</span> <span class='ocrx_word' id='word_1_311' title='bbox 1113 2725 1221 2765; x_wconf 89' lang='lat' dir='ltr'>nihil</span> <span class='ocrx_word' id='word_1_312' title='bbox 1252 2724 1479 2776; x_wconf 70' lang='lat' dir='ltr'>attinenth,</span> <span class='ocrx_word' id='word_1_313' title='bbox 1502 2725 1700 2766; x_wconf 92' lang='lat' dir='ltr'>omnibus</span> <span class='ocrx_word' id='word_1_314' title='bbox 1724 2726 1843 2779; x_wconf 86' lang='lat' dir='ltr'>paria</span> 
     </span>
     <span class='ocr_line' id='line_1_40' title="bbox 385 2786 1841 2846; baseline 0.006 -21"><span class='ocrx_word' id='word_1_315' title='bbox 385 2786 496 2836; x_wconf 79' lang='lat' dir='ltr'>sint3</span> <span class='ocrx_word' id='word_1_316' title='bbox 528 2789 705 2841; x_wconf 79' lang='lat' dir='ltr'>singulis</span> <span class='ocrx_word' id='word_1_317' title='bbox 733 2791 862 2832; x_wconf 90' lang='lat' dir='ltr'>etiam</span> <span class='ocrx_word' id='word_1_318' title='bbox 882 2791 927 2833; x_wconf 90' lang='lat' dir='ltr'>in</span> <span class='ocrx_word' id='word_1_319' title='bbox 948 2793 1029 2833; x_wconf 91' lang='lat' dir='ltr'>hoc</span> <span class='ocrx_word' id='word_1_320' title='bbox 1060 2793 1416 2846; x_wconf 87' lang='lat' dir='ltr'>conspirantibus,</span> <span class='ocrx_word' id='word_1_321' title='bbox 1437 2797 1487 2834; x_wconf 89' lang='lat' dir='ltr'>ut</span> <span class='ocrx_word' id='word_1_322' title='bbox 1508 2793 1656 2834; x_wconf 90' lang='lat' dir='ltr'>eodem</span> <span class='ocrx_word' id='word_1_323' title='bbox 1683 2793 1841 2846; x_wconf 86' lang='lat' dir='ltr'>pariter</span> 
     </span>
     <span class='ocr_line' id='line_1_41' title="bbox 386 2859 1840 2909; baseline 0.006 -17"><span class='ocrx_word' id='word_1_324' title='bbox 386 2866 533 2896; x_wconf 87' lang='lat' dir='ltr'>omnes</span> <span class='ocrx_word' id='word_1_325' title='bbox 554 2859 743 2909; x_wconf 89' lang='lat' dir='ltr'>tempore</span> <span class='ocrx_word' id='word_1_326' title='bbox 765 2863 806 2898; x_wconf 88' lang='lat' dir='ltr'>et</span> <span class='ocrx_word' id='word_1_327' title='bbox 827 2859 1057 2900; x_wconf 90' lang='lat' dir='ltr'>intendant</span> <span class='ocrx_word' id='word_1_328' title='bbox 1075 2860 1292 2901; x_wconf 77' lang='lat' dir='ltr'>saevitiam</span> <span class='ocrx_word' id='word_1_329' title='bbox 1309 2866 1352 2901; x_wconf 85' lang='lat' dir='ltr'>et</span> <span class='ocrx_word' id='word_1_330' title='bbox 1372 2861 1607 2901; x_wconf 88' lang='lat' dir='ltr'>remittant.</span> <span class='ocrx_word' id='word_1_331' title='bbox 1671 2860 1840 2901; x_wconf 84' lang='lat' dir='ltr'>Notan-</span> 
     </span>
    </p>
   </div>
   <div class='ocr_carea' id='block_1_5' title="bbox 194 417 378 425">
    <p class='ocr_par' dir='ltr' id='par_1_7' title="bbox 194 417 378 425">
     <span class='ocr_line' id='line_1_42' title="bbox 194 417 378 425; baseline 0 2883"><span class='ocrx_word' id='word_1_332' title='bbox 194 417 378 425; x_wconf 95' lang='lat' dir='ltr'> </span> 
     </span>
    </p>
   </div>
   <div class='ocr_carea' id='block_1_6' title="bbox 601 2937 1594 2985">
    <p class='ocr_par' dir='ltr' id='par_1_8' title="bbox 601 2937 1594 2985">
     <span class='ocr_line' id='line_1_43' title="bbox 601 2937 1594 2985; baseline 0.006 -17"><span class='ocrx_word' id='word_1_333' title='bbox 601 2937 614 2957; x_wconf 77' lang='lat'>¹¹</span> <span class='ocrx_word' id='word_1_334' title='bbox 639 2940 786 2980; x_wconf 71' lang='lat' dir='ltr'>attinent]</span> <span class='ocrx_word' id='word_1_335' title='bbox 805 2942 848 2972; x_wconf 85' lang='lat' dir='ltr'>sic</span> <span class='ocrx_word' id='word_1_336' title='bbox 867 2943 913 2973; x_wconf 79' lang='lat' dir='ltr'>ed.</span> <span class='ocrx_word' id='word_1_337' title='bbox 934 2944 996 2979; x_wconf 77' lang='lat'>&#39;76‚</span> <span class='ocrx_word' id='word_1_338' title='bbox 1011 2950 1103 2974; x_wconf 78' lang='lat' dir='ltr'>-nel</span> <span class='ocrx_word' id='word_1_339' title='bbox 1121 2945 1166 2974; x_wconf 88' lang='lat' dir='ltr'>ed.</span> <span class='ocrx_word' id='word_1_340' title='bbox 1186 2947 1248 2982; x_wconf 77' lang='lat'>³85,</span> <span class='ocrx_word' id='word_1_341' title='bbox 1267 2955 1369 2976; x_wconf 83' lang='lat' dir='ltr'>errore</span> <span class='ocrx_word' id='word_1_342' title='bbox 1385 2945 1454 2975; x_wconf 85' lang='lat' dir='ltr'>fort.</span> <span class='ocrx_word' id='word_1_343' title='bbox 1472 2949 1594 2985; x_wconf 84' lang='lat' dir='ltr'>typogr.</span> 
     </span>
    </p>
   </div>
  </div>
 </body>
</html>
