1985 3308
502 151 842 193 PROCESSUS
874 152 1142 193 INTEGRI.
1465 156 1548 196 573

93 259 267 309 fuerint,
291 259 468 313 congius
499 272 610 299 unus
643 272 771 312 quam
795 258 996 299 citissime
1025 258 1299 312 deglutiatur,
1332 264 1375 300 et
1401 273 1549 300 enema

93 341 276 380 sequens
298 327 514 381 injiciatur
529 344 598 368 2—-

94 416 227 457 [Form.
249 419 368 460 191.]¹’
407 415 448 466 R
476 417 618 451 Radicis
640 418 815 458 Althaeae,

467 476 646 517 [Radicis]
667 476 847 517 Liliorum,
865 487 933 509 ana
951 475 1090 509 unciam
1108 488 1227 517 unam,

468 535 643 569 Foliorum
663 534 816 575 Malvae,

488 592 682 636 Foliorum]
704 593 928 634 Parietariac‚

467 650 680 695 [Foliorum]
701 651 859 685 Brancae
880 652 1039 694 Ursinae,

466 707 607 742 Florum
625 708 877 751 Cluunaemeli,
893 722 961 744 ana
977 711 1196 756 manipulum
1214 723 1335 752 unum,

465 765 647 799 Seminum
666 766 757 807 Liui,

469 824 688 870 [Seminum]
710 824 960 869 Foenugraeci,
978 837 1046 859 ana
1063 827 1290 860 semiunciam
1306 840 1313 866 ;

280 883 401 927 Coque
419 881 613 916 sufficiente
630 883 826 926 quantitate
844 894 955 927 aquae
971 883 1016 917 ad
1033 884 1273 928 sesquilibram
1288 898 1295 923 ;

281 940 411 979 Misce3
437 940 499 973 fiat
516 951 648 974 enema.

154 1021 339 1075 Rejectis
361 1020 581 1062 vomitorio
603 1025 645 1061 et
668 1024 875 1070 enemate,
898 1020 1072 1060 laudani
1099 1020 1251 1074 liquidi
1273 1021 1374 1061 satis
1396 1036 1553 1075 magna

94 1090 206 1131 dosis
246 1090 509 1144 propinetur,
550 1089 744 1130 videlicet
786 1089 839 1129 ad
879 1093 1023 1142 guttas
1058 1089 1210 1141 viginti
1247 1089 1445 1142 quinque,
1487 1090 1552 1130 vel

93 1158 321 1212 pilularum
339 1158 553 1198 Matthaei
575 1171 707 1211 grana
723 1157 965 1210 quindecim
981 1157 1046 1197 vcl
1067 1156 1262 1197 sedecim.
1305 1157 1359 1196 In
1381 1156 1552 1197 senibus

94 1240 205 1278 vero,
233 1232 275 1267 et
305 1227 453 1268 morbo
485 1226 689 1267 diuturno
716 1226 874 1276 fractis,
896 1230 945 1265 ut
977 1231 1019 1266 et
1047 1225 1196 1266 vetulis
1223 1225 1447 1278 vaporibus
1478 1225 1551 1265 ob-

93 1294 245 1345 noxiis,
273 1294 511 1348 (praecipue
533 1294 567 1334 si
590 1293 668 1334 sub
697 1293 869 1334 initium
897 1292 1137 1347 paroxysmi
1168 1293 1337 1332 urinam
1364 1306 1438 1333 eae
1457 1292 1550 1333 red-

95 1363 202 1403 dant
223 1363 390 1416 nigram
413 1367 455 1403 et
477 1362 746 1414 sabulosam,)
764 1361 1046 1402 venae-sectio
1069 1361 1293 1401 omittatur
1305 1378 1316 1410 3
1349 1365 1392 1401 at
1414 1361 1552 1414 quoad

95 1431 270 1485 reliqua,
292 1431 439 1472 eadem
463 1445 569 1484 quae
591 1430 705 1472 dicta
725 1435 789 1471 est
810 1430 877 1470 via
897 1430 1071 1470 omnino
1092 1429 1420 1483 procedendum.

671 1616 796 1657 CAP.
829 1616 970 1657 XXI.e

266 1726 316 1765 In
337 1725 472 1765 Mictu
495 1724 725 1777 Sanyuz‘neo
748 1737 772 1763 α
797 1724 960 1763 Calculo
980 1722 1160 1763 Renibus
1180 1723 1369 1775 impacto.

152 1816 326 1856 CAPIAT
369 1828 494 1868 aeger
544 1818 654 1855 stato
706 1814 888 1867 quodam
931 1813 998 1854 die
1049 1812 1226 1866 singulis
1275 1810 1552 1852 hebdomadis

96 1896 279 1923 mannae
299 1883 447 1922 uncias
469 1881 573 1921 duas
604 1895 702 1921 cum
731 1881 902 1921 semisse
929 1881 974 1920 in
1004 1881 1084 1921 seri
1105 1881 1226 1921 lactis
1246 1879 1365 1920 libris
1388 1879 1552 1919 duabus

96 1951 267 1992 solutas.

154 2018 367 2060 Conducit
389 2017 615 2071 aliquando
635 2017 813 2057 haustus
835 2017 1056 2057 cerevisiae
1077 2015 1219 2057 tenuis
1238 2015 1463 2056 liberalior.

152 2086 208 2126 In
230 2085 402 2126 Calculo
426 2086 595 2125 Renum
618 2084 832 2138 grandiori
854 2084 975 2124 dolor
995 2083 1123 2124 hebes
1145 2088 1187 2124 et
1208 2083 1397 2133 obt-usus,
1414 2083 1551 2124 nulla-

93 2160 218 2196 tenus
236 2160 397 2203 auctus,
414 2153 485 2193 sed
503 2153 604 2193 satis
617 2152 860 2202 tolerabilis,
877 2152 1160 2205 persentitur3
1182 2165 1261 2192 nec
1276 2165 1551 2205 paroxysmus

95 2222 362 2276 nephriticus
383 2221 623 2262 comitatur.

151 2290 287 2344 Aquis
320 2289 578 2343 chalybeatis
600 2303 725 2342 aeger
752 2303 795 2329 se
820 2303 907 2329 non
931 2292 1026 2328 tuto
1054 2287 1305 2338 committet,
1327 2287 1411 2327 nisi
1434 2288 1551 2341 prius

97 2364 212 2400 certo
229 2358 346 2408 sciat,
365 2357 586 2398 Calculum
607 2357 811 2411 majorem
832 2371 920 2397 non
944 2370 1033 2396 csse
1051 2370 1177 2409 quam
1198 2360 1247 2396 ut
1267 2369 1342 2409 per
1362 2360 1551 2395 ureteres

93 2428 205 2468 viam
240 2427 371 2481 possit
401 2427 614 2467 invenire:
648 2427 761 2479 quod
793 2426 873 2467 hoc
903 2430 1075 2466 tantum
1105 2425 1231 2465 modo
1265 2431 1379 2466 certo
1411 2430 1551 2478 potest

95 2495 306 2550 dignosci;
328 2495 362 2535 si
384 2509 536 2548 nempe
558 2495 649 2548 jam
671 2500 796 2535 antea
815 2507 1116 2548 paroxysmum
1139 2493 1323 2546 aliquem
1344 2493 1550 2546 nephriti-

93 2578 191 2605 cum
206 2563 335 2604 fuerit
348 2577 582 2617 perpessus,
604 2564 716 2615 (cum
730 2562 872 2603 dolore
890 2562 1048 2602 scilicet
1065 2561 1304 2602 saevissimo
1321 2561 1366 2602 in
1382 2561 1551 2601 Renum

93 2632 310 2681 alterutro,
332 2645 407 2685 per
426 2635 643 2672 ureterum
666 2629 819 2671 ductus
840 2633 1085 2684 propagato,
1107 2634 1150 2670 et
1171 2629 1333 2670 vomitu
1355 2629 1547 2682 enormi,)

92 2714 168 2755 pro
189 2704 404 2753 comperto
424 2698 579 2739 habeat
610 2712 698 2739 non
725 2703 814 2739 tam
843 2697 1113 2751 grandiorem
1134 2697 1319 2752 aliquem
1339 2697 1550 2738 calculum

92 2767 201 2823 pelvi
228 2767 436 2817 concludi,
467 2781 593 2820 quam
617 2766 857 2820 lapillorum
888 2766 1139 2819 exiguorum
1166 2765 1419 2819 congeriem,
1447 2780 1548 2819 quo-

91 2851 188 2879 rum
216 2851 328 2877 unus
357 2835 536 2876 subinde
566 2835 612 2876 in
637 2840 849 2876 ureterem
879 2834 1082 2885 illabitur,
1105 2838 1230 2888 atque
1260 2834 1321 2874 ita
1350 2848 1548 2889 paroxys-

136 2922 153 2945 b
178 2924 226 2954 Cf.
244 2923 369 2953 formm.
388 2922 438 2953 5³6.
459 2923 528 2953 117.
647 2926 660 2942 ⁰
687 2920 786 2950 Deest
801 2920 859 2950 hoc
877 2930 943 2960 cap.
961 2919 992 2949 in
1011 2919 1057 2949 ed.
1077 2920 1148 2955 '93;
1173 2919 1212 2949 cf.
1231 2921 1334 2951 Sclzed.
1355 2920 1461 2950 Monit.
1482 2920 1544 2949 III.

1578 273 1632 303 Du
1651 273 1741 303 PAR-

1593 325 1732 346 oxrsmo

1581 358 1742 388 Nurum-

1621 409 1710 432 T1co.

1573 1823 1745 1855 Canruu
