1985 3308
258 161 780 204 OBSERVATIONUM
811 159 1188 201 MEDICARUM
1220 166 1262 198 V.
1290 170 1322 199 2.
1435 161 1519 202 213

61 268 230 320 miv-rai,
264 267 508 324 [(Hippocr.
540 268 641 317 Lem,
668 271 700 307 t.
734 266 761 307 i.
794 281 833 320 p.
860 266 918 319 4.)
948 265 976 306 i.
998 279 1033 306 e.
1060 269 1310 317 repuynante
1339 265 1519 317 Natura,
1570 272 1700 303 anus

59 338 165 378 nihil
192 338 404 377 Medicina
428 335 610 388 proficit.
637 334 760 387 (cels.
791 334 854 373 De
882 333 996 372 Med.
1026 332 1082 372 iii.
1108 331 1187 386 1.)]
1249 332 1392 385 Atque
1416 332 1521 373 illud
1540 315 1721 388 ,8553ss

60 405 231 458 quidem
251 420 332 445 usu
347 404 489 445 venire
511 407 686 444 autumo
706 402 751 442 in
769 401 903 441 Febre
920 401 999 441 hac
1018 399 1263 453 particulari
1280 399 1331 441 de
1349 415 1432 453 qua
1451 400 1520 441 hic
1560 399 1693 431 ’73-’75-

59 472 238 525 agimus,
249 486 388 525 quam,
403 470 628 524 multiplici
644 467 904 522 experientia
920 467 1106 516 edoctus,
1122 466 1222 506 satis
1241 466 1324 506 scio
1343 467 1432 507 sine
1450 481 1517 507 su-
1539 472 1580 521 1¹¹.
1591 474 1649 504 hac
1661 474 1721 523 1⁴¹9-

58 539 230 580 (loribus
246 539 385 593 fugari
406 553 544 592 posse3
567 551 740 591 aegrum
757 536 898 586 etiam,
922 535 1025 575 dum
1047 534 1216 575 eosdem
1231 534 1517 587 importunius
1535 515 1721 597 Effjesssffiff’

59 607 329 656 solicitamus,
353 618 655 659 saepenumero
682 603 801 644 nulla
832 606 1011 656 cogente
1035 603 1287 643 necessitate
1310 603 1357 642 in
1382 603 1516 643 mani-
1535 601 1703 649 SU‘IOTibUS

57 674 214 715 festum
241 674 350 714 witae
378 673 604 713 discrimen
629 671 794 725 conjici,
824 684 848 711 a
875 670 1053 710 materia
1078 670 1296 711 morbifica
1321 671 1367 711 in
1392 679 1517 724 caput
1535 644 1705 724 gssssffifisss

59 756 226 783 smsum
241 742 341 782 lata.
374 741 582 782 Attamen
598 753 738 793 neque
758 739 805 779 in
825 738 905 779 hac
926 737 1073 788 Febre,
1091 751 1230 791 neque
1250 738 1297 778 in
1318 739 1400 779 alia
1417 753 1517 792 qua·
1536 728 1708 800 Ξζῗξῄξξζῇ

57 809 162 850 libet
186 810 252 850 vel
282 823 332 849 ex
363 809 421 849 eis
444 822 550 861 quae
582 807 734 847 sudore
760 806 906 847 critico
937 805 1039 846 solvi
1064 819 1152 846 non
1181 806 1331 857 solent,
1355 807 1389 846 si
1409 807 1518 848 forte
1537 812 1689 843 sollicita-

58 876 353 930 hujuscemodi
375 875 502 916 sudor
522 874 671 914 morbo
688 875 779 927 jam
800 874 1029 914 imminuto
1047 878 1198 927 sponte
1214 873 1518 927 supervenerit,
1534 855 1659 887 bantur.

60 958 186 998 quem
213 958 262 985 ex
291 947 625 998 symptomatum
654 942 846 982 omnium
873 942 1120 982 remissione
1149 942 1317 982 debitae
1345 956 1518 983 concoc-

57 1012 186 1052 tionis
218 1011 405 1052 sobolem
440 1024 529 1051 esse
561 1009 828 1059 arbitremur,
861 1009 1130 1050 Medicorum
1163 1009 1519 1062 prudentissimus

59 1080 235 1133 quisquc
267 1093 364 1119 eum
393 1082 664 1127 contemnet,
700 1077 775 1117 ubi
805 1090 902 1117 vero
930 1090 1018 1117 non
1048 1077 1109 1116 ita
1139 1082 1289 1130 sponte
1321 1077 1419 1127 exit,
1447 1077 1520 1130 qui

59 1151 174 1187 certo
211 1147 314 1187 scire
346 1159 567 1199 possumus
604 1159 660 1185 an
695 1159 783 1185 non
819 1144 1037 1185 hominem
1073 1158 1095 1184 e
1131 1144 1270 1184 medio
1306 1145 1518 1194 tollamus,

59 1214 162 1254 dum
189 1215 387 1255 humores
414 1213 621 1266 regimine
643 1217 685 1253 et
711 1212 913 1253 cardiacis
939 1212 1210 1252 calidioribus
1238 1212 1292 1252 ad
1313 1212 1521 1265 ejusmodi

58 1282 230 1323 sudores
258 1282 480 1334 disponere
500 1281 709 1320 nitimur?
745 1280 790 1319 Si
813 1280 904 1333 quis
931 1280 1040 1320 forte
1066 1280 1112 1320 in
1137 1279 1388 1320 thesaurum
1414 1279 1519 1320 inci-

58 1350 181 1400 derit,
209 1350 292 1389 nisi
323 1349 515 1402 desipiat,
543 1348 675 1388 humo
705 1348 852 1397 tollet,-
889 1348 1046 1387 stultus
1078 1351 1222 1387 autem
1253 1347 1307 1387 sit
1338 1352 1518 1400 oportet,

59 1417 143 1471 qui,
158 1417 237 1457 hac
258 1416 392 1457 fretus
413 1416 598 1465 fortuna,
613 1429 785 1456 omnem
806 1414 980 1455 adhibet
997 1427 1168 1467 operam
1184 1418 1234 1454 ut
1256 1414 1387 1454 alium
1409 1415 1519 1468 ejus-

56 1484 172 1526 modi
195 1498 292 1525 cum
307 1485 417 1525 vitae
439 1483 626 1537 periculo
648 1483 918 1536 adipiscatur,
971 1481 1068 1523 Quo
1084 1495 1182 1522 vero
1204 1495 1372 1534 cunque
1392 1481 1519 1522 modo

55 1553 159 1594 haec
181 1567 224 1594 se
249 1566 315 1594 res
336 1552 505 1602 habeat,
526 1551 633 1592 mihi
659 1550 829 1591 abunde
851 1554 1033 1600 constat,
1061 1550 1194 1591 solam
1220 1549 1381 1590 febrem
1410 1549 1519 1590 calo-

55 1635 147 1662 rem
177 1635 276 1661 eum
307 1634 451 1661 secum
484 1619 661 1669 adferre,
693 1618 765 1672 qui
792 1618 995 1658 materiae
1027 1617 1169 1658 febrili
1200 1617 1253 1658 ad
1284 1617 1522 1658 coctionem

55 1687 369 1742 praeparandae
399 1687 531 1741 possit
562 1687 766 1736 sufficere,
797 1700 936 1739 neque
967 1699 1016 1726 eo
1046 1686 1325 1726 intensiorem
1356 1700 1381 1726 a
1410 1685 1520 1739 regi-

0 1763 1 1788 ³
56 1756 172 1797 mine
192 1755 351 1796 fervido
371 1755 605 1796 forinsecus
627 1754 942 1795 accersendum.

123 1824 231 1878 [17.]
269 1823 511 1864 Praefatam
555 1822 808 1863 methodum
846 1836 922 1875 per
961 1821 1346 1862 venae-sectionem
1393 1824 1520 1874 atque

59 1896 256 1933 enemata
284 1891 330 1931 in
360 1891 538 1944 hujusce
569 1891 714 1931 Febris
746 1890 966 1931 curatione
997 1905 1124 1943 quam
1155 1889 1395 1930 felicissime
1427 1903 1519 1930 suc-

59 1959 207 2000 cedere
229 1958 562 2012 comperiebam,-
595 1971 689 1998 eam
709 1971 820 2008 vero,
838 1957 1002 2010 quoties
1024 1971 1048 1997 a
1069 1957 1367 2010 diaphoreticis
1389 1957 1519 1997 laces-

60 2031 236 2076 seretur,
259 2040 348 2066 non
374 2025 510 2066 solum
533 2025 728 2065 anomala
753 2025 938 2078 malique
966 2025 1096 2065 moris
1124 2029 1422 2078 symptomata,
1446 2025 1520 2065 sed

59 2094 189 2135 etiam
221 2093 399 2133 dubium
428 2106 592 2146 semper
619 2092 795 2142 exitum,
817 2091 1029 2132 habuisse.
1091 2092 1213 2132 Inter
1235 2096 1520 2145 symptomata
1538 2105 1656 2145 stupor
1671 2118 1723 2138 co-

60 2161 274 2203 eminebat
295 2161 474 2202 tacitum
494 2160 602 2200 illud
624 2159 832 2209 delirium,
851 2159 963 2212 quod
985 2172 1072 2199 non
1093 2163 1183 2198 tam
1203 2159 1354 2199 insana
1374 2159 1519 2212 loqua-
1536 2154 1713 2222 ζᾘὲξξξῑὲῖιᾶ

60 2231 188 2271 citate
210 2243 253 2270 sc
274 2229 492 2283 prodebat,
516 2242 643 2282 quam
665 2232 836 2280 stupore
858 2240 979 2267 coma
1011 2226 1267 2276 aemulante,
1296 2226 1408 2279 quod
1441 2227 1519 2280 (uti
1536 2233 1691 2283 rar-rimup

67 2299 112 2354 [ξ
135 2298 194 2351 3.]
224 2297 435 2350 diximus,)
466 2296 566 2336 huic
595 2295 719 2335 Fcbri
746 2294 944 2347 frequens
971 2293 1132 2334 solebat
1160 2294 1360 2334 accidere.
1423 2295 1519 2335 Hoc
1537 2274 1713 2349 {lsslffifflstffl’

61 2371 311 2420 symptoma,
332 2366 431 2406 licet
451 2378 732 2417 nonunquam
761 2367 911 2416 sponte
939 2377 1015 2402 sua
1040 2366 1182 2403 ortum
1202 2362 1309 2402 illud
1328 2362 1517 2413 xdderim,
1536 2359 1718 2400 importune

61 2448 86 2475 a
101 2434 234 2474 nimia
252 2438 396 2475 tamen
417 2433 673 2474 curatricum
691 2431 912 2484 diligentia
932 2431 978 2471 in
997 2431 1272 2484 provocandis
1295 2431 1517 2472 sudoribus
1535 2412 1711 2481 iiighocdtn'

60 2502 171 2542 male
192 2501 340 2555 posita,
366 2505 416 2541 ut
436 2501 669 2555 plurimum
694 2498 981 2539 invitabatur:
1028 2499 1108 2539 hoc
1135 2499 1250 2539 enim
1277 2503 1400 2552 pacto
1428 2513 1515 2540 ma·
1533 2487 1710 2563 ξξξζζξὲἳὲζῃ

59 2569 167 2609 teria
192 2567 421 2618 morbifica,
449 2581 555 2621 quae
581 2567 627 2608 in
656 2567 736 2607 hac
763 2566 910 2607 Febris
937 2566 1073 2619 specie
1105 2566 1328 2607 sudoribus
1355 2581 1517 2608 morem
1533 2575 1594 2603 tur.

61 2650 206 2690 gerere
225 2636 460 2687 recusabat,
481 2636 754 2677 vehementer
780 2635 993 2688 exagitata
1013 2635 1057 2675 in
1085 2640 1212 2688 caput
1239 2635 1414 2676 tandem
1435 2636 1517 2677 ele-

59 2704 238 2746 vabatur
258 2719 356 2746 cum
376 2704 543 2758 ingenti
565 2718 789 2758 aegrorum
811 2703 1066 2743 discrimine.

124 2772 232 2826 [18.]
272 2773 298 2812 J
301 2773 534 2826 ampridem
548 2770 826 2813 animadverti
850 2770 919 2823 [iv.
934 2772 974 2810 4.
993 2770 1079 2824 12]
1100 2770 1146 2810 in
1161 2770 1377 2811 curatione
1391 2770 1519 2812 febris

61 2841 374 2881 constitutionis
396 2840 580 2890 alterius,
599 2839 710 2893 quod
730 2852 805 2892 per
820 2838 993 2878 ultimos
1015 2852 1148 2879 annos
1164 2838 1409 2892 hujusmodi
1430 2842 1517 2879 stu-

185 2927 192 2948 ἱ
216 2925 263 2955 Cf.
283 2935 351 2965 sup.
370 2925 412 2955 iii.
431 2927 459 2955 2.
477 2927 535 2960 54;
562 2926 660 2964 Epist.
679 2925 821 2963 Respons.
841 2924 883 2953 II.
903 2924 917 2961 ᾗ
936 2924 994 2957 32;
1023 2925 1153 2954 DisserI.
1170 2925 1270 2963 Epist.
1286 2925 1301 2961 ξ
1324 2923 1393 2954 107.
