1985 3308
306 395 709 453 THOMAE
772 394 1321 453 SYDENHAM

423 543 863 577 OBSERVATIONUM
888 544 1211 579 MEDICARUM

140 682 270 724 CIROA
295 683 546 725 MORBORUM
571 682 813 725 ACU'I'ORUM
839 684 1088 726 HISTORIAM
1113 685 1168 727 ET
1196 684 1487 727 CURATIONEM

568 806 764 845 SECTIO
794 807 1066 846 SECUNDA.

750 942 879 949 —.——-.

677 1033 871 1074 CAPUT
902 1034 958 1074 I.³

176 1124 417 1163 Constitutio
438 1123 680 1175 Epidemica
702 1136 899 1163 annorum
923 1123 1032 1162 1665
1057 1127 1095 1162 et
1119 1124 1244 1173 1666,
1265 1124 1457 1164 Londini.

141 1212 434 1252 PRAEGREssA
451 1211 601 1265 hyeme
617 1210 902 1264 frigidissima,
918 1215 960 1252 et
978 1211 1088 1252 sicco
1105 1212 1202 1264 gelu
1218 1211 1263 1251 in
1279 1212 1387 1252 veris
1404 1226 1539 1266 usque
1559 1221 1668 1271 Febris

81 1282 274 1332 tempora
306 1278 598 1319 indesinenter
631 1278 903 1331 perdurante,
935 1292 1033 1319 cum
1069 1292 1119 1319 ex
1150 1279 1377 1332 improviso
1408 1280 1537 1320 solve·
1556 1264 1731 1346 ξρᾟξὲῗζῇ

81 1351 212 1397 retur,
243 1347 328 1386 fine
362 1346 520 1386 scilicet
553 1346 717 1396 Martii,
751 1346 1014 1400 ineunteque
1051 1347 1118 1399 (ex
1150 1346 1393 1400 Anglorum
1425 1361 1538 1388 eom-
1556 1349 1739 1396 neovigene-

80 1413 220 1469 puto‚)
269 1427 382 1454 anno
434 1414 560 1464 1665,
610 1413 975 1467 peripneumonia,
1028 1414 1290 1468 pleuritides,
1342 1414 1537 1467 anginae,
1555 1400 1734 1464 ΣΙΞῘΕΠΪΞΟΥ-

81 1481 234 1536 aliique
273 1481 318 1522 id
358 1495 492 1535 genus
531 1481 670 1523 morbi
709 1480 1029 1522 inflammatorii
1067 1496 1270 1535 magnam
1311 1481 1538 1536 derepente
1554 1475 1738 1548 ffisn‘ssfflgtfgj

81 1553 267 1603 stragem
306 1549 514 1590 edebant:
559 1562 642 1602 quo
682 1549 773 1602 ipso
813 1553 1005 1602 tempore
1045 1554 1174 1603 eaput
1213 1550 1343 1590 etiam
1385 1550 1538 1591 extulit
1554 1560 1713 1609 riistgraq-

82 1616 227 1658 Febris
242 1617 449 1670 quaedam
463 1617 680 1658 Continua
695 1616 940 1670 epidemica,
960 1631 984 1657 a
1004 1617 1206 1657 Febrium
1224 1617 1538 1658 Continuarum
1553 1611 1616 1684 {²5²2
1632 1613 1712 1633 '¹¹⁶¹‘

80 1684 217 1739 genio,
235 1698 342 1738 quae
362 1684 634 1738 praecedenti
649 1684 954 1725 constitutione
970 1684 1184 1737 vigebant,
1200 1685 1328 1738 longe
1349 1685 1537 1735 diversa3

80 1766 260 1806 quarum
297 1753 366 1792 vix
404 1753 516 1793 ullae
557 1766 605 1793 ea
644 1752 746 1792 anni
785 1756 1039 1806 tempestate
1080 1752 1274 1794 solebant
1323 1753 1536 1794 invadere.

79 1820 212 1861 Dolor
232 1820 379 1874 capitis
403 1834 531 1874 quam
555 1820 602 1860 in
622 1820 760 1874 priore
788 1820 862 1860 illa
887 1820 1109 1870 intensior,
1132 1824 1175 1861 et
1195 1820 1536 1861 vomituritiones
1555 1829 1638 1879 Ejus
1649 1831 1742 1871 signa

79 1888 218 1930 adhuc
237 1888 373 1941 magis
393 1888 601 1928 immanes
623 1887 676 1928 ad
689 1888 800 1928 hanc
814 1887 994 1928 Febrem
1016 1888 1299 1928 accedebant:
1322 1888 1369 1928 in
1389 1888 1536 1942 pleris-
1553 1873 1701 1946 {lizaag'nos-

79 1970 162 2010 que
183 1956 413 2005 diarrhoea,
432 1969 559 2008 quam
579 1955 696 2008 prius
718 1955 900 1996 diximus
919 1955 967 2010 [i.
982 1958 1022 1995 4.
1038 1958 1064 1996 9
1081 1956 1161 2010 sq.]
1186 1961 1409 2010 assumpto
1425 1970 1536 1997 eme-
1554 1969 1741 2007 Diarrhoea,

78 2024 165 2065 tico
192 2023 429 2077 praecaveri
449 2023 647 2076 potuisse,
666 2023 756 2076 jam
778 2023 830 2063 ab
853 2023 1002 2064 eodem
1029 2024 1350 2077 provocabatur,
1371 2038 1451 2064 nec
1471 2028 1534 2064 ta·
1552 2014 1731 2093 Ξὲἲζζῗζθ-

78 2105 180 2132 111011
196 2090 384 2131 cessabat
400 2090 674 2130 vomituritio.
718 2091 908 2131 Externa
922 2091 1004 2140 hic,
1019 2091 1177 2143 pariter
1193 2105 1240 2131 ac
1260 2091 1307 2131 in
1328 2091 1534 2132 Febribus
1553 2096 1607 2125 bre
1624 2097 1705 2127 dixi-

78 2158 394 2200 constitutionis
435 2157 737 2211 praecedentis,
780 2157 888 2198 sicca
933 2157 1255 2211 reperiebantur
1266 2173 1277 2205 3
1329 2162 1533 2208 attamen,
1552 2148 1689 2220 ζῗιῗζῐζῖῗ,

78 2226 307 2281 praemissa
346 2225 529 2266 maxime
568 2225 921 2275 venae-sectione,
960 2238 1084 2278 aeger
1118 2225 1165 2265 in
1201 2224 1399 2265 sudorem
1432 2225 1534 2265 solvi
1550 2224 1684 2283 emeticq
1714 2267 1729 2281 ὓ,

78 2298 257 2348 poterat,
284 2307 366 2346 quo
393 2297 617 2346 provocato
648 2293 805 2333 leviora
830 2306 929 2333 mox
957 2296 1243 2346 symptomata
1255 2308 1267 2342 ς
1300 2296 1427 2345 atque
1454 2292 1534 2333 hoc
1550 2275 1730 2346 ξὲῗιθιῗέζεῗη

79 2362 197 2402 nullo
217 2375 305 2402 non
320 2360 458 2401 morbi
478 2365 668 2414 tempore
688 2360 780 2401 fieri
800 2360 953 2414 potuit,
968 2374 1065 2400 cum
1078 2360 1124 2400 in
1141 2359 1275 2400 Febre
1290 2373 1535 2413 praegressa
1549 2349 1726 2433 Quassrffl·

78 2442 158 2470 nec
183 2433 279 2470 tuto
300 2433 400 2469 ante
422 2428 535 2470 diem
566 2428 778 2469 decimum
805 2428 983 2468 tertium
1003 2428 1069 2468 vel
1094 2427 1306 2468 decimum
1334 2432 1533 2480 quartum
1550 2435 1732 2466 vocabatur.

78 2496 124 2537 id
153 2496 394 2546 tentaveris,
415 2509 495 2536 1100
524 2495 646 2536 facile
673 2495 759 2536 voti
789 2495 919 2536 fueris
947 2509 1130 2549 compos.
1195 2495 1378 2547 Sanguis
1410 2508 1533 2548 saepe

78 2563 396 2618 pleuriticorum
417 2568 459 2604 et
479 2563 786 2604 rheumatismo
811 2563 1099 2604 laborantium
1121 2562 1373 2615 sanguinem
1395 2562 1534 2603 colore

48 2654 55 2662 ·
77 2631 299 2682 referebat,
320 2645 409 2672 non
435 2645 532 2672 vero
562 2645 697 2684 usque
725 2631 829 2672 adeo
861 2631 1048 2684 gelatina
1074 2630 1147 2670 illa
1174 2630 1427 2679 albescente,
1450 2644 1534 2683 qua

76 2699 246 2741 illorum
274 2701 447 2753 sanguis
477 2699 751 2754 praetexitur.
819 2699 898 2753 [2.]
936 2699 1055 2739 Haec
1085 2698 1222 2752 primo
1252 2702 1374 2739 erant
1404 2698 1531 2752 phae-
1549 2707 1652 2756 Pestis
1666 2719 1734 2739 sae-

77 2780 263 2808 nomena
282 2767 410 2821 hujus
440 2767 580 2808 morbi
601 2765 908 2822 διαγνωστικός
942 2780 1055 2807 anno
1076 2780 1173 2806 vero
1207 2769 1420 2819 surgente,
1442 2766 1533 2820 ipsa
1549 2760 1725 2823 ἒὲῗζζζῗη

78 2833 215 2875 Pestis
245 2835 410 2889 irrupit,
442 2848 598 2888 magno
629 2839 963 2889 symptomatum
994 2833 1421 2887 pathognomicorum
1453 2847 1531 2874 nu·
1549 2839 1609 2865 tur.

487 2925 498 2937 ‘¹
526 2920 623 2949 Deest
641 2919 699 2949 hoc
717 2929 784 2960 cap.
803 2920 832 2949 in
852 2919 918 2950 edd.
941 2920 1003 2955 ‘6st
1022 2919 1082 2949 ¹68.
