1985 3308
298 152 821 197 OBSERVATIONUM
852 152 1228 194 MEDICARUM
1263 165 1291 198 Ι.
1320 164 1351 193 5.
1507 157 1559 196 73

107 267 229 314 state,
251 261 495 316 praesertim
524 261 596 302 illa
617 274 723 314 quae
749 264 952 301 aestatem
977 260 1148 314 propius
1170 261 1357 314 attingit,
1380 272 1561 315 paueaey
1602 270 1738 301 Fssnnns

107 331 262 372 Febres
284 329 523 370 Continuae
544 334 780 378 occurrant,
803 328 885 368 nisi
915 328 1024 368 forte
1049 328 1297 369 constitutio
1324 329 1452 369 fuerit
1474 330 1559 382 epi·
1580 313 1760 386 ξζξξζζῗζ,

107 397 280 438 demiea.
342 396 705 436 Fermentationes
742 396 855 435 enim
896 399 1001 436 tune
1041 396 1241 448 temporis
1283 396 1454 437 obortae
1495 397 1559 436 vel
1604 399 1734 428 '‘fl-'‘⁵¹⁴-

107 464 247 505 subito
281 463 600 516 consopiuntur,
634 462 700 503 vel
733 462 786 503 ad
825 462 1182 503 intermissionem
1223 468 1464 517 properant,
1495 464 1559 504 vel
1579 461 1764 528 :hlifai-¹1¹

106 531 289 585 denique
319 535 458 584 partes
491 531 718 570 humorum
752 530 805 570 ad
839 530 1146 583 separationem
1187 531 1403 584 proniores
1440 545 1558 585 prae-
1580 536 1610 565 in
1623 538 1741 584 consti-

106 604 271 640 mature
301 603 343 640 et
365 612 461 639 cum
489 599 530 638 vi
555 598 736 652 quadam
774 598 855 638 alio
886 598 1204 638 transferuntur
1220 616 1231 648 3
1264 613 1314 640 ex
1349 614 1432 652 quo
1463 613 1559 640 mox
1578 582 1763 660 ζὲξξῗξίξῖῑω

107 667 302 721 anginae,
347 665 733 720 peripneumoniac,
782 665 1042 718 pleuritides,
1092 665 1281 719 aliaeque
1330 666 1375 706 id
1426 680 1560 720 genus

105 740 244 788 pestes
276 738 558 784 succrescunt,
592 747 710 787 quae,
743 732 964 774 desinente
993 733 1260 787 potissimum
1290 747 1399 785 vere,
1432 739 1560 788 eaput

107 816 231 843 suum
253 806 445 842 exerunt.

172 870 279 924 [11.]
296 875 308 892 ²
339 869 635 910 Animadverti
661 868 816 910 Febres
843 870 1186 911 Intermittentes
1209 871 1249 910 V
1251 871 1414 911 ernales
1435 870 1559 911 raris·
1581 884 1744 915 Intermit-

108 938 212 979 sime
224 938 352 978 fuisse
369 938 605 988 diuturnas,
624 951 786 990 semper
799 951 896 978 vero
913 938 1116 979 salutares
1130 956 1141 988 3
1163 938 1224 979 ita
1237 943 1285 979 ut
1299 939 1363 979 vel
1378 939 1558 979 maxime
1578 929 1762 1000 ξξζῖὲῗξὲῗῑ·

107 1019 236 1047 senex
255 1006 321 1046 vel
341 1005 490 1046 debilis
513 1005 718 1059 quispiam
740 1005 1040 1046 officiosissima
1058 1006 1461 1060 damnosissimaque
1482 1007 1558 1047 im·
1578 1013 1705 1061 ritssime

106 1074 350 1128 peritissimi
370 1074 596 1128 cujuslibet
617 1074 833 1129 περιεργίᾳ
853 1073 992 1126 (modo
1013 1074 1170 1127 probus
1190 1074 1225 1114 is
1246 1074 1403 1127 fuerit,)
1429 1088 1451 1115 e
1473 1089 1558 1115 me-
1578 1056 1757 1138 gssffiggssoe'

108 1141 177 1182 dio
198 1142 266 1182 vix
287 1146 414 1195 queat
430 1141 534 1182 tolli.
568 1141 761 1194 Contigit
783 1141 886 1180 mihi
907 1145 1052 1182 tamen
1065 1142 1206 1182 videre
1219 1142 1439 1183 Tertianas
1457 1143 1559 1183 Ver-
1577 1151 1649 1170 vem
1667 1142 1754 1171 salu-

106 1210 237 1260 nales,
256 1224 374 1264 quae,
390 1210 442 1250 ob
463 1209 793 1263 phlebotomiam
816 1213 858 1249 et
872 1209 1085 1249 catharsin
1101 1210 1291 1251 indebite
1313 1210 1560 1261 celebratas,
1580 1188 1753 1266 ξζῖἒᾶῃῃρ

107 1282 151 1320 et
170 1277 361 1332 regimen
382 1278 554 1331 insuper
575 1290 671 1317 cum
694 1276 839 1317 morbo
860 1277 969 1317 male
993 1277 1216 1330 quadrans,
1240 1293 1377 1320 moras
1398 1283 1563 1320 traxere
1581 1279 1763 1309 ‘female-<³

107 1345 235 1387 etiam
258 1359 392 1399 usque
409 1345 462 1385 ad
477 1349 644 1398 tempus
660 1344 863 1397 illudque
878 1345 1163 1385 Autumnales
1181 1346 1317 1386 solent
1338 1346 1536 1387 invadere
1550 1363 1561 1396 3
1580 1321 1747 1394 fflffffito'

107 1428 215 1468 quae
244 1418 487 1467 tempestas,
516 1426 612 1453 cum
639 1413 767 1466 hujus
798 1411 935 1452 morbi
967 1413 1092 1465 genio
1123 1413 1177 1453 sit
1209 1413 1436 1454 admodum
1465 1428 1562 1455 eon·
1581 1407 1720 1479 {affigi}

107 1482 250 1532 traria,
265 1481 449 1522 eundem
471 1481 742 1522 continenter
763 1480 995 1534 extinguit3
1018 1494 1144 1534 aegro
1159 1481 1331 1522 interim
1349 1482 1564 1535 frequenti
1582 1492 1746 1522 ceiebratis

106 1564 449 1605 paroxysmorum
479 1549 813 1603 reduplicatione
841 1553 883 1589 et
911 1548 1135 1590 duratione
1164 1549 1355 1603 longiore
1375 1550 1437 1590 ita
1456 1565 1565 1604 pene
1581 1539 1712 1607 ζᾚζζιῖ

107 1618 299 1660 eonfeeto
333 1623 384 1659 ut
419 1618 465 1658 in
501 1617 698 1658 extremis
728 1618 885 1657 versari
913 1617 1119 1668 videatur,
1152 1632 1259 1671 quae
1287 1618 1565 1660 nihilominus

110 1686 337 1742 (quatenus
366 1685 471 1726 mihi
493 1685 700 1726 hactenus
732 1685 952 1726 observare
982 1685 1132 1738 licuit,)
1165 1700 1328 1740 semper
1359 1691 1423 1727 est
1454 1688 1566 1728 elue-

105 1758 237 1795 tatus.
304 1754 412 1808 [12]
450 1753 603 1807 Neque
631 1753 677 1793 in
698 1753 1089 1794 convalescentibus
1112 1754 1163 1794 ab
1185 1754 1265 1795 hoc
1294 1755 1440 1795 morbo
1462 1755 1568 1795 mihi

107 1821 245 1862 adhuc
266 1821 396 1861 subiit
416 1821 557 1862 videre
579 1821 825 1874 gravissima
852 1821 926 1861 illa
957 1827 1254 1875 symptomata,
1279 1837 1384 1876 quae
1411 1823 1474 1875 (ut
1501 1823 1565 1863 in-

106 1888 172 1930 fra
198 1887 239 1944 [§
261 1889 317 1929 46
339 1888 420 1945 sq.]
446 1889 639 1942 dicetur,)
670 1889 1014 1930 Intermittentes
1042 1890 1326 1930 Autumnalcs
1354 1890 1565 1932 diuturni-

107 1970 200 1998 ores
231 1960 485 2010 sequuntur3
517 1957 717 1997 lethalem
747 1957 941 2010 intelligo
971 1958 1239 1998 tonsillarum
1269 1958 1566 2000 inflammatio-

109 2038 222 2076 nem,
238 2030 428 2065 ventrem
446 2025 707 2075 induratum,
722 2029 910 2065 tumores
922 2025 1187 2079 hydropicos,
1204 2031 1283 2067 etc.
1317 2027 1419 2067 Plus
1436 2028 1566 2068 semel
1585 2033 1765 2082 Aeg-rorum

107 2096 253 2133 tamen
274 2092 436 2133 adverti
466 2106 612 2146 aegros
635 2107 659 2132 a
679 2092 816 2133 morbi
844 2092 1127 2133 diuturnitate
1149 2098 1191 2134 et
1218 2108 1564 2148 paroxysmorum
1582 2077 1764 2149 {Ellgssscfflff‘

106 2159 441 2213 ingeminatione
476 2160 789 2213 (accedentibus
821 2160 874 2200 ad
904 2160 1110 2200 malorum
1142 2161 1359 2201 cumulum
1391 2162 1759 2210 evacua-tiumPOn-

106 2227 295 2268 tionibus
316 2228 536 2281 repetitis,)
563 2228 616 2268 ad
638 2242 848 2268 summam
872 2227 1134 2269 debilitatem
1156 2228 1362 2279 redactos,
1384 2228 1459 2269 ubi
1479 2228 1563 2283 priss
1582 2204 1722 2277 ῘᾎἛῙῙΞῙᾸ,

106 2309 223 2336 mum
246 2296 462 2350 coeperint
491 2296 793 2346 convalescere,
816 2296 862 2336 in
894 2295 1078 2336 maniam
1099 2296 1312 2347 incidisse,
1336 2311 1443 2350 quae
1474 2297 1565 2351 pari
1580 2289 1738 2320 incidunt.

108 2377 204 2404 cum
236 2363 309 2404 illo
338 2378 466 2418 passu
495 2363 668 2404 recessit
697 2377 780 2417 quo
808 2363 1039 2404 eorundem
1071 2364 1177 2404 vires
1209 2364 1260 2405 de
1284 2379 1392 2406 novo
1422 2365 1563 2406 redin-

107 2432 400 2486 tegrabantur.

172 2499 280 2554 [13.]
320 2501 663 2542 Intermittentes
690 2514 788 2541 vero
809 2500 1094 2541 Autumnales
1116 2501 1242 2555 longe
1271 2501 1393 2542 aliter
1421 2516 1464 2542 se
1488 2502 1563 2543 ha-

106 2565 225 2608 bent.
257 2568 400 2609 Primo
421 2569 534 2609 enim
548 2569 762 2619 Tertiana,
779 2569 878 2609 licet
901 2569 1054 2623 quibus
1076 2570 1199 2610 annis
1221 2569 1456 2623 cpidemica
1475 2584 1564 2611 non
1581 2576 1731 2607 Tertiana

108 2639 185 2686 est,
219 2640 262 2676 et
295 2650 417 2677 sanos
452 2637 627 2687 invadit,
661 2637 744 2677 cito
778 2651 1086 2690 nonnunquam
1124 2651 1167 2678 se
1202 2637 1391 2691 proripit,
1425 2652 1563 2692 neque
1580 2620 1765 2703 ἷῖἓῗὲἓέζ

107 2703 300 2756 pluribus
340 2705 522 2759 stipatur
565 2705 859 2758 symptomatis
901 2720 1028 2759 quam
1063 2719 1169 2758 quae
1208 2719 1337 2746 verno
1374 2710 1563 2760 tempore
1581 2705 1664 2735 ”¹50³
1681 2706 1766 2736 haud

109 2771 355 2825 contingere
377 2773 514 2813 solent
531 2772 780 2823 Tei-tianae,
812 2773 886 2814 ubi
908 2778 1052 2813 tamen
1074 2773 1304 2827 epidemiee
1333 2779 1561 2827 grassatur,
1582 2758 1767 2830 ῗὶᾚῖρῑῑ,

110 2842 153 2880 et
186 2844 324 2881 aetate
359 2841 638 2895 provectiores
675 2846 748 2882 aut
789 2856 916 2895 pravo
952 2842 1136 2895 corporis
1171 2841 1322 2883 habitu
1354 2843 1563 2896 praeditos
1581 2833 1662 2864 culo.

110 2929 126 2950 5
137 2923 271 2964 paucae]
288 2927 336 2956 vel
346 2937 463 2964 paucae
476 2928 522 2957 vel
536 2929 651 2956 omnino
663 2928 763 2957 nullae
779 2926 848 2956 edd.
863 2927 925 2963 ¹66,
942 2927 1002 2957 ‘68.
1050 2931 1060 2944 ²
1078 2928 1110 2966 ἕξ
1129 2927 1250 2958 11—15
1264 2937 1325 2957 om.
1340 2927 1409 2957 edd.
1425 2928 1486 2965 '66,
1501 2928 1562 2959 ‘68.

823 2993 848 3020 L
