1985 3308
225 275 410 305 DENovAE

253 318 383 347 Fennis

226 360 403 390 lxonnssu

221 1161 418 1192 CuratioFe-

219 1205 326 1234 brium
343 1215 381 1234 ex

220 1247 404 1278 dentitione.

214 2184 414 2215 CuratioFe-

216 2228 282 2256 bris
291 2228 402 2258 Hecti-

216 2280 271 2299 cae
288 2271 392 2300 insan-

213 2317 294 2342 tum.

431 164 519 203 504
867 161 1125 204 THOMAE
1164 161 1507 202 SYDENHAM

433 269 493 322 (in
514 270 651 324 capite
672 270 737 310 De
751 270 878 310 Febre
897 268 1191 309 Intermittentz'
1219 268 1375 321 [Epist.
1394 267 1587 318 Respons.
1605 267 1640 306 I.
1661 267 1682 322 ξ
1706 267 1794 321 29.]
1817 281 1893 321 pro

428 336 666 378 infantibus
688 337 980 391 descriptum‚)
1006 335 1269 376 exhibeatur.

493 406 601 460 [33]
642 406 738 446 Hoc
771 406 818 445 in
858 406 950 445 loeo
984 404 1159 456 insuper
1194 407 1258 442 est
1294 401 1732 453 animadvertendum,
1765 403 1892 456 quod,
1943 418 1951 427 ·

425 473 527 514 licet
554 474 741 514 infantes
771 472 871 512 huic
898 470 1045 512 Febris
1078 469 1224 522 generi
1251 483 1383 522 aeque
1410 483 1508 510 cum
1536 470 1693 510 adultis
1721 470 1894 511 obnoxii
1941 459 1952 493 Ῐ

427 541 525 591 sint,
545 555 592 582 ac
612 541 790 594 proinde
810 539 901 593 pari
923 552 1020 578 cum
1041 537 1122 577 illis
1143 536 1345 577 methodo
1367 537 1557 587 curandi,
1579 537 1661 578 m'si
1683 539 1796 591 quod
1816 552 1893 592 pro
1943 559 1961 593 ·,

425 609 588 649 ratione
616 608 765 648 aetatis
793 607 933 646 minor
961 605 1180 658 sanguinis
1212 605 1427 658 quantitas
1457 609 1520 645 est
1546 605 1821 656 detrahenda,
1845 619 1894 647 ac

426 676 630 717 catharsis
669 681 765 715 tum
800 688 948 714 eorum
985 673 1195 713 aetatulae
1232 672 1602 723 accommodanda,
1634 678 1730 713 tum
1761 674 1892 714 etiam

424 746 533 786 forte
554 745 689 785 rarius
707 743 960 784 celebranda
973 759 984 792 3
1012 743 1151 795 (saepe
1168 741 1282 781 enim
1299 746 1341 782 et
1358 741 1590 781 infantium
1611 746 1654 782 et
1671 741 1892 795 juniorum

425 812 598 852 morbus
630 826 654 851 a
679 811 818 865 primo
845 810 911 850 vel
939 809 1124 850 secundo
1156 809 1307 849 saltem
1337 808 1569 849 cathartico
1597 808 1892 862 praedomina-

425 880 542 920 bitur
556 881 583 932 ς)
629 878 908 919 nihilominus
945 877 1052 918 serio
1093 876 1400 917 advertendum
1442 881 1519 926 est,
1557 891 1624 927 an,
1663 891 1770 930 quae
1810 877 1892 918 hoc

425 948 551 988 modo
572 952 782 987 tractatur
803 946 964 996 Febris,
978 959 1054 999 pro
1072 949 1187 985 certo
1202 945 1380 998 hujusce
1403 944 1732 985 Constitutionis
1748 945 1891 996 fuerit,

425 1029 513 1055 non
540 1029 639 1055 vero
670 1014 843 1055 alterius
872 1013 1046 1067 speciei:
1081 1012 1192 1066 quod
1221 1011 1448 1064 diligenter
1475 1012 1662 1065 perquiri
1693 1011 1819 1052 debet
1846 1011 1892 1052 in

427 1082 634 1123 Febribus
672 1082 725 1122 iis
761 1096 868 1136 quae
900 1081 1087 1121 infantes
1123 1079 1371 1132 corripiunt,
1403 1079 1449 1121 in
1485 1079 1683 1120 omnibus
1719 1079 1893 1133 quibus-

429 1164 597 1204 cunque
625 1163 837 1190 annorum
865 1147 1282 1197 Constitutionibus;
1312 1147 1440 1200 vulgo
1473 1147 1588 1188 enim
1620 1147 1892 1188 notissimum

429 1224 505 1269 est,
527 1218 713 1258 infantes
735 1232 760 1258 a
781 1216 994 1257 doloribus
1016 1230 1064 1256 ex
1090 1215 1326 1255 dentitione
1348 1215 1450 1255 ortis
1477 1214 1642 1268 saepius
1669 1214 1715 1254 in
1736 1214 1893 1256 Febres

427 1287 507 1340 agi,
523 1301 629 1340 quae
649 1286 766 1326 haud
785 1286 847 1326 ita
866 1284 988 1325 facile
1005 1283 1057 1324 ab
1081 1283 1252 1323 alterius
1270 1284 1436 1336 generis
1453 1283 1660 1324 Febribus
1680 1283 1892 1323 internos-

424 1362 618 1397 cunturn.
679 1356 735 1396 In
761 1355 912 1394 harum
938 1367 1017 1406 ego
1045 1352 1264 1392 curatione
1293 1352 1367 1392 diu
1393 1352 1663 1406 multumque
1691 1350 1891 1404 angebar,

421 1438 501 1465 nec
521 1424 604 1464 nisi
622 1423 796 1476 nuperis
816 1422 883 1462 his
905 1421 1028 1462 annis
1050 1426 1163 1461 certo
1184 1420 1291 1460 mihi
1310 1421 1564 1474 persuadere
1584 1421 1718 1474 potui,
1743 1434 1890 1474 quem-

421 1493 525 1534 libet
547 1507 598 1534 ex
617 1493 700 1532 illis
723 1491 795 1545 qui
818 1505 938 1531 meae
959 1504 1084 1530 curae
1111 1490 1343 1530 concrediti
1365 1489 1418 1529 ad
1446 1489 1676 1530 sanitatem
1700 1487 1893 1529 restituti

420 1562 610 1611 fuerunt,
631 1565 722 1601 tam
748 1564 838 1600 arte
867 1573 995 1612 quam
1020 1572 1120 1598 casu
1145 1558 1407 1599 convaluisse
1420 1575 1432 1608 3
1466 1559 1600 1598 donec
1626 1557 1816 1607 tandem,
1839 1557 1892 1597 de

420 1629 533 1669 felici
559 1641 754 1668 successu
782 1626 961 1667 remedii
986 1625 1102 1666 haud
1127 1625 1188 1665 ita
1214 1626 1404 1676 celebris,
1426 1626 1513 1666 imo
1539 1626 1592 1666 ob
1618 1625 1771 1666 tritum
1800 1625 1892 1678 ejus

420 1712 547 1738 usum
568 1699 694 1752 plane
720 1696 967 1750 contempti,
992 1695 1238 1749 frequenter
1259 1696 1516 1747 admonitus,
1538 1695 1646 1736 illud
1668 1695 1758 1749 ipse
1785 1709 1893 1749 quo-

422 1780 503 1820 que
523 1765 853 1820 praescriberem
866 1781 877 1814 3
911 1763 1024 1817 quod
1052 1764 1290 1804 etiamnum
1317 1779 1418 1817 prae
1444 1765 1620 1805 caeteris
1649 1778 1755 1818 quae
1780 1764 1891 1804 mihi

419 1835 694 1876 innotescunt
715 1831 1040 1873 medicamentis
1062 1832 1222 1885 optime
1239 1832 1347 1872 votis
1367 1833 1437 1873 hic
1458 1832 1698 1887 respondet.
1760 1833 1888 1886 Ejus-

420 1901 536 1942 modi
556 1915 703 1941 verum
725 1905 811 1941 est:
845 1904 994 1952 guttae
1017 1899 1138 1950 duae,
1155 1904 1258 1949 tres,
1271 1900 1338 1940 vel
1359 1905 1542 1953 quatuor
1558 1900 1732 1954 spiritus
1753 1914 1888 1941 cornu

420 1969 542 2018 cerii,
567 1983 644 2022 pro
674 1968 839 2009 ratione
870 1967 1034 2017 aetatis,
1061 1968 1107 2007 in
1140 1967 1349 2008 cochleari
1379 1983 1467 2009 uno
1491 1968 1556 2009 vel
1590 1969 1724 2009 altero
1754 1982 1891 2022 aquae

421 2051 662 2077 cerasorum
701 2036 938 2088 nigrorum,
970 2035 1035 2075 vel
1070 2035 1223 2089 julapii
1259 2036 1433 2076 alterius
1470 2036 1740 2090 appropriati,
1772 2035 1889 2077 exhi-

420 2104 605 2145 beantur
627 2108 778 2157 quarta
799 2117 965 2157 quaque
985 2103 1091 2143 hora
1111 2103 1164 2143 ad
1185 2103 1295 2144 vices
1318 2109 1502 2157 quatuor
1522 2105 1588 2144 vel
1610 2118 1695 2144 sex.

488 2173 596 2226 [34]
625 2173 703 2213 Est
718 2177 759 2212 et
776 2177 1017 2226 symptoma
1037 2171 1153 2212 aliud
1172 2172 1409 2212 infantibus
1431 2173 1748 2226 permolestum,
1762 2173 1889 2226 longe

422 2241 635 2281 diversum
657 2245 700 2281 et
721 2254 745 2280 a
766 2239 972 2280 Febribus
993 2239 1205 2280 variarum
1227 2253 1439 2280 annorum
1461 2240 1831 2290 constitutionum,
1846 2245 1889 2281 et

420 2310 472 2350 ab
494 2310 567 2350 illa
583 2309 773 2363 proxime
790 2314 1036 2349 memorata.
1069 2309 1147 2349 Est
1161 2323 1259 2349 vcro
1275 2308 1479 2350 Hecticae
1494 2311 1687 2364 species0,
1702 2311 1888 2352 infantes

419 2378 492 2418 diu
513 2379 716 2431 affligens,
732 2392 816 2431 qua
835 2377 1026 2417 infestati
1048 2377 1137 2417 sine
1159 2377 1318 2430 insigni
1339 2378 1481 2431 aliquo
1502 2379 1640 2419 calore
1661 2379 1884 2432 languent,

417 2460 517 2486 cum
539 2446 752 2499 appetitus
775 2445 1025 2498 dejectione,
1041 2449 1082 2485 et
1103 2450 1193 2485 tam
1216 2451 1333 2485 artus
1355 2460 1483 2500 quam
1506 2447 1690 2500 corporis
1707 2451 1886 2487 truncus

416 2514 574 2567 ubique
616 2513 892 2554 emaciantur.
958 2513 1280 2566 Simplicissima
1316 2528 1399 2566 qua
1439 2514 1509 2555 hic
1549 2521 1648 2556 utor
1682 2515 1885 2556 methodo

416 2583 513 2623 talis
536 2588 622 2623 est:
654 2582 747 2623 rhei
769 2582 892 2622 electi
915 2581 1150 2622 taleolatim
1176 2582 1300 2622 incisi
1325 2582 1548 2623 drachmas
1570 2584 1675 2624 duas
1700 2584 1747 2623 in
1767 2584 1884 2637 lage-

417 2665 518 2691 nam
550 2651 727 2691 vitream
769 2650 950 2689 duarum
982 2649 1190 2690 librarum
1230 2651 1453 2691 cerexisiae
1485 2652 1629 2692 tenuis
1670 2665 1882 2705 capacem,

417 2719 567 2759 subere
598 2733 697 2759 mox
737 2718 866 2771 probe
908 2717 1205 2769 obtin-audam,
1237 2719 1414 2760 immitti
1454 2734 1568 2771 curo,
1605 2721 1685 2773 (vel
1724 2721 1770 2760 in
1803 2721 1885 2761 alio

418 2787 605 2839 quolibet
645 2787 821 2840 liquore,
856 2801 938 2840 quo
971 2802 1046 2841 pro
1086 2793 1192 2841 potu
1225 2788 1437 2830 ordinario
1470 2791 1535 2830 uti
1569 2790 1674 2830 solet
1706 2789 1878 2842 infans‚)

418 2868 543 2905 quam
584 2855 824 2894 cerevisiam
858 2855 918 2894 ita
958 2855 1213 2896 medicatam
1254 2856 1410 2897 infanti
1450 2863 1539 2898 tam
1580 2862 1711 2897 noctu
1753 2871 1882 2910 quam

503 2942 518 2957 n
547 2937 596 2966 Cf.
614 2938 744 2967 Prot-ess.
765 2940 823 2967 lut.
841 2949 866 2967 c.
886 2940 936 2969 42.
1355 2945 1368 2958 ⁰
1393 2942 1441 2972 Cf.
1461 2943 1594 2971 Pras-ess.
1614 2943 1672 2971 lut.
1692 2951 1718 2970 c.
1736 2942 1787 2972 43.
