1985 3308
255 296 385 326 Fennis

243 339 392 369 Coxris.
430 353 438 360 ·

228 382 409 411 Axxoauii

428 180 484 218 42
834 178 1094 219 THOMAE
1129 176 1469 218 SYDENHAM

427 289 553 325 tuum
578 283 698 337 eopia
719 283 978 335 destituitur,
1006 286 1069 337 (ut
1097 285 1143 324 in
1174 284 1396 325 decliviore
1421 288 1574 332 aetate,
1599 286 1726 336 atque
1757 279 1885 321 etiam

427 367 474 393 111
509 352 738 407 juvenibus
779 352 983 393 diuturno
1024 353 1164 406 aliquo
1208 353 1357 393 morbo
1397 351 1628 402 confectis,)
1673 364 1698 390 a
1736 362 1887 390 venae-

253 425 390 454 ‘61-'64.
430 422 616 462 sectione
646 435 821 461 manum
854 427 1056 474 tempero.
1118 421 1346 462 Enimvero
1378 421 1413 460 si
1451 418 1787 474 phlebotomiam
1820 417 1888 457 his

222 1587 338 1625 quibus

217 1629 325 1659 eadem
336 1640 406 1670 pro-

219 1672 295 1702 dest

428 490 694 543 imperarem,
717 489 902 542 sanguiS,
925 490 1163 530 etiamnum
1185 489 1291 530 citra
1312 489 1519 542 ejusmodi
1539 486 1889 528 imminutionem

428 558 522 612 plus
545 558 645 597 satis
667 556 828 606 debilis,
852 556 1164 609 despiunationi
1193 571 1291 597 suae
1312 556 1533 597 obeundae
1559 569 1730 610 prorsus
1753 554 1890 607 impar

427 626 675 666 redderetin'
690 642 700 674 3
732 624 846 664 unde
877 624 1008 665 totius
1036 639 1197 664 massae
1225 625 1447 678 perversio,
1470 638 1517 664 ac
1544 623 1721 678 proinde
1747 622 1890 662 forsan

428 694 558 747 ipsius
589 692 704 745 aegri
743 692 954 742 interitus,
987 696 1257 745 sequeretm·;
1300 691 1670 745 quemadmodum,
1703 690 1737 730 si
1778 703 1890 730 cere-

428 762 554 802 n'siae
577 767 649 802 aut
672 761 777 801 alius
805 760 987 814 cujusu's
1008 761 1139 800 musti
1160 760 1432 800 fermentatio
1453 759 1749 813 intempestive
1771 759 1889 798 sista·

427 835 511 878 tiu·,
533 830 715 883 liquores
736 829 798 868 illi
818 828 970 868 vitium
995 829 1244 881 plerumque
1266 828 1539 868 contrahunt.
1603 827 1770 881 Quippe
1795 840 1890 880 par-

426 899 666 947 ticularum,
689 911 792 950 quas
819 896 947 936 semel
969 896 1249 936 exterminare
1277 895 1472 950 coeperit,
1496 910 1697 950 quaeque,
1719 895 1891 936 tametsi

427 966 529 1006 dum
550 965 735 1018 reliquae
753 964 910 1004 cruoris
926 977 1088 1004 massae
1110 963 1387 1016 aequabiliter
1405 964 1746 1005 immiscerentiu·
1761 977 1890 1017 purae

427 1033 673 1083 extiterant,
711 1033 801 1085 jam
840 1046 937 1072 vero
967 1031 1238 1085 putredinem
1274 1032 1547 1072 deterrimam
1587 1033 1815 1085 acquirere,
1847 1036 1889 1072 et

425 1107 610 1142 caeteros
649 1101 848 1141 humores
890 1100 1006 1153 gravi
1035 1100 1362 1153 inquinamento
1391 1101 1562 1141 inficere
1602 1100 1763 1141 habiles
1796 1113 1888 1140 eva-

426 1170 570 1219 serint,
600 1168 860 1209 consortium
881 1168 1050 1208 Natura
1076 1168 1183 1208 ferre
1205 1169 1384 1222 amplius
1414 1183 1504 1209 non
1527 1173 1679 1222 potest.
1742 1167 1889 1209 Quan-

426 1251 553 1291 quam
585 1236 700 1277 haud
735 1251 803 1276 me
838 1236 943 1276 latet
985 1250 1131 1289 aegros
1165 1237 1389 1277 temeraria
1429 1237 1649 1290 sanguinis
1689 1236 1889 1276 missione

424 1306 665 1356 mulctatos,
683 1304 1029 1346 convenientium
1042 1304 1333 1345 cardiacorum
1363 1320 1445 1345 11811
1471 1303 1698 1358 aliquando
1719 1304 1886 1354 servari,

424 1373 760 1427 sanguinemque
807 1372 861 1413 ad
907 1377 1100 1413 tenorem
1154 1372 1433 1413 defaecationi
1480 1387 1579 1413 suae
1624 1372 1888 1426 peragendae

422 1441 625 1482 idoneum
651 1441 819 1481 restitui
840 1455 973 1495 posse.
1039 1441 1122 1481 Sed
1149 1441 1417 1494 praestiterat
1437 1442 1608 1496 plagam
1628 1456 1716 1482 non
1735 1440 1886 1494 infligi,

426 1524 553 1563 quam
575 1510 728 1549 sanari.
1576 1509 1582 1514 ’

489 1577 568 1631 [7.]
606 1579 812 1618 Attamen
838 1577 913 1618 ubi
938 1578 983 1618 111
1005 1578 1240 1618 contrariae
1267 1578 1421 1619 indolis
1449 1579 1702 1633 sanguinem
1732 1579 1885 1629 incido,

428 1646 578 1700 (qualis
610 1645 655 1686 in
683 1646 911 1700 juvenibus
944 1646 1143 1687 athletico
1175 1647 1327 1687 habitu
1357 1653 1399 1688 et
1429 1652 1766 1702 temperamento
1792 1662 1886 1688 san—
1923 1639 1930 1645 '

423 1715 579 1768 guineo
619 1714 818 1768 praeditis
858 1715 1031 1768 reperiri
1071 1715 1318 1767 consuevit)
1361 1716 1547 1769 primum
1586 1716 1632 1756 in
1668 1716 1887 1757 curatione

422 1783 562 1823 locum
589 1782 901 1836 phlebotomiae
932 1782 1120 1822 attribuo
1133 1800 1144 1832 3
1178 1797 1283 1836 quae
1309 1784 1618 1837 (praeterquam
1645 1785 1691 1824 in
1719 1784 1885 1825 casibus

421 1851 598 1891 inferius
628 1850 942 1902 memorandis)
978 1851 1067 1890 sinc
1090 1851 1236 1891 salutis
1258 1852 1442 1904 periculo
1464 1852 1532 1892 hic
1554 1852 1695 1893 omitti
1721 1853 1884 1906 nequit.

422 1919 538 1958 Nam
588 1918 690 1958 alias
739 1932 825 1958 non
869 1918 1004 1958 solum
1045 1932 1144 1972 prae
1183 1919 1316 1959 nimia
1357 1920 1576 1973 sanguinis
1623 1920 1884 1971 ebullitione,

421 1986 726 2040 phrenitidum,
759 1985 1048 2038 plemitidum,
1092 1987 1352 2040 aliarumque
1394 1988 1438 2027 id
1480 2002 1614 2041 genus
1650 1989 1886 2029 inflamma-

420 2054 587 2094 tionum
608 2054 841 2107 periculum
862 2054 1118 2104 immineret,
1142 2055 1214 2095 sed
1236 2070 1334 2109 prae
1356 2057 1475 2110 copia
1503 2057 1644 2107 etiam,
1667 2057 1886 2111 impeditio

421 2121 665 2162 omnimoda
700 2122 985 2162 circulationis
1019 2128 1060 2162 ct
1093 2123 1225 2163 totius
1256 2139 1418 2165 massae
1450 2125 1566 2178 quasi
1595 2125 1886 2179 strangulatus

420 2194 764 2243 consequerctm.

485 2258 564 2311 [8.]
603 2258 853 2298 Mensm‘am
887 2258 999 2312 quod
1030 2259 1199 2311 attinet,
1221 2261 1327 2301 mihi
1359 2261 1532 2302 solenne
1563 2267 1626 2302 est
1655 2275 1748 2302 eam
1777 2262 1884 2303 dun-

419 2331 537 2366 taxat
579 2326 798 2379 sanguinis
840 2327 1124 2380 quantitatem
1156 2328 1376 2370 detrahere
1413 2330 1638 2382 (quantum
1678 2331 1885 2384 conjicere

420 2394 573 2446 liccat,)
619 2408 725 2448 quae
776 2409 950 2447 aegrum
992 2395 1044 2436 ab
1084 2396 1378 2448 incommodis,
1421 2397 1574 2451 quibus
1613 2398 1885 2440 immodicam
1927 2415 1933 2418 ’

420 2462 609 2516 ejusdem
642 2463 971 2504 commotionem
1008 2463 1235 2505 obnoxiam
1275 2479 1364 2506 0880
1399 2466 1594 2517 diximus,
1627 2467 1885 2508 incolumem

420 2535 615 2583 praestet.
678 2531 1005 2572 Aestuationem
1035 2546 1133 2573 vero
1160 2533 1278 2573 illam
1307 2534 1504 2589 deinceps
1534 2549 1636 2588 rego
1665 2549 1712 2576 ac
1739 2536 1883 2577 mode-

419 2611 500 2647 ror,
531 2598 866 2651 phlebotomiam
906 2600 971 2640 vel
1010 2601 1242 2654 repetendo
1281 2603 1347 2642 vel
1388 2603 1639 2654 omittendo,
1681 2604 1884 2645 cardiacis

420 2665 566 2705 calidis
606 2666 671 2707 vel
710 2666 946 2708 insistendo
986 2668 1051 2708 vel
1091 2669 1314 2722 parcendo,
1349 2685 1396 2712 ac
1433 2671 1614 2725 denique
1647 2672 1787 2712 alvum
1819 2672 1884 2713 vel

420 2732 601 2774 laxando
621 2734 686 2774 vel
713 2736 1029 2789 compescendo,
1051 2742 1177 2790 prout
1205 2743 1371 2780 motum
1392 2739 1515 2780 illum
1534 2740 1600 2780 vel
1630 2740 1794 2781 efferari
1818 2739 1883 2781 vel

422 2800 692 2853 languescere
714 2803 1015 2846 animadverto.

486 2868 564 2921 [9.]
604 2868 704 2909 Post
726 2873 1107 2914 venae-sectionem
1128 2875 1352 2928 (siquidem
1372 2875 1463 2930 ipsa
1478 2877 1602 2930 juxta
1623 2890 1742 2916 casus
1762 2891 1880 2930 prae-

422 2940 674 2976 memoratos
715 2939 947 2979 necessaria
986 2940 1144 2994 fuerit,)
1190 2943 1377 2983 solicitus
1418 2943 1671 2997 sedulusque
1711 2943 1879 2997 inquiro
