1985 3308
193 1289 316 1320 Omnes
332 1288 382 1320 fe·

191 1343 224 1362 re
239 1333 370 1363 affectus

191 1376 335 1406 aemula-

193 1423 276 1449 turc.

675 692 1034 751 THOMAE
1095 692 1583 751 SYDENHAM

783 857 1128 910 PROCESSUS
1176 857 1247 907 IN
1254 857 1463 908 TEGRI.

1020 1013 1146 1055 CAP.
1179 1013 1236 1054 13²

443 1121 507 1162 De
526 1118 767 1174 Affectione,
785 1119 830 1160 in
849 1119 1053 1161 Foemz'm‘s
1074 1118 1315 1175 Hysterica,
1336 1119 1530 1161 Marilms
1551 1118 1813 1175 Hypochon·

971 1188 1123 1239 driaca,
1147 1189 1272 1229 dicta.

455 1279 586 1323 CUMb
617 1294 642 1322 a
677 1294 778 1321 casu
811 1279 952 1334 aliquo
989 1278 1170 1333 graviori
1208 1278 1437 1320 molestum
1470 1278 1632 1332 patitur
1664 1277 1856 1319 humana

398 1348 552 1400 anima,
580 1349 762 1390 ataxiam
793 1348 1039 1403 concipiunt
1065 1348 1268 1389 animales
1300 1348 1471 1402 spiritus
1484 1365 1496 1398 3
1529 1347 1654 1388 urina
1677 1347 1856 1389 subinde

395 1417 689 1472 limpidissima
713 1417 878 1470 copiose
903 1416 1167 1466 excernitur3
1200 1416 1393 1456 sanitatis
1420 1415 1733 1470 recuperandae
1761 1429 1855 1469 spes

397 1486 535 1526 omnis
555 1485 749 1539 protinus
771 1485 980 1539 abjicitur,
999 1489 1041 1525 et
1062 1484 1302 1525 tristissima
1319 1484 1487 1538 quaevis
1509 1484 1589 1525 sibi
1610 1484 1857 1525 ominantur

397 1559 608 1607 aegrotae.
663 1554 975 1606 Quamcunque
1006 1552 1190 1606 corporis
1229 1558 1395 1606 partem
1425 1552 1599 1593 morbus
1638 1552 1854 1603 insederit,

400 1622 619 1676 (plurimas
650 1626 794 1662 autem
823 1620 1010 1674 insidet,)
1046 1624 1331 1674 symptomata
1360 1620 1398 1660 ei
1428 1620 1540 1673 parti
1570 1620 1858 1674 competentia

397 1690 618 1731 confestim
657 1693 838 1744 urgent3
879 1689 925 1729 in
965 1689 1101 1742 capite
1141 1688 1371 1742 apoplexia,
1403 1688 1661 1742 hemiplegia
1701 1688 1853 1739 soluta,

396 1758 542 1799 statim
573 1772 597 1798 a
623 1763 753 1811 partu
774 1756 964 1798 adoritur
976 1773 988 1806 3
1021 1756 1177 1809 spasmi
1202 1756 1424 1810 epilepsiae
1451 1756 1684 1810 persimiles
1714 1756 1856 1809 (vulgo

403 1827 518 1867 Uterz'
540 1826 846 1878 Stranyulatzcs,
867 1825 914 1864 in
935 1837 1018 1878 quo
1041 1829 1188 1865 venter
1209 1830 1251 1864 et
1272 1824 1515 1878 praecordia
1544 1829 1694 1878 guttur
1713 1838 1858 1865 versus

396 1894 718 1945 intumescunt,)
749 1892 953 1933 infestant
966 1908 978 1942 3
1027 1891 1173 1931 Clavus
1199 1891 1455 1944 Hystericas,
1480 1892 1527 1932 in
1555 1906 1638 1947 quo
1666 1892 1784 1934 dolor
1810 1893 1858 1934 in

398 1963 534 2017 capite
556 1961 853 2012 atrocissimus,
877 1974 1003 2015 quem
1023 1965 1264 2001 transverso
1290 1960 1438 2014 pollice
1458 1961 1591 2015 possis
1613 1966 1855 2016 contegere,

397 2045 524 2084 aegra
555 2030 728 2071 interim
759 2030 982 2070 materiam
1014 2028 1190 2069 viridem
1221 2029 1297 2069 bili
1328 2043 1550 2082 porraceae
1582 2044 1728 2083 parem
1761 2044 1856 2073 evo·

397 2104 556 2149 mente,
577 2098 730 2139 misere
751 2097 974 2139 excruciat.
1040 2097 1120 2151 [2]
1160 2097 1308 2138 Cordis
1328 2097 1662 2152 palpitationem,
1689 2099 1855 2151 tussim,

396 2168 612 2222 passiones
633 2167 800 2208 iliacam
821 2172 863 2207 et
885 2166 1072 2216 colicam,
1086 2165 1317 2220 nephritin,
1331 2166 1480 2207 urinae
1501 2167 1852 2221 suppressionem,

399 2236 639 2277 aemulatur
682 2248 958 2289 paroxysmus
971 2251 983 2284 3
1035 2233 1286 2275 vomitiones
1333 2247 1538 2285 enormes,
1581 2234 1858 2287 diarrhoeam,

399 2304 580 2345 subinde
606 2303 761 2344 excitat
773 2320 785 2353 3
817 2308 990 2344 externe
1020 2301 1066 2341 in
1093 2315 1218 2342 carne
1250 2302 1491 2343 musculosa
1514 2316 1630 2343 nunc
1656 2303 1858 2355 dolorem,

399 2388 516 2415 nunc
543 2378 770 2423 tumorem,
791 2371 968 2422 inducit,
994 2370 1040 2410 in
1066 2370 1182 2410 tibiis
1206 2369 1407 2424 hydropis
1431 2370 1567 2411 instar
1579 2388 1591 2422 3
1621 2385 1701 2412 nec
1733 2371 1860 2425 (quod

401 2442 595 2495 mireris,)
619 2442 801 2482 intactos
823 2439 998 2480 dimittit
1021 2438 1193 2488 dentes3
1227 2438 1345 2478 dolor
1366 2438 1478 2479 dorsi
1499 2437 1750 2479 creberrime
1771 2453 1860 2480 sae-

401 2510 484 2560 vit3
516 2514 558 2550 et
587 2522 709 2562 saepe
741 2507 905 2560 saepius
937 2506 1040 2546 adeo
1071 2505 1377 2558 refrigerantur
1407 2511 1604 2548 externae
1634 2512 1788 2561 parteS,
1809 2511 1860 2549 ut

403 2577 580 2618 cadaver
608 2577 734 2631 plane
763 2575 963 2616 referant.
1026 2574 1081 2614 In
1101 2574 1234 2614 risum
1262 2580 1303 2615 et
1331 2575 1567 2630 lachrymas
1588 2576 1860 2618 effusissimas

403 2646 493 2686 sine
521 2645 608 2685 ulla
637 2642 852 2698 προφάσει
878 2642 1055 2683 ridicule
1087 2649 1317 2696 erumpunt
1331 2660 1342 2692 3
1378 2644 1629 2697 ptyalismus
1659 2659 1860 2686 nonnun-

405 2727 531 2767 quam
554 2726 602 2753 eo
624 2712 759 2766 gradu
779 2711 1018 2751 laborantes
1041 2710 1180 2760 afficit,
1202 2717 1251 2751 ut
1273 2711 1490 2753 Mercurio
1511 2712 1719 2754 delibutas
1739 2714 1862 2755 facile

405 2780 608 2821 crederes.
669 2779 846 2820 Dolores
874 2777 1088 2833 Hysterici
1114 2793 1410 2834 quamcunque
1442 2786 1606 2835 partem
1639 2782 1860 2833 obsident3

447 2891 459 2904 ¹
486 2887 534 2916 Cf.
554 2889 680 2916 Dissert.
700 2887 800 2926 Epist.
818 2887 832 2923 ,ὁ
854 2887 891 2916 58
909 2896 955 2926 sq.
1186 2891 1198 2905 Ε
1223 2888 1344 2919 Elem-h.
1364 2889 1435 2919 Rer.
1454 2888 1487 2919 in
1502 2889 1646 2929 margine
1662 2890 1730 2930 ipse
1743 2890 1860 2922 addidi.

448 2928 461 2946 b
487 2931 570 2965 Cum,
588 2928 657 2968 ἃα]
676 2929 725 2959 Cf.
745 2931 875 2960 Dissert.
892 2930 990 2968 Epist.
1010 2930 1024 2967 ξ
1042 2929 1082 2959 60
1103 2939 1148 2968 sq.
