<?xml version="1.0" encoding="UTF-8"?>
<!DOCTYPE html PUBLIC "-//W3C//DTD XHTML 1.0 Transitional//EN"
    "http://www.w3.org/TR/xhtml1/DTD/xhtml1-transitional.dtd">
<html xmlns="http://www.w3.org/1999/xhtml" xml:lang="en" lang="en">
 <head>
  <title>
</title>
<meta http-equiv="Content-Type" content="text/html;charset=utf-8" />
  <meta name='ocr-system' content='tesseract 3.04.00' />
  <meta name='ocr-capabilities' content='ocr_page ocr_carea ocr_par ocr_line ocrx_word'/>
</head>
<body>
  <div class='ocr_page' id='page_1' title='image "./thomaesydenhammd00sydeuoft_0419.png"; bbox 0 0 1985 3308; ppageno 0'>
   <div class='ocr_carea' id='block_1_1' title="bbox 0 0 63 3308">
    <p class='ocr_par' dir='ltr' id='par_1_1' title="bbox 0 0 63 3308">
     <span class='ocr_line' id='line_1_1' title="bbox 0 0 63 3308; baseline 0 0"><span class='ocrx_word' id='word_1_1' title='bbox 0 0 63 3308; x_wconf 95' lang='lat' dir='ltr'> </span> 
     </span>
    </p>
   </div>
   <div class='ocr_carea' id='block_1_2' title="bbox 396 137 1531 180">
    <p class='ocr_par' dir='ltr' id='par_1_2' title="bbox 396 137 1531 180">
     <span class='ocr_line' id='line_1_2' title="bbox 396 137 1531 180; baseline -0.003 -1"><span class='ocrx_word' id='word_1_2' title='bbox 396 137 788 180; x_wconf 87' lang='lat' dir='ltr'>DISSERTATIO</span> <span class='ocrx_word' id='word_1_3' title='bbox 820 137 1223 177; x_wconf 85' lang='lat' dir='ltr'>EPISTOLARIS.</span> <span class='ocrx_word' id='word_1_4' title='bbox 1448 138 1531 176; x_wconf 86' lang='lat'>383</span> 
     </span>
    </p>
   </div>
   <div class='ocr_carea' id='block_1_3' title="bbox 79 241 1737 501">
    <p class='ocr_par' dir='ltr' id='par_1_3' title="bbox 79 241 1737 501">
     <span class='ocr_line' id='line_1_3' title="bbox 83 241 1713 297; baseline -0.001 -11"><span class='ocrx_word' id='word_1_5' title='bbox 83 245 305 296; x_wconf 87' lang='lat' dir='ltr'>dictarum,</span> <span class='ocrx_word' id='word_1_6' title='bbox 328 245 393 286; x_wconf 79' lang='lat' dir='ltr'>vel</span> <span class='ocrx_word' id='word_1_7' title='bbox 423 259 568 286; x_wconf 88' lang='lat' dir='ltr'>earum</span> <span class='ocrx_word' id='word_1_8' title='bbox 601 244 750 285; x_wconf 87' lang='lat' dir='ltr'>saltem</span> <span class='ocrx_word' id='word_1_9' title='bbox 781 243 1211 297; x_wconf 84' lang='lat' dir='ltr'>aliquammultarum,</span> <span class='ocrx_word' id='word_1_10' title='bbox 1233 254 1321 282; x_wconf 89' lang='lat' dir='ltr'>una</span> <span class='ocrx_word' id='word_1_11' title='bbox 1346 241 1391 282; x_wconf 90' lang='lat' dir='ltr'>in</span> <span class='ocrx_word' id='word_1_12' title='bbox 1422 241 1533 282; x_wconf 89' lang='lat' dir='ltr'>dolio</span> <span class='ocrx_word' id='word_1_13' title='bbox 1575 253 1628 283; x_wconf 63' lang='lat' dir='ltr'>Dr:</span> <span class='ocrx_word' id='word_1_14' title='bbox 1647 254 1713 284; x_wconf 68' lang='lat' dir='ltr'>Ar-</span> 
     </span>
     <span class='ocr_line' id='line_1_4' title="bbox 82 297 1735 369; baseline -0.002 -17"><span class='ocrx_word' id='word_1_15' title='bbox 82 313 246 354; x_wconf 89' lang='lat' dir='ltr'>inclusa</span> <span class='ocrx_word' id='word_1_16' title='bbox 277 313 418 354; x_wconf 88' lang='lat' dir='ltr'>fuerit.</span> <span class='ocrx_word' id='word_1_17' title='bbox 498 311 694 364; x_wconf 90' lang='lat' dir='ltr'>Denique</span> <span class='ocrx_word' id='word_1_18' title='bbox 728 311 808 351; x_wconf 91' lang='lat' dir='ltr'>hoc</span> <span class='ocrx_word' id='word_1_19' title='bbox 837 310 948 364; x_wconf 89' lang='lat' dir='ltr'>quod</span> <span class='ocrx_word' id='word_1_20' title='bbox 979 309 1104 350; x_wconf 91' lang='lat' dir='ltr'>innui</span> <span class='ocrx_word' id='word_1_21' title='bbox 1134 309 1359 362; x_wconf 86' lang='lat' dir='ltr'>diligenter</span> <span class='ocrx_word' id='word_1_22' title='bbox 1389 308 1532 349; x_wconf 85' lang='lat' dir='ltr'>adver·</span> <span class='ocrx_word' id='word_1_23' title='bbox 1554 297 1735 369; x_wconf 49' lang='lat' dir='ltr'>rpTcgmlciX-</span> 
     </span>
     <span class='ocr_line' id='line_1_5' title="bbox 81 376 1737 437; baseline -0.003 -16"><span class='ocrx_word' id='word_1_24' title='bbox 81 380 262 421; x_wconf 86' lang='lat' dir='ltr'>tendum</span> <span class='ocrx_word' id='word_1_25' title='bbox 281 381 386 431; x_wconf 91' lang='lat' dir='ltr'>volo,</span> <span class='ocrx_word' id='word_1_26' title='bbox 409 394 506 421; x_wconf 90' lang='lat' dir='ltr'>cum</span> <span class='ocrx_word' id='word_1_27' title='bbox 525 393 613 420; x_wconf 90' lang='lat' dir='ltr'>non</span> <span class='ocrx_word' id='word_1_28' title='bbox 633 392 788 433; x_wconf 84' lang='lat' dir='ltr'>paucos</span> <span class='ocrx_word' id='word_1_29' title='bbox 808 378 994 419; x_wconf 87' lang='lat' dir='ltr'>infantes</span> <span class='ocrx_word' id='word_1_30' title='bbox 1016 382 1142 430; x_wconf 84' lang='lat' dir='ltr'>atque</span> <span class='ocrx_word' id='word_1_31' title='bbox 1163 391 1313 430; x_wconf 88' lang='lat' dir='ltr'>pueros</span> <span class='ocrx_word' id='word_1_32' title='bbox 1331 391 1355 416; x_wconf 88' lang='lat' dir='ltr'>a</span> <span class='ocrx_word' id='word_1_33' title='bbox 1368 376 1532 417; x_wconf 89' lang='lat' dir='ltr'>cathar-</span> <span class='ocrx_word' id='word_1_34' title='bbox 1554 396 1627 426; x_wconf 81' lang='lat' dir='ltr'>Non</span> <span class='ocrx_word' id='word_1_35' title='bbox 1645 399 1737 437; x_wconf 85' lang='lat' dir='ltr'>pauci</span> 
     </span>
     <span class='ocr_line' id='line_1_6' title="bbox 79 438 1721 501; baseline -0.003 -14"><span class='ocrx_word' id='word_1_36' title='bbox 79 446 174 487; x_wconf 88' lang='lat' dir='ltr'>ticis</span> <span class='ocrx_word' id='word_1_37' title='bbox 195 461 318 501; x_wconf 86' lang='lat' dir='ltr'>saepe</span> <span class='ocrx_word' id='word_1_38' title='bbox 337 447 527 501; x_wconf 89' lang='lat' dir='ltr'>repetitis</span> <span class='ocrx_word' id='word_1_39' title='bbox 552 448 674 500; x_wconf 89' lang='lat' dir='ltr'>(quae</span> <span class='ocrx_word' id='word_1_40' title='bbox 689 446 797 487; x_wconf 86' lang='lat' dir='ltr'>forte</span> <span class='ocrx_word' id='word_1_41' title='bbox 818 445 975 486; x_wconf 89' lang='lat' dir='ltr'>ventris</span> <span class='ocrx_word' id='word_1_42' title='bbox 996 449 1139 485; x_wconf 89' lang='lat' dir='ltr'>tumor</span> <span class='ocrx_word' id='word_1_43' title='bbox 1164 443 1443 496; x_wconf 85' lang='lat' dir='ltr'>invitaverat,)</span> <span class='ocrx_word' id='word_1_44' title='bbox 1468 443 1532 483; x_wconf 89' lang='lat' dir='ltr'>in·</span> <span class='ocrx_word' id='word_1_45' title='bbox 1551 438 1687 469; x_wconf 62' lang='lat' dir='ltr'>infante-³</span> <span class='ocrx_word' id='word_1_46' title='bbox 1703 451 1721 470; x_wconf 87' lang='lat' dir='ltr'>a</span> 
     </span>
    </p>
   </div>
   <div class='ocr_carea' id='block_1_4' title="bbox 1553 384 1737 390">
    <p class='ocr_par' dir='ltr' id='par_1_4' title="bbox 1553 384 1737 390">
     <span class='ocr_line' id='line_1_7' title="bbox 1553 384 1737 390; baseline 0 0"><span class='ocrx_word' id='word_1_47' title='bbox 1553 384 1737 390; x_wconf 95' lang='lat' dir='ltr'> </span> 
     </span>
    </p>
   </div>
   <div class='ocr_carea' id='block_1_5' title="bbox 80 481 1732 649">
    <p class='ocr_par' dir='ltr' id='par_1_5' title="bbox 80 481 1732 649">
     <span class='ocr_line' id='line_1_8' title="bbox 80 481 1732 568; baseline -0.001 -13"><span class='ocrx_word' id='word_1_48' title='bbox 80 518 311 568; x_wconf 87' lang='lat' dir='ltr'>teremptos</span> <span class='ocrx_word' id='word_1_49' title='bbox 331 515 459 555; x_wconf 87' lang='lat' dir='ltr'>fuisse</span> <span class='ocrx_word' id='word_1_50' title='bbox 481 514 580 555; x_wconf 86' lang='lat' dir='ltr'>satis</span> <span class='ocrx_word' id='word_1_51' title='bbox 602 514 744 554; x_wconf 87' lang='lat' dir='ltr'>sciam.</span> <span class='ocrx_word' id='word_1_52' title='bbox 807 513 892 553; x_wconf 88' lang='lat' dir='ltr'>Sed</span> <span class='ocrx_word' id='word_1_53' title='bbox 911 512 1015 553; x_wconf 88' lang='lat' dir='ltr'>haee</span> <span class='ocrx_word' id='word_1_54' title='bbox 1037 512 1185 552; x_wconf 87' lang='lat' dir='ltr'>obiter.</span> <span class='ocrx_word' id='word_1_55' title='bbox 1550 481 1732 563; x_wconf 49' lang='grc' dir='ltr'>Ξὲἑὲἓᾞῗιὸ</span> 
     </span>
     <span class='ocr_line' id='line_1_9' title="bbox 146 570 1723 649; baseline -0.001 -27"><span class='ocrx_word' id='word_1_56' title='bbox 146 583 282 636; x_wconf 87' lang='grc'><strong>[101.]</strong></span> <span class='ocrx_word' id='word_1_57' title='bbox 323 583 367 623; x_wconf 89' lang='lat' dir='ltr'>Si</span> <span class='ocrx_word' id='word_1_58' title='bbox 400 583 492 636; x_wconf 92' lang='lat' dir='ltr'>quis</span> <span class='ocrx_word' id='word_1_59' title='bbox 532 581 744 636; x_wconf 88' lang='lat' dir='ltr'>objecerit,</span> <span class='ocrx_word' id='word_1_60' title='bbox 779 581 1025 621; x_wconf 88' lang='lat' dir='ltr'>limaturam</span> <span class='ocrx_word' id='word_1_61' title='bbox 1058 579 1258 633; x_wconf 80' lang='lat' dir='ltr'>chalybis,</span> <span class='ocrx_word' id='word_1_62' title='bbox 1291 578 1374 619; x_wconf 88' lang='lat' dir='ltr'>nisi</span> <span class='ocrx_word' id='word_1_63' title='bbox 1408 592 1533 632; x_wconf 86' lang='lat' dir='ltr'>aeger</span> <span class='ocrx_word' id='word_1_64' title='bbox 1551 570 1723 649; x_wconf 48' lang='grc' dir='ltr'>ξξξὲζερζῗ</span> 
     </span>
    </p>
   </div>
   <div class='ocr_carea' id='block_1_6' title="bbox 78 645 1741 2323">
    <p class='ocr_par' dir='ltr' id='par_1_6' title="bbox 78 645 1736 1180">
     <span class='ocr_line' id='line_1_10' title="bbox 81 645 1732 704; baseline -0.002 -15"><span class='ocrx_word' id='word_1_65' title='bbox 81 649 260 690; x_wconf 89' lang='lat' dir='ltr'>subinde</span> <span class='ocrx_word' id='word_1_66' title='bbox 294 650 422 690; x_wconf 81' lang='lat' dir='ltr'>fuerit</span> <span class='ocrx_word' id='word_1_67' title='bbox 457 654 726 704; x_wconf 83' lang='lat' dir='ltr'>expurgatus,</span> <span class='ocrx_word' id='word_1_68' title='bbox 766 648 812 688; x_wconf 91' lang='lat' dir='ltr'>in</span> <span class='ocrx_word' id='word_1_69' title='bbox 846 647 1074 688; x_wconf 75' lang='lat' dir='ltr'>visceribus</span> <span class='ocrx_word' id='word_1_70' title='bbox 1109 647 1358 688; x_wconf 88' lang='lat' dir='ltr'>haerentem</span> <span class='ocrx_word' id='word_1_71' title='bbox 1391 646 1430 687; x_wconf 90' lang='lat' dir='ltr'>ei</span> <span class='ocrx_word' id='word_1_72' title='bbox 1463 645 1534 699; x_wconf 88' lang='lat' dir='ltr'>qui</span> <span class='ocrx_word' id='word_1_73' title='bbox 1553 655 1636 699; x_wconf 46' lang='lat' dir='ltr'>suxit.</span> <span class='ocrx_word' id='word_1_74' title='bbox 1671 693 1677 699; x_wconf 93' lang='lat'>.</span> <span class='ocrx_word' id='word_1_75' title='bbox 1725 695 1732 700; x_wconf 43' lang='lat'>·</span> 
     </span>
     <span class='ocr_line' id='line_1_11' title="bbox 79 693 1733 770; baseline -0.002 -13"><span class='ocrx_word' id='word_1_76' title='bbox 79 717 195 757; x_wconf 92' lang='lat' dir='ltr'>illam</span> <span class='ocrx_word' id='word_1_77' title='bbox 221 717 478 758; x_wconf 79' lang='lat' dir='ltr'>devoraverit</span> <span class='ocrx_word' id='word_1_78' title='bbox 498 730 650 757; x_wconf 89' lang='lat' dir='ltr'>nocere</span> <span class='ocrx_word' id='word_1_79' title='bbox 675 730 820 770; x_wconf 76' lang='lat' dir='ltr'>posse3</span> <span class='ocrx_word' id='word_1_80' title='bbox 851 715 1097 769; x_wconf 87' lang='lat' dir='ltr'>respondeo,</span> <span class='ocrx_word' id='word_1_81' title='bbox 1118 715 1316 768; x_wconf 88' lang='lat' dir='ltr'>primum,</span> <span class='ocrx_word' id='word_1_82' title='bbox 1338 728 1407 754; x_wconf 91' lang='lat' dir='ltr'>me</span> <span class='ocrx_word' id='word_1_83' title='bbox 1428 714 1534 754; x_wconf 89' lang='lat' dir='ltr'>nihil</span> <span class='ocrx_word' id='word_1_84' title='bbox 1552 693 1733 767; x_wconf 46' lang='lat' dir='ltr'>gtbgffiti&#39;g&#39;ffi</span> 
     </span>
     <span class='ocr_line' id='line_1_12' title="bbox 79 778 1736 851; baseline -0.002 -26"><span class='ocrx_word' id='word_1_85' title='bbox 79 799 270 838; x_wconf 89' lang='lat' dir='ltr'>unquam</span> <span class='ocrx_word' id='word_1_86' title='bbox 290 786 376 827; x_wconf 91' lang='lat' dir='ltr'>tale</span> <span class='ocrx_word' id='word_1_87' title='bbox 396 786 441 826; x_wconf 90' lang='lat' dir='ltr'>in</span> <span class='ocrx_word' id='word_1_88' title='bbox 457 799 669 839; x_wconf 88' lang='lat' dir='ltr'>quoquam</span> <span class='ocrx_word' id='word_1_89' title='bbox 685 784 1008 838; x_wconf 86' lang='lat' dir='ltr'>deprehendisse</span> <span class='ocrx_word' id='word_1_90' title='bbox 1024 801 1036 834; x_wconf 73' lang='lat'>5</span> <span class='ocrx_word' id='word_1_91' title='bbox 1069 783 1234 833; x_wconf 89' lang='lat' dir='ltr'>deinde,</span> <span class='ocrx_word' id='word_1_92' title='bbox 1251 784 1377 836; x_wconf 88' lang='lat' dir='ltr'>longe</span> <span class='ocrx_word' id='word_1_93' title='bbox 1393 782 1532 823; x_wconf 78' lang='lat' dir='ltr'>verisi-</span> <span class='ocrx_word' id='word_1_94' title='bbox 1552 778 1736 851; x_wconf 37' lang='grc' dir='ltr'>ξξεῗῑοῖῗθζε</span> 
     </span>
     <span class='ocr_line' id='line_1_13' title="bbox 79 850 1724 904; baseline 0.001 -13"><span class='ocrx_word' id='word_1_95' title='bbox 79 852 220 892; x_wconf 85' lang='lat' dir='ltr'>milius</span> <span class='ocrx_word' id='word_1_96' title='bbox 241 867 342 903; x_wconf 89' lang='lat' dir='ltr'>esse,</span> <span class='ocrx_word' id='word_1_97' title='bbox 365 853 543 894; x_wconf 88' lang='lat' dir='ltr'>eandem</span> <span class='ocrx_word' id='word_1_98' title='bbox 569 866 693 893; x_wconf 90' lang='lat' dir='ltr'>muco</span> <span class='ocrx_word' id='word_1_99' title='bbox 720 857 762 892; x_wconf 90' lang='lat' dir='ltr'>et</span> <span class='ocrx_word' id='word_1_100' title='bbox 789 850 1115 892; x_wconf 84' lang='lat' dir='ltr'>excrementitiis</span> <span class='ocrx_word' id='word_1_101' title='bbox 1136 851 1321 904; x_wconf 87' lang='lat' dir='ltr'>partium</span> <span class='ocrx_word' id='word_1_102' title='bbox 1348 850 1532 891; x_wconf 86' lang='lat' dir='ltr'>humori-</span> <span class='ocrx_word' id='word_1_103' title='bbox 1551 863 1584 892; x_wconf 82' lang='lat' dir='ltr'>in</span> <span class='ocrx_word' id='word_1_104' title='bbox 1600 863 1724 894; x_wconf 80' lang='lat' dir='ltr'>intesti-</span> 
     </span>
     <span class='ocr_line' id='line_1_14' title="bbox 78 906 1735 978; baseline -0.001 -17"><span class='ocrx_word' id='word_1_105' title='bbox 78 918 158 960; x_wconf 91' lang='lat' dir='ltr'>bus</span> <span class='ocrx_word' id='word_1_106' title='bbox 179 920 410 961; x_wconf 82' lang='lat' dir='ltr'>involutam</span> <span class='ocrx_word' id='word_1_107' title='bbox 430 935 518 961; x_wconf 87' lang='lat' dir='ltr'>una</span> <span class='ocrx_word' id='word_1_108' title='bbox 538 935 636 961; x_wconf 92' lang='lat' dir='ltr'>cum</span> <span class='ocrx_word' id='word_1_109' title='bbox 655 920 745 960; x_wconf 89' lang='lat' dir='ltr'>istis</span> <span class='ocrx_word' id='word_1_110' title='bbox 766 920 941 960; x_wconf 88' lang='lat' dir='ltr'>tandem</span> <span class='ocrx_word' id='word_1_111' title='bbox 961 933 1132 960; x_wconf 89' lang='lat' dir='ltr'>omnem</span> <span class='ocrx_word' id='word_1_112' title='bbox 1154 919 1274 968; x_wconf 85' lang='lat' dir='ltr'>elabi,</span> <span class='ocrx_word' id='word_1_113' title='bbox 1298 934 1424 972; x_wconf 88' lang='lat' dir='ltr'>quam</span> <span class='ocrx_word' id='word_1_114' title='bbox 1446 932 1531 959; x_wconf 87' lang='lat' dir='ltr'>me·</span> <span class='ocrx_word' id='word_1_115' title='bbox 1549 906 1735 978; x_wconf 43' lang='lat' dir='ltr'>xrxiissnlgiegp:</span> 
     </span>
     <span class='ocr_line' id='line_1_15' title="bbox 80 987 1736 1043; baseline 0.001 -15"><span class='ocrx_word' id='word_1_116' title='bbox 80 987 328 1029; x_wconf 90' lang='lat' dir='ltr'>dicamentis</span> <span class='ocrx_word' id='word_1_117' title='bbox 340 989 620 1043; x_wconf 83' lang='lat' dir='ltr'>purgantibus</span> <span class='ocrx_word' id='word_1_118' title='bbox 634 988 902 1043; x_wconf 79' lang='lat' dir='ltr'>exagitatam,</span> <span class='ocrx_word' id='word_1_119' title='bbox 919 1002 1023 1042; x_wconf 90' lang='lat' dir='ltr'>quae</span> <span class='ocrx_word' id='word_1_120' title='bbox 1037 988 1329 1029; x_wconf 86' lang='lat' dir='ltr'>adstrictioues</span> <span class='ocrx_word' id='word_1_121' title='bbox 1343 988 1532 1029; x_wconf 86' lang='lat' dir='ltr'>insolitas</span> <span class='ocrx_word' id='word_1_122' title='bbox 1550 997 1736 1030; x_wconf 85' lang='lat' dir='ltr'>purgentur.</span> 
     </span>
     <span class='ocr_line' id='line_1_16' title="bbox 80 1055 1532 1110; baseline -0.001 -13"><span class='ocrx_word' id='word_1_123' title='bbox 80 1061 123 1097; x_wconf 91' lang='lat' dir='ltr'>et</span> <span class='ocrx_word' id='word_1_124' title='bbox 142 1056 349 1098; x_wconf 86' lang='lat' dir='ltr'>viscerum</span> <span class='ocrx_word' id='word_1_125' title='bbox 369 1058 576 1099; x_wconf 87' lang='lat' dir='ltr'>torsiones</span> <span class='ocrx_word' id='word_1_126' title='bbox 598 1057 991 1110; x_wconf 88' lang='lat' dir='ltr'>contractionesque</span> <span class='ocrx_word' id='word_1_127' title='bbox 1014 1056 1197 1096; x_wconf 86' lang='lat' dir='ltr'>afferunt</span> <span class='ocrx_word' id='word_1_128' title='bbox 1212 1073 1223 1105; x_wconf 82' lang='lat'>3</span> <span class='ocrx_word' id='word_1_129' title='bbox 1257 1070 1340 1109; x_wconf 88' lang='lat' dir='ltr'>qua</span> <span class='ocrx_word' id='word_1_130' title='bbox 1361 1055 1532 1109; x_wconf 89' lang='lat' dir='ltr'>quidem</span> 
     </span>
     <span class='ocr_line' id='line_1_17' title="bbox 79 1123 1530 1180; baseline -0.002 -14"><span class='ocrx_word' id='word_1_131' title='bbox 79 1125 387 1178; x_wconf 86' lang='lat' dir='ltr'>compressione</span> <span class='ocrx_word' id='word_1_132' title='bbox 418 1126 605 1180; x_wconf 78' lang='lat' dir='ltr'>chalybis</span> <span class='ocrx_word' id='word_1_133' title='bbox 637 1125 878 1179; x_wconf 84' lang='lat' dir='ltr'>particulae,</span> <span class='ocrx_word' id='word_1_134' title='bbox 900 1125 1107 1165; x_wconf 66' lang='lat' dir='ltr'>viscerum</span> <span class='ocrx_word' id='word_1_135' title='bbox 1135 1123 1290 1164; x_wconf 91' lang='lat' dir='ltr'>tunicis</span> <span class='ocrx_word' id='word_1_136' title='bbox 1311 1123 1530 1177; x_wconf 86' lang='lat' dir='ltr'>impactae,</span> 
     </span>
    </p>

    <p class='ocr_par' dir='ltr' id='par_1_7' title="bbox 79 1192 857 1247">
     <span class='ocr_line' id='line_1_18' title="bbox 79 1192 857 1247; baseline 0.001 -15"><span class='ocrx_word' id='word_1_137' title='bbox 79 1192 125 1232; x_wconf 93' lang='lat' dir='ltr'>in</span> <span class='ocrx_word' id='word_1_138' title='bbox 144 1193 294 1234; x_wconf 89' lang='lat' dir='ltr'>iisdem</span> <span class='ocrx_word' id='word_1_139' title='bbox 313 1193 499 1247; x_wconf 83' lang='lat' dir='ltr'>penitius</span> <span class='ocrx_word' id='word_1_140' title='bbox 521 1194 646 1247; x_wconf 89' lang='lat' dir='ltr'>defigi</span> <span class='ocrx_word' id='word_1_141' title='bbox 666 1197 857 1246; x_wconf 84' lang='lat' dir='ltr'>possunt.</span> 
     </span>
    </p>

    <p class='ocr_par' dir='ltr' id='par_1_8' title="bbox 78 1259 1722 1858">
     <span class='ocr_line' id='line_1_19' title="bbox 144 1259 1717 1315; baseline 0.004 -15"><span class='ocrx_word' id='word_1_142' title='bbox 144 1260 280 1314; x_wconf 61' lang='lat'>[102]</span> <span class='ocrx_word' id='word_1_143' title='bbox 318 1261 491 1302; x_wconf 88' lang='lat' dir='ltr'>Interea</span> <span class='ocrx_word' id='word_1_144' title='bbox 516 1262 619 1302; x_wconf 91' lang='lat' dir='ltr'>dum</span> <span class='ocrx_word' id='word_1_145' title='bbox 639 1261 812 1315; x_wconf 84' lang='lat' dir='ltr'>chalybs</span> <span class='ocrx_word' id='word_1_146' title='bbox 844 1260 1175 1310; x_wconf 86' lang='lat' dir='ltr'>administratur,</span> <span class='ocrx_word' id='word_1_147' title='bbox 1203 1259 1271 1313; x_wconf 87' lang='lat' dir='ltr'>(ad</span> <span class='ocrx_word' id='word_1_148' title='bbox 1292 1261 1531 1301; x_wconf 83' lang='lat' dir='ltr'>confortan-</span> <span class='ocrx_word' id='word_1_149' title='bbox 1552 1275 1717 1314; x_wconf 74' lang='lat' dir='ltr'>Hysterica</span> 
     </span>
     <span class='ocr_line' id='line_1_20' title="bbox 79 1317 1704 1390; baseline 0.001 -22"><span class='ocrx_word' id='word_1_150' title='bbox 79 1327 182 1368; x_wconf 89' lang='lat' dir='ltr'>dum</span> <span class='ocrx_word' id='word_1_151' title='bbox 204 1328 360 1369; x_wconf 91' lang='lat' dir='ltr'>scilicet</span> <span class='ocrx_word' id='word_1_152' title='bbox 382 1329 634 1382; x_wconf 87' lang='lat' dir='ltr'>sanguinem</span> <span class='ocrx_word' id='word_1_153' title='bbox 665 1334 707 1369; x_wconf 92' lang='lat' dir='ltr'>et</span> <span class='ocrx_word' id='word_1_154' title='bbox 735 1328 906 1382; x_wconf 86' lang='lat' dir='ltr'>spiritus</span> <span class='ocrx_word' id='word_1_155' title='bbox 929 1328 1160 1380; x_wconf 57' lang='lat' dir='ltr'>animales)</span> <span class='ocrx_word' id='word_1_156' title='bbox 1184 1328 1384 1379; x_wconf 88' lang='lat' dir='ltr'>remedia,</span> <span class='ocrx_word' id='word_1_157' title='bbox 1406 1329 1533 1382; x_wconf 83' lang='lat' dir='ltr'>vulgo</span> <span class='ocrx_word' id='word_1_158' title='bbox 1552 1317 1704 1390; x_wconf 51' lang='lat' dir='ltr'>ffissffiarffi</span> 
     </span>
     <span class='ocr_line' id='line_1_21' title="bbox 79 1395 1718 1450; baseline 0.001 -15"><span class='ocrx_word' id='word_1_159' title='bbox 79 1395 192 1436; x_wconf 90' lang='lat' dir='ltr'>dicta</span> <span class='ocrx_word' id='word_1_160' title='bbox 211 1397 428 1449; x_wconf 57' lang='lat' dir='ltr'>hyster-ica,</span> <span class='ocrx_word' id='word_1_161' title='bbox 445 1396 491 1437; x_wconf 93' lang='lat' dir='ltr'>in</span> <span class='ocrx_word' id='word_1_162' title='bbox 511 1411 636 1437; x_wconf 90' lang='lat' dir='ltr'>usum</span> <span class='ocrx_word' id='word_1_163' title='bbox 658 1396 777 1450; x_wconf 88' lang='lat' dir='ltr'>quasi</span> <span class='ocrx_word' id='word_1_164' title='bbox 797 1396 932 1437; x_wconf 92' lang='lat' dir='ltr'>obiter</span> <span class='ocrx_word' id='word_1_165' title='bbox 952 1396 1186 1436; x_wconf 82' lang='lat' dir='ltr'>revocanda</span> <span class='ocrx_word' id='word_1_166' title='bbox 1206 1401 1319 1446; x_wconf 91' lang='lat' dir='ltr'>sunt,</span> <span class='ocrx_word' id='word_1_167' title='bbox 1336 1396 1463 1449; x_wconf 90' lang='lat' dir='ltr'>idque</span> <span class='ocrx_word' id='word_1_168' title='bbox 1485 1410 1533 1437; x_wconf 91' lang='lat' dir='ltr'>eo</span> <span class='ocrx_word' id='word_1_169' title='bbox 1552 1402 1653 1450; x_wconf 49' lang='lat' dir='ltr'>{orma</span> <span class='ocrx_word' id='word_1_170' title='bbox 1669 1412 1718 1432; x_wconf 86' lang='lat' dir='ltr'>so-</span> 
     </span>
     <span class='ocr_line' id='line_1_22' title="bbox 78 1444 1722 1526; baseline 0.001 -23"><span class='ocrx_word' id='word_1_171' title='bbox 78 1462 204 1504; x_wconf 92' lang='lat' dir='ltr'>modo</span> <span class='ocrx_word' id='word_1_172' title='bbox 224 1468 351 1517; x_wconf 90' lang='lat' dir='ltr'>atque</span> <span class='ocrx_word' id='word_1_173' title='bbox 381 1478 430 1505; x_wconf 86' lang='lat' dir='ltr'>ea</span> <span class='ocrx_word' id='word_1_174' title='bbox 459 1464 595 1505; x_wconf 88' lang='lat' dir='ltr'>forma</span> <span class='ocrx_word' id='word_1_175' title='bbox 615 1478 722 1518; x_wconf 89' lang='lat' dir='ltr'>quae</span> <span class='ocrx_word' id='word_1_176' title='bbox 749 1463 931 1504; x_wconf 82' lang='lat' dir='ltr'>maxime</span> <span class='ocrx_word' id='word_1_177' title='bbox 952 1463 1210 1504; x_wconf 87' lang='lat' dir='ltr'>conveniunt</span> <span class='ocrx_word' id='word_1_178' title='bbox 1232 1463 1367 1516; x_wconf 83' lang='lat' dir='ltr'>aegris</span> <span class='ocrx_word' id='word_1_179' title='bbox 1382 1480 1394 1514; x_wconf 85' lang='lat'>‚-</span> <span class='ocrx_word' id='word_1_180' title='bbox 1428 1478 1534 1517; x_wconf 90' lang='lat' dir='ltr'>quae</span> <span class='ocrx_word' id='word_1_181' title='bbox 1552 1444 1722 1526; x_wconf 38' lang='lat' dir='ltr'>gailadgsur-</span> 
     </span>
     <span class='ocr_line' id='line_1_23' title="bbox 81 1530 1636 1584; baseline 0.001 -13"><span class='ocrx_word' id='word_1_182' title='bbox 81 1530 250 1584; x_wconf 89' lang='lat' dir='ltr'>quidem</span> <span class='ocrx_word' id='word_1_183' title='bbox 266 1531 300 1572; x_wconf 92' lang='lat' dir='ltr'>si</span> <span class='ocrx_word' id='word_1_184' title='bbox 319 1531 365 1571; x_wconf 92' lang='lat' dir='ltr'>in</span> <span class='ocrx_word' id='word_1_185' title='bbox 379 1532 515 1572; x_wconf 87' lang='lat' dir='ltr'>forma</span> <span class='ocrx_word' id='word_1_186' title='bbox 531 1532 663 1573; x_wconf 87' lang='lat' dir='ltr'>solida</span> <span class='ocrx_word' id='word_1_187' title='bbox 676 1531 836 1572; x_wconf 87' lang='lat' dir='ltr'>fuerint</span> <span class='ocrx_word' id='word_1_188' title='bbox 854 1531 1085 1584; x_wconf 84' lang='lat' dir='ltr'>deglutitae</span> <span class='ocrx_word' id='word_1_189' title='bbox 1102 1546 1126 1572; x_wconf 87' lang='lat' dir='ltr'>a</span> <span class='ocrx_word' id='word_1_190' title='bbox 1137 1532 1279 1572; x_wconf 88' lang='lat' dir='ltr'>minus</span> <span class='ocrx_word' id='word_1_191' title='bbox 1295 1531 1532 1582; x_wconf 79' lang='lat' dir='ltr'>fastidiosis,</span> <span class='ocrx_word' id='word_1_192' title='bbox 1552 1535 1636 1560; x_wconf 81' lang='lat' dir='ltr'>sunt.</span> 
     </span>
     <span class='ocr_line' id='line_1_24' title="bbox 79 1599 1535 1654; baseline 0.001 -15"><span class='ocrx_word' id='word_1_193' title='bbox 79 1599 294 1652; x_wconf 89' lang='lat' dir='ltr'>potentius</span> <span class='ocrx_word' id='word_1_194' title='bbox 314 1600 441 1653; x_wconf 88' lang='lat' dir='ltr'>longe</span> <span class='ocrx_word' id='word_1_195' title='bbox 463 1600 632 1654; x_wconf 88' lang='lat' dir='ltr'>spiritus</span> <span class='ocrx_word' id='word_1_196' title='bbox 653 1600 699 1640; x_wconf 91' lang='lat' dir='ltr'>in</span> <span class='ocrx_word' id='word_1_197' title='bbox 720 1599 853 1640; x_wconf 87' lang='lat' dir='ltr'>officio</span> <span class='ocrx_word' id='word_1_198' title='bbox 869 1605 911 1640; x_wconf 90' lang='lat' dir='ltr'>et</span> <span class='ocrx_word' id='word_1_199' title='bbox 926 1600 1018 1641; x_wconf 89' lang='lat' dir='ltr'>loco</span> <span class='ocrx_word' id='word_1_200' title='bbox 1035 1614 1110 1640; x_wconf 91' lang='lat' dir='ltr'>suo</span> <span class='ocrx_word' id='word_1_201' title='bbox 1130 1600 1392 1650; x_wconf 87' lang='lat' dir='ltr'>retinebunt,</span> <span class='ocrx_word' id='word_1_202' title='bbox 1407 1614 1535 1653; x_wconf 89' lang='lat' dir='ltr'>quam</span> 
     </span>
     <span class='ocr_line' id='line_1_25' title="bbox 81 1667 1533 1722; baseline 0.001 -15"><span class='ocrx_word' id='word_1_203' title='bbox 81 1667 115 1707; x_wconf 92' lang='lat' dir='ltr'>si</span> <span class='ocrx_word' id='word_1_204' title='bbox 144 1667 189 1708; x_wconf 91' lang='lat' dir='ltr'>in</span> <span class='ocrx_word' id='word_1_205' title='bbox 217 1668 377 1722; x_wconf 82' lang='lat' dir='ltr'>liquida</span> <span class='ocrx_word' id='word_1_206' title='bbox 405 1669 670 1720; x_wconf 78' lang='lat' dir='ltr'>hauriantur,</span> <span class='ocrx_word' id='word_1_207' title='bbox 701 1669 781 1709; x_wconf 90' lang='lat' dir='ltr'>hoc</span> <span class='ocrx_word' id='word_1_208' title='bbox 812 1673 887 1718; x_wconf 89' lang='lat' dir='ltr'>est,</span> <span class='ocrx_word' id='word_1_209' title='bbox 921 1668 1004 1708; x_wconf 77' lang='lat' dir='ltr'>sive</span> <span class='ocrx_word' id='word_1_210' title='bbox 1036 1668 1220 1719; x_wconf 87' lang='lat' dir='ltr'>decocta,</span> <span class='ocrx_word' id='word_1_211' title='bbox 1253 1668 1337 1708; x_wconf 91' lang='lat' dir='ltr'>sive</span> <span class='ocrx_word' id='word_1_212' title='bbox 1368 1668 1533 1708; x_wconf 83' lang='lat' dir='ltr'>infusa:</span> 
     </span>
     <span class='ocr_line' id='line_1_26' title="bbox 79 1734 1534 1790; baseline 0.001 -15"><span class='ocrx_word' id='word_1_213' title='bbox 79 1734 171 1788; x_wconf 92' lang='lat' dir='ltr'>ipsa</span> <span class='ocrx_word' id='word_1_214' title='bbox 200 1736 314 1776; x_wconf 87' lang='lat' dir='ltr'>enim</span> <span class='ocrx_word' id='word_1_215' title='bbox 345 1735 583 1777; x_wconf 89' lang='lat' dir='ltr'>substantia</span> <span class='ocrx_word' id='word_1_216' title='bbox 608 1736 892 1777; x_wconf 81' lang='lat' dir='ltr'>ventriculum</span> <span class='ocrx_word' id='word_1_217' title='bbox 924 1735 1082 1776; x_wconf 88' lang='lat' dir='ltr'>diutius</span> <span class='ocrx_word' id='word_1_218' title='bbox 1111 1750 1257 1790; x_wconf 87' lang='lat' dir='ltr'>sapore</span> <span class='ocrx_word' id='word_1_219' title='bbox 1289 1750 1364 1776; x_wconf 92' lang='lat' dir='ltr'>suo</span> <span class='ocrx_word' id='word_1_220' title='bbox 1395 1735 1534 1786; x_wconf 86' lang='lat' dir='ltr'>afficit,</span> 
     </span>
     <span class='ocr_line' id='line_1_27' title="bbox 81 1803 668 1858; baseline 0.002 -15"><span class='ocrx_word' id='word_1_221' title='bbox 81 1806 123 1843; x_wconf 85' lang='lat' dir='ltr'>et</span> <span class='ocrx_word' id='word_1_222' title='bbox 144 1816 294 1857; x_wconf 89' lang='lat' dir='ltr'>corpus</span> <span class='ocrx_word' id='word_1_223' title='bbox 314 1803 449 1845; x_wconf 86' lang='lat' dir='ltr'>inficit</span> <span class='ocrx_word' id='word_1_224' title='bbox 469 1804 668 1858; x_wconf 85' lang='lat' dir='ltr'>penitius.</span> 
     </span>
    </p>

    <p class='ocr_par' dir='ltr' id='par_1_9' title="bbox 80 1871 1741 2131">
     <span class='ocr_line' id='line_1_28' title="bbox 146 1871 1741 1926; baseline 0 -14"><span class='ocrx_word' id='word_1_225' title='bbox 146 1871 303 1926; x_wconf 65' lang='grc' dir='ltr'>[103]ῐ</span> <span class='ocrx_word' id='word_1_226' title='bbox 332 1873 388 1913; x_wconf 93' lang='lat' dir='ltr'>In</span> <span class='ocrx_word' id='word_1_227' title='bbox 417 1886 595 1923; x_wconf 90' lang='lat' dir='ltr'>summa,</span> <span class='ocrx_word' id='word_1_228' title='bbox 627 1872 957 1913; x_wconf 89' lang='lat' dir='ltr'>indieationibus</span> <span class='ocrx_word' id='word_1_229' title='bbox 991 1887 1094 1926; x_wconf 90' lang='lat' dir='ltr'>quas</span> <span class='ocrx_word' id='word_1_230' title='bbox 1127 1886 1253 1926; x_wconf 87' lang='lat' dir='ltr'>supra</span> <span class='ocrx_word' id='word_1_231' title='bbox 1285 1871 1408 1926; x_wconf 87' lang='lat' dir='ltr'>attigi</span> <span class='ocrx_word' id='word_1_232' title='bbox 1439 1871 1534 1913; x_wconf 91' lang='lat' dir='ltr'>uni·</span> <span class='ocrx_word' id='word_1_233' title='bbox 1555 1882 1741 1920; x_wconf 78' lang='lat' dir='ltr'>Methodus,</span> 
     </span>
     <span class='ocr_line' id='line_1_29' title="bbox 80 1927 1738 1998; baseline 0.002 -19"><span class='ocrx_word' id='word_1_234' title='bbox 80 1940 208 1980; x_wconf 84' lang='lat' dir='ltr'>versis</span> <span class='ocrx_word' id='word_1_235' title='bbox 249 1940 552 1991; x_wconf 87' lang='lat' dir='ltr'>satisfacturus,</span> <span class='ocrx_word' id='word_1_236' title='bbox 593 1941 773 1995; x_wconf 87' lang='lat' dir='ltr'>paucula</span> <span class='ocrx_word' id='word_1_237' title='bbox 806 1941 911 1981; x_wconf 89' lang='lat' dir='ltr'>haec</span> <span class='ocrx_word' id='word_1_238' title='bbox 951 1945 994 1981; x_wconf 89' lang='lat' dir='ltr'>et</span> <span class='ocrx_word' id='word_1_239' title='bbox 1028 1941 1217 1994; x_wconf 79' lang='lat' dir='ltr'>vulgaria</span> <span class='ocrx_word' id='word_1_240' title='bbox 1251 1941 1536 1994; x_wconf 83' lang='lat' dir='ltr'>praescribere</span> <span class='ocrx_word' id='word_1_241' title='bbox 1555 1927 1738 1998; x_wconf 42' lang='lat' dir='ltr'>ssssssmfffll‘</span> 
     </span>
     <span class='ocr_line' id='line_1_30' title="bbox 81 2007 1671 2062; baseline 0.001 -14"><span class='ocrx_word' id='word_1_242' title='bbox 81 2008 194 2049; x_wconf 87' lang='lat' dir='ltr'>soleo</span> <span class='ocrx_word' id='word_1_243' title='bbox 206 2025 218 2058; x_wconf 72' lang='lat'>5</span> <span class='ocrx_word' id='word_1_244' title='bbox 251 2022 357 2062; x_wconf 90' lang='lat' dir='ltr'>quae</span> <span class='ocrx_word' id='word_1_245' title='bbox 375 2009 474 2049; x_wconf 85' lang='lat' dir='ltr'>licet</span> <span class='ocrx_word' id='word_1_246' title='bbox 496 2009 601 2049; x_wconf 90' lang='lat' dir='ltr'>nihil</span> <span class='ocrx_word' id='word_1_247' title='bbox 630 2008 845 2061; x_wconf 78' lang='lat' dir='ltr'>magnifici</span> <span class='ocrx_word' id='word_1_248' title='bbox 875 2022 975 2062; x_wconf 90' lang='lat' dir='ltr'>prae</span> <span class='ocrx_word' id='word_1_249' title='bbox 997 2022 1040 2049; x_wconf 92' lang='lat' dir='ltr'>se</span> <span class='ocrx_word' id='word_1_250' title='bbox 1061 2007 1214 2059; x_wconf 87' lang='lat' dir='ltr'>ferant,</span> <span class='ocrx_word' id='word_1_251' title='bbox 1235 2013 1285 2048; x_wconf 91' lang='lat' dir='ltr'>ut</span> <span class='ocrx_word' id='word_1_252' title='bbox 1306 2009 1537 2062; x_wconf 85' lang='lat' dir='ltr'>plurimum</span> <span class='ocrx_word' id='word_1_253' title='bbox 1556 2011 1671 2040; x_wconf 81' lang='lat' dir='ltr'>mulae.</span> 
     </span>
     <span class='ocr_line' id='line_1_31' title="bbox 81 2076 787 2131; baseline 0 -15"><span class='ocrx_word' id='word_1_254' title='bbox 81 2080 227 2116; x_wconf 85' lang='lat' dir='ltr'>tamen</span> <span class='ocrx_word' id='word_1_255' title='bbox 247 2076 291 2116; x_wconf 91' lang='lat' dir='ltr'>id</span> <span class='ocrx_word' id='word_1_256' title='bbox 311 2081 527 2130; x_wconf 89' lang='lat' dir='ltr'>praestant</span> <span class='ocrx_word' id='word_1_257' title='bbox 549 2076 662 2131; x_wconf 89' lang='lat' dir='ltr'>quod</span> <span class='ocrx_word' id='word_1_258' title='bbox 682 2076 787 2116; x_wconf 83' lang='lat' dir='ltr'>volo.</span> 
     </span>
    </p>

    <p class='ocr_par' dir='ltr' id='par_1_10' title="bbox 140 2142 1308 2197">
     <span class='ocr_line' id='line_1_32' title="bbox 140 2142 1308 2197; baseline 0 -13"><span class='ocrx_word' id='word_1_259' title='bbox 140 2144 342 2185; x_wconf 81' lang='lat' dir='ltr'>Mittatur</span> <span class='ocrx_word' id='word_1_260' title='bbox 363 2143 534 2197; x_wconf 89' lang='lat' dir='ltr'>sanguis</span> <span class='ocrx_word' id='word_1_261' title='bbox 555 2158 578 2184; x_wconf 90' lang='lat' dir='ltr'>e</span> <span class='ocrx_word' id='word_1_262' title='bbox 598 2143 769 2184; x_wconf 83' lang='lat' dir='ltr'>brachio</span> <span class='ocrx_word' id='word_1_263' title='bbox 791 2142 938 2184; x_wconf 79' lang='lat' dir='ltr'>dextro</span> <span class='ocrx_word' id='word_1_264' title='bbox 960 2142 1014 2183; x_wconf 88' lang='lat' dir='ltr'>ad</span> <span class='ocrx_word' id='word_1_265' title='bbox 1033 2142 1180 2183; x_wconf 85' lang='lat' dir='ltr'>uncias</span> <span class='ocrx_word' id='word_1_266' title='bbox 1201 2148 1308 2184; x_wconf 85' lang='lat' dir='ltr'>octo.</span> 
     </span>
    </p>

    <p class='ocr_par' dir='ltr' id='par_1_11' title="bbox 83 2226 1536 2323">
     <span class='ocr_line' id='line_1_33' title="bbox 83 2226 1536 2279; baseline -0.001 -17"><span class='ocrx_word' id='word_1_267' title='bbox 83 2227 217 2269; x_wconf 82' lang='lat' dir='ltr'>[Form.</span> <span class='ocrx_word' id='word_1_268' title='bbox 237 2227 336 2268; x_wconf 77' lang='lat'>73.]=¹</span> <span class='ocrx_word' id='word_1_269' title='bbox 363 2226 403 2279; x_wconf 91' lang='lat' dir='ltr'>R</span> <span class='ocrx_word' id='word_1_270' title='bbox 433 2228 584 2261; x_wconf 86' lang='lat' dir='ltr'>Galbani</span> <span class='ocrx_word' id='word_1_271' title='bbox 598 2229 633 2261; x_wconf 89' lang='lat' dir='ltr'>in</span> <span class='ocrx_word' id='word_1_272' title='bbox 645 2227 814 2260; x_wconf 88' lang='lat' dir='ltr'>Tinctura</span> <span class='ocrx_word' id='word_1_273' title='bbox 825 2227 980 2260; x_wconf 84' lang='lat' dir='ltr'>Castorei</span> <span class='ocrx_word' id='word_1_274' title='bbox 992 2227 1095 2260; x_wconf 90' lang='lat' dir='ltr'>soluti</span> <span class='ocrx_word' id='word_1_275' title='bbox 1106 2233 1140 2260; x_wconf 86' lang='lat' dir='ltr'>et</span> <span class='ocrx_word' id='word_1_276' title='bbox 1150 2227 1253 2260; x_wconf 85' lang='lat' dir='ltr'>colati</span> <span class='ocrx_word' id='word_1_277' title='bbox 1265 2226 1446 2265; x_wconf 83' lang='lat' dir='ltr'>drachmas</span> <span class='ocrx_word' id='word_1_278' title='bbox 1458 2234 1536 2268; x_wconf 66' lang='lat' dir='ltr'>tre5‚</span> 
     </span>
     <span class='ocr_line' id='line_1_34' title="bbox 432 2283 1038 2323; baseline -0.002 -5"><span class='ocrx_word' id='word_1_279' title='bbox 432 2284 714 2318; x_wconf 82' lang='lat' dir='ltr'>Tacamabaccae</span> <span class='ocrx_word' id='word_1_280' title='bbox 733 2283 914 2318; x_wconf 84' lang='lat' dir='ltr'>drachmas</span> <span class='ocrx_word' id='word_1_281' title='bbox 932 2283 1038 2323; x_wconf 88' lang='lat' dir='ltr'>duas;</span> 
     </span>
    </p>
   </div>
   <div class='ocr_carea' id='block_1_7' title="bbox 269 2340 1057 2387">
    <p class='ocr_par' dir='ltr' id='par_1_12' title="bbox 269 2340 1057 2387">
     <span class='ocr_line' id='line_1_35' title="bbox 269 2340 1057 2387; baseline -0.001 -12"><span class='ocrx_word' id='word_1_282' title='bbox 269 2342 348 2377; x_wconf 90' lang='lat' dir='ltr'>Fiat</span> <span class='ocrx_word' id='word_1_283' title='bbox 365 2342 589 2387; x_wconf 79' lang='lat' dir='ltr'>emplastrum</span> <span class='ocrx_word' id='word_1_284' title='bbox 608 2342 771 2375; x_wconf 87' lang='lat' dir='ltr'>umbilico</span> <span class='ocrx_word' id='word_1_285' title='bbox 789 2340 1057 2375; x_wconf 77' lang='lat' dir='ltr'>admovendum.</span> 
     </span>
    </p>
   </div>
   <div class='ocr_carea' id='block_1_8' title="bbox 85 2419 1480 2477">
    <p class='ocr_par' dir='ltr' id='par_1_13' title="bbox 85 2419 1480 2477">
     <span class='ocr_line' id='line_1_36' title="bbox 85 2419 1480 2477; baseline -0.002 -13"><span class='ocrx_word' id='word_1_286' title='bbox 85 2422 290 2477; x_wconf 88' lang='lat' dir='ltr'>Sequenti</span> <span class='ocrx_word' id='word_1_287' title='bbox 309 2436 434 2463; x_wconf 90' lang='lat' dir='ltr'>mane</span> <span class='ocrx_word' id='word_1_288' title='bbox 455 2421 724 2476; x_wconf 86' lang='lat' dir='ltr'>aggrediatur</span> <span class='ocrx_word' id='word_1_289' title='bbox 743 2435 867 2462; x_wconf 90' lang='lat' dir='ltr'>usum</span> <span class='ocrx_word' id='word_1_290' title='bbox 884 2420 1150 2474; x_wconf 89' lang='lat' dir='ltr'>sequentium</span> <span class='ocrx_word' id='word_1_291' title='bbox 1171 2419 1397 2473; x_wconf 86' lang='lat' dir='ltr'>pilularum</span> <span class='ocrx_word' id='word_1_292' title='bbox 1413 2437 1480 2461; x_wconf 89' lang='lat'>:—</span> 
     </span>
    </p>
   </div>
   <div class='ocr_carea' id='block_1_9' title="bbox 83 2510 1537 2842">
    <p class='ocr_par' dir='ltr' id='par_1_14' title="bbox 83 2510 1537 2842">
     <span class='ocr_line' id='line_1_37' title="bbox 83 2510 1357 2556; baseline -0.002 -10"><span class='ocrx_word' id='word_1_293' title='bbox 83 2511 217 2552; x_wconf 82' lang='lat' dir='ltr'>[Form.</span> <span class='ocrx_word' id='word_1_294' title='bbox 236 2511 334 2552; x_wconf 72' lang='grc'>74.]’</span> <span class='ocrx_word' id='word_1_295' title='bbox 361 2510 399 2554; x_wconf 86' lang='lat' dir='ltr'>R</span> <span class='ocrx_word' id='word_1_296' title='bbox 428 2511 621 2545; x_wconf 88' lang='lat' dir='ltr'>Pilularum</span> <span class='ocrx_word' id='word_1_297' title='bbox 641 2511 849 2546; x_wconf 88' lang='lat' dir='ltr'>Cochiarum</span> <span class='ocrx_word' id='word_1_298' title='bbox 870 2510 1046 2555; x_wconf 83' lang='lat' dir='ltr'>Majorum</span> <span class='ocrx_word' id='word_1_299' title='bbox 1065 2511 1243 2556; x_wconf 86' lang='lat' dir='ltr'>scrupulos</span> <span class='ocrx_word' id='word_1_300' title='bbox 1260 2511 1357 2551; x_wconf 88' lang='lat' dir='ltr'>duos,</span> 
     </span>
     <span class='ocr_line' id='line_1_38' title="bbox 381 2556 998 2614; baseline -0.003 -11"><span class='ocrx_word' id='word_1_301' title='bbox 381 2556 386 2563; x_wconf 34' lang='lat' dir='ltr'><em>l</em></span> <span class='ocrx_word' id='word_1_302' title='bbox 431 2570 586 2603; x_wconf 83' lang='lat' dir='ltr'>Castorei</span> <span class='ocrx_word' id='word_1_303' title='bbox 603 2569 771 2614; x_wconf 87' lang='lat' dir='ltr'>pulverati</span> <span class='ocrx_word' id='word_1_304' title='bbox 790 2580 901 2613; x_wconf 84' lang='lat' dir='ltr'>grana</span> <span class='ocrx_word' id='word_1_305' title='bbox 917 2567 998 2608; x_wconf 84' lang='lat' dir='ltr'>dua,</span> 
     </span>
     <span class='ocr_line' id='line_1_39' title="bbox 433 2626 1108 2669; baseline -0.004 -8"><span class='ocrx_word' id='word_1_306' title='bbox 433 2626 587 2661; x_wconf 84' lang='lat' dir='ltr'>Balsami</span> <span class='ocrx_word' id='word_1_307' title='bbox 607 2626 791 2660; x_wconf 87' lang='lat' dir='ltr'>Peruviani</span> <span class='ocrx_word' id='word_1_308' title='bbox 809 2631 927 2669; x_wconf 78' lang='lat' dir='ltr'>guttas</span> <span class='ocrx_word' id='word_1_309' title='bbox 943 2631 1108 2669; x_wconf 88' lang='lat' dir='ltr'>quatuor;</span> 
     </span>
     <span class='ocr_line' id='line_1_40' title="bbox 271 2682 1536 2729; baseline -0.001 -11"><span class='ocrx_word' id='word_1_310' title='bbox 271 2685 376 2719; x_wconf 86' lang='lat' dir='ltr'>Fiant</span> <span class='ocrx_word' id='word_1_311' title='bbox 391 2684 519 2729; x_wconf 88' lang='lat' dir='ltr'>pilulae</span> <span class='ocrx_word' id='word_1_312' title='bbox 535 2690 692 2728; x_wconf 88' lang='lat' dir='ltr'>quatuor,</span> <span class='ocrx_word' id='word_1_313' title='bbox 709 2682 896 2728; x_wconf 83' lang='lat' dir='ltr'>capiendae</span> <span class='ocrx_word' id='word_1_314' title='bbox 919 2682 1001 2716; x_wconf 90' lang='lat' dir='ltr'>hora</span> <span class='ocrx_word' id='word_1_315' title='bbox 1024 2683 1147 2726; x_wconf 87' lang='lat' dir='ltr'>quinta</span> <span class='ocrx_word' id='word_1_316' title='bbox 1163 2683 1338 2716; x_wconf 87' lang='lat' dir='ltr'>matutina</span> <span class='ocrx_word' id='word_1_317' title='bbox 1360 2683 1536 2728; x_wconf 80' lang='lat' dir='ltr'>superdur-</span> 
     </span>
     <span class='ocr_line' id='line_1_41' title="bbox 268 2739 1537 2786; baseline -0.002 -11"><span class='ocrx_word' id='word_1_318' title='bbox 268 2741 428 2775; x_wconf 89' lang='lat' dir='ltr'>miendo:</span> <span class='ocrx_word' id='word_1_319' title='bbox 455 2746 655 2786; x_wconf 81' lang='lat' dir='ltr'>repetantur</span> <span class='ocrx_word' id='word_1_320' title='bbox 678 2751 738 2784; x_wconf 87' lang='lat' dir='ltr'>per</span> <span class='ocrx_word' id='word_1_321' title='bbox 760 2739 846 2773; x_wconf 85' lang='lat' dir='ltr'>duas</span> <span class='ocrx_word' id='word_1_322' title='bbox 866 2739 922 2772; x_wconf 86' lang='lat' dir='ltr'>vel</span> <span class='ocrx_word' id='word_1_323' title='bbox 944 2745 1012 2773; x_wconf 89' lang='lat' dir='ltr'>tres</span> <span class='ocrx_word' id='word_1_324' title='bbox 1034 2739 1120 2772; x_wconf 86' lang='lat' dir='ltr'>alias</span> <span class='ocrx_word' id='word_1_325' title='bbox 1141 2740 1242 2780; x_wconf 82' lang='lat' dir='ltr'>vices,</span> <span class='ocrx_word' id='word_1_326' title='bbox 1265 2739 1369 2784; x_wconf 88' lang='lat' dir='ltr'>idque</span> <span class='ocrx_word' id='word_1_327' title='bbox 1391 2740 1537 2784; x_wconf 85' lang='lat' dir='ltr'>singulis</span> 
     </span>
     <span class='ocr_line' id='line_1_42' title="bbox 268 2797 1319 2842; baseline -0.001 -11"><span class='ocrx_word' id='word_1_328' title='bbox 268 2799 322 2833; x_wconf 73' lang='lat' dir='ltr'>vel</span> <span class='ocrx_word' id='word_1_329' title='bbox 338 2798 478 2833; x_wconf 85' lang='lat' dir='ltr'>alternis</span> <span class='ocrx_word' id='word_1_330' title='bbox 495 2798 637 2837; x_wconf 85' lang='lat' dir='ltr'>auroris,</span> <span class='ocrx_word' id='word_1_331' title='bbox 655 2808 715 2842; x_wconf 91' lang='lat' dir='ltr'>pro</span> <span class='ocrx_word' id='word_1_332' title='bbox 731 2797 864 2830; x_wconf 84' lang='lat' dir='ltr'>ratione</span> <span class='ocrx_word' id='word_1_333' title='bbox 881 2797 1006 2830; x_wconf 80' lang='lat' dir='ltr'>virium</span> <span class='ocrx_word' id='word_1_334' title='bbox 1023 2803 1084 2830; x_wconf 89' lang='lat' dir='ltr'>aut</span> <span class='ocrx_word' id='word_1_335' title='bbox 1101 2797 1319 2841; x_wconf 87' lang='lat' dir='ltr'>operationis.</span> 
     </span>
    </p>
   </div>
   <div class='ocr_carea' id='block_1_10' title="bbox 127 2893 1532 2934">
    <p class='ocr_par' dir='ltr' id='par_1_15' title="bbox 127 2893 1532 2934">
     <span class='ocr_line' id='line_1_43' title="bbox 127 2893 1532 2934; baseline -0.002 -7"><span class='ocrx_word' id='word_1_336' title='bbox 127 2898 137 2915; x_wconf 80' lang='lat'><em>¹</em></span> <span class='ocrx_word' id='word_1_337' title='bbox 162 2896 210 2928; x_wconf 86' lang='lat' dir='ltr'>Cf.</span> <span class='ocrx_word' id='word_1_338' title='bbox 229 2897 360 2927; x_wconf 82' lang='lat' dir='ltr'>Process.</span> <span class='ocrx_word' id='word_1_339' title='bbox 380 2896 440 2926; x_wconf 74' lang='grc' dir='ltr'><em>[ηε.</em></span> <span class='ocrx_word' id='word_1_340' title='bbox 457 2905 482 2926; x_wconf 90' lang='lat' dir='ltr'>c.</span> <span class='ocrx_word' id='word_1_341' title='bbox 502 2895 528 2925; x_wconf 89' lang='lat'>1.</span> <span class='ocrx_word' id='word_1_342' title='bbox 547 2896 561 2933; x_wconf 65' lang='lat'><strong>5</strong></span> <span class='ocrx_word' id='word_1_343' title='bbox 580 2895 599 2924; x_wconf 88' lang='lat'>3</span> <span class='ocrx_word' id='word_1_344' title='bbox 616 2905 662 2934; x_wconf 85' lang='lat' dir='ltr'>sq.</span> <span class='ocrx_word' id='word_1_345' title='bbox 746 2894 758 2907; x_wconf 74' lang='lat'>¹¹</span> <span class='ocrx_word' id='word_1_346' title='bbox 785 2893 835 2923; x_wconf 83' lang='lat' dir='ltr'>Cf.</span> <span class='ocrx_word' id='word_1_347' title='bbox 853 2893 945 2923; x_wconf 85' lang='lat' dir='ltr'>form.</span> <span class='ocrx_word' id='word_1_348' title='bbox 967 2894 1035 2923; x_wconf 88' lang='lat'>128.</span> <span class='ocrx_word' id='word_1_349' title='bbox 1120 2898 1131 2910; x_wconf 79' lang='lat'><em>⁷</em></span> <span class='ocrx_word' id='word_1_350' title='bbox 1157 2893 1205 2922; x_wconf 89' lang='lat' dir='ltr'>Cf.</span> <span class='ocrx_word' id='word_1_351' title='bbox 1226 2893 1350 2923; x_wconf 76' lang='lat' dir='ltr'>soi-mm.</span> <span class='ocrx_word' id='word_1_352' title='bbox 1371 2894 1441 2930; x_wconf 88' lang='lat'>132,</span> <span class='ocrx_word' id='word_1_353' title='bbox 1460 2894 1532 2924; x_wconf 80' lang='lat'>229.</span> 
     </span>
    </p>
   </div>
  </div>
 </body>
</html>
