1985 3308
257 193 780 237 OBSERVATIONUM
811 192 1187 233 MEDICARUM
1219 200 1248 233 Ι.
1267 203 1300 242 3,
1317 205 1348 238 4,
1467 194 1522 232 39

68 297 190 342 finito
214 306 404 355 tempore
429 300 569 353 exigat
597 299 884 352 eliminetque.
946 299 1016 339 Ad
1039 298 1156 348 haec,
1180 296 1523 351 quandoquidem

67 369 164 410 illae
185 383 395 409 annorum
416 367 742 408 constitutiones
764 380 871 420 quae
893 365 1236 407 Intermittcntcs
1254 365 1522 406 autumnales

66 440 328 490 promovent,
379 435 677 476 communibus
727 435 850 475 annis
901 435 1038 475 multo
1089 434 1254 487 saepius
1302 436 1524 473 recurrant

67 518 193 557 quam
223 503 319 544 illae
350 517 459 558 quae
490 503 543 543 ad
576 507 761 544 caeteros
783 502 1048 556 Epidemicos
1078 501 1255 551 faciunt,
1287 501 1523 541 necessario

67 571 257 624 sequitur
277 576 325 612 ut
355 585 461 625 quae
484 571 580 612 illas
602 571 830 612 comitatur
851 569 997 611 Febris
1020 569 1237 611 Continua
1257 568 1522 622 frequentius

66 643 270 680 accurset.

130 707 208 760 [7.]
246 708 306 747 At
338 711 504 761 praeter
536 710 823 761 symptomata
856 720 964 760 quae
1001 710 1187 746 caeteras
1209 705 1365 746 Febres
1392 704 1523 758 stipa-

64 774 183 825 bant,
226 775 340 815 dicta
379 775 525 815 Febris
573 775 847 828 sequentibus
888 775 1062 828 insuper
1096 773 1355 826 urgebatur:
1398 787 1524 826 aeger

63 842 313 895 plerumque
335 843 521 883 animam
545 846 718 883 tantum
739 857 827 882 non
855 842 1021 895 agebat,
1043 841 1357 891 vomituriebat,
1374 841 1523 894 lingua

65 909 173 950 sicca
203 915 245 950 et
275 910 411 962 nigra,
441 910 594 962 ingens
626 924 673 950 ac
709 910 930 950 subitanea
959 910 1114 950 virium
1144 909 1445 959 consternatio,
1479 913 1521 949 ct

62 977 249 1031 partium
277 982 549 1018 externarum
577 978 755 1018 siccitas.
819 978 957 1018 Urina
982 977 1140 1030 ubique
1173 977 1239 1017 vel
1272 991 1423 1026 crassa,
1456 976 1521 1017 vel

62 1046 217 1095 tenuis,
239 1050 420 1098 utraque
446 1059 496 1085 ex
518 1059 651 1098 aequo
676 1045 897 1085 cruditatis
922 1045 1141 1085 indicium.
1203 1045 1258 1084 In
1282 1044 1419 1085 morbi
1451 1044 1520 1084 de-

63 1112 304 1162 clinatione,
324 1113 543 1153 djarrhoea
568 1113 664 1165 (nisi
685 1113 793 1153 forte
810 1113 1005 1153 Medicus
1027 1112 1233 1166 principio
1255 1112 1516 1165 obstitisset,)

63 1180 408 1233 superjungebat,
450 1180 566 1220 unde
606 1180 780 1220 morbus
824 1181 1078 1233 previcacior
1123 1180 1314 1220 redditus
1360 1180 1520 1220 diutius

61 1247 288 1300 affligebat.
352 1248 436 1288 Sed
468 1252 617 1301 suopte
647 1247 820 1300 ingenio
857 1262 904 1288 ac
934 1248 1103 1301 propria
1131 1248 1274 1288 indole
1306 1247 1374 1287 vix
1406 1248 1521 1288 ultra

62 1315 175 1355 diem
208 1314 419 1355 decimum
442 1319 643 1368 quartum
670 1315 735 1355 vel
762 1315 1008 1355 Vicesimum
1029 1316 1211 1368 primum
1235 1315 1492 1369 perdurabat
1505 1333 1517 1365 3

62 1397 145 1437 quo
174 1383 361 1436 primum
381 1387 585 1436 tempore,
608 1382 758 1423 oborto
789 1382 940 1423 sudore
968 1383 1033 1423 vel
1059 1383 1201 1436 potius
1222 1383 1309 1423 leni
1328 1383 1514 1433 madore,

60 1450 233 1492 morbus
264 1451 528 1492 solvebatur:
564 1464 702 1504 neque
735 1451 848 1504 prius
876 1450 1025 1490 urinae
1050 1449 1252 1490 coctionis
1282 1449 1404 1502 signa
1424 1464 1517 1502 pro-

61 1518 233 1569 debant,
256 1519 368 1572 quod
385 1519 475 1573 jam
496 1523 545 1559 ut
565 1519 798 1572 plurimum
815 1518 1047 1559 eveniebat.
1117 1518 1195 1572 [8.]
1235 1518 1353 1560 Quin
1374 1522 1416 1558 et
1438 1518 1520 1558 alia

59 1587 412 1640 superveniebant
435 1591 721 1641 symptomata
743 1587 906 1640 quoties
927 1587 996 1627 hic
1020 1586 1194 1627 morbus
1219 1586 1361 1627 minus
1382 1586 1518 1640 perite

58 1654 335 1695 tractabatur.
418 1655 476 1695 At
516 1668 613 1695 vero
648 1659 742 1695 tum
776 1655 891 1705 haec,
925 1658 1020 1694 tum
1052 1654 1181 1694 etiam
1212 1654 1350 1694 omnis
1379 1653 1518 1694 morbi

60 1722 222 1775 genius,
259 1722 412 1762 clarius
444 1722 682 1763 elucescent
713 1736 763 1762 ex
793 1721 995 1776 peculiari
1025 1721 1226 1762 methodo
1258 1736 1386 1775 quam
1417 1722 1518 1762 olim

57 1789 158 1830 huic
189 1790 315 1831 Febri
344 1790 771 1840 accommodaveram,
805 1804 932 1843 quam
962 1789 1106 1843 itaque
1137 1789 1220 1829 huc
1250 1789 1515 1840 transferam,

60 1857 226 1910 (saltem
257 1857 369 1911 quod
397 1857 450 1897 ad
475 1871 565 1898 rem
590 1862 780 1898 nostram
802 1857 990 1911 apprime
1021 1857 1177 1910 faeiat,)
1203 1861 1328 1910 prout
1346 1856 1515 1910 jamdu-

58 1924 161 1965 dum
181 1925 293 1979 typis
315 1925 607 1978 evulgaveram
621 1943 632 1975 3
671 1939 753 1978 quo
780 1925 952 1979 quidem
979 1929 1170 1979 tempore
1195 1925 1388 1965 nondum
1410 1925 1517 1965 mihi

55 1993 302 2034 innotuerat
334 1994 458 2034 aliam
492 1994 677 2047 aliquam
708 1994 854 2034 Febris
891 1994 1072 2047 speeiem
1108 1994 1154 2034 in
1184 2008 1327 2035 rerum
1359 1998 1516 2035 natura

57 2074 250 2102 mvenm.

663 2219 790 2261 CAP.
824 2220 916 2262 IV.¹

188 2321 330 2362 Febris
354 2322 552 2362 Contimca
575 2335 772 2362 annorum
795 2323 919 2373 1661,
945 2323 1068 2372 1662,
1093 2323 1216 2373 1663,
1243 2323 1397 2363 1664.ῐῃ

113 2421 267 2462 Panno
301 2421 485 2475 quidem,
520 2422 692 2463 adverto
728 2422 1015 2463 inordinatam
1056 2422 1173 2463 illam
1215 2436 1377 2463 massae
1418 2437 1513 2463 san-

55 2489 233 2542 guineae
247 2490 588 2540 commotionem,
598 2490 744 2531 Febris
758 2491 885 2545 hujus
896 2496 912 2513 ¹¹
928 2505 1002 2531 seu
1016 2505 1198 2541 causam,
1209 2504 1283 2531 seu
1299 2491 1511 2541 comitem,

54 2569 80 2597 a
105 2557 275 2599 Natura
304 2559 520 2610 concitari,
543 2559 608 2600 vel
638 2563 686 2600 ut
716 2559 1001 2613 heterogenea
1031 2559 1238 2613 quaedam
1269 2559 1447 2600 materia
1466 2560 1512 2600 in

96 2654 104 2675 ¹
128 2657 192 2688 Hic
213 2657 274 2689 inc.
300 2658 332 2688 in
356 2660 425 2689 edd.
449 2660 500 2689 '66
525 2665 555 2690 et
577 2661 627 2690 ’68
652 2662 750 2691 Sectio
809 2663 869 2690 lius
885 2659 982 2700 ο[(ιεῖο,
1001 2666 1031 2690 u!
1054 2663 1156 2699 palum
1171 2662 1229 2698 fia!
1253 2663 1420 2699 therapium
1443 2672 1511 2691 nos-

53 2699 167 2730 Ρνὶηια.
200 2701 248 2731 De
261 2702 407 2731 Febre‘bus
425 2703 588 2732 Continuis.
626 2703 750 2733 Deinde
809 2708 885 2733 Iram
903 2715 956 2732 ηυη
969 2715 1030 2733 esse
1044 2714 1166 2741 prorsus
1179 2705 1318 2741 empirice
1332 2705 1511 2741 institutam,

53 2751 134 2782 quae
172 2749 370 2782 sequuntur:
414 2745 566 2776 Quaenam
596 2757 614 2775 (ι
646 2757 688 2775 me
720 2748 749 2775 in
809 2748 861 2775 sed
875 2745 1020 2784 ‹jusmodi
1033 2757 1108 2784 quae
1123 2747 1227 2775 solidis
1243 2745 1512 2784 rationumfidcris

53 2784 194 2815 Febrium
220 2787 434 2817 Continuurum
458 2790 571 2817 medela
596 2790 751 2818 observata
811 2791 971 2824 inuitatur,
986 2793 1039 2817 aut
1055 2790 1160 2817 sallem
1176 2790 1258 2818 nobis
1276 2791 1365 2818 ἰηηὶίὶ
1381 2791 1444 2818 visa
1459 2792 1508 2819 sit.

53 2831 97 2859 eat
122 2830 282 2864 methodus,
310 2840 366 2868 quo
396 2831 576 2859 luculentius
602 2835 750 2868 patescat,
854 2835 874 2848 ¹¹²
897 2841 965 2859 anu.
985 2831 1075 2865 1661,
1091 2830 1311 2871 ’62,’63,’64·]
1328 2831 1418 2870 hujus
1433 2833 1509 2862 Con-

52 2878 108 2900 non
120 2872 173 2900 abs
186 2869 366 2909 refulurum
383 2874 515 2902 arbitror
531 2874 567 2902 de
581 2875 751 2911 principiis,
812 2875 980 2902 ,ςΙῘΙιιΙιόιιίε
996 2873 1044 2903 ed.
1063 2873 1122 2905 ⁷76.

53 2920 69 2941 e
90 2914 197 2952 quibus
216 2916 323 2951 praa-is
345 2920 446 2944 nostra
473 2917 633 2950 enascitur,
655 2927 755 2953 pauca
857 2919 871 2932 ¹¹
895 2916 1002 2946 Febris
1017 2914 1122 2955 hujus]
1143 2916 1283 2947 Febrium
1299 2919 1424 2946 omnium
1442 2916 1510 2947 edd.

54 2955 195 2992 quaedam
208 2958 422 2994 praetm'tlere:
449 2959 480 2986 id
504 2959 583 2996 quod
605 2969 636 2987 eo
659 2959 753 2988 Iiln’n-
816 2958 879 2995 ’66,
898 2958 958 2987 ’68.

1554 306 1717 338 CoNs’riT.

1557 349 1710 378 Emunxi.

1541 390 1726 421 ANNORUM

1568 434 1703 463 ’cil-’fik

1543 508 1674 537 caeteris

1542 549 1636 579 etiam
1648 551 1708 580 fre-

1541 593 1696 631 quentior.

1542 850 1690 891 Sympto-

1531 898 1625 934 ¹mata
1638 895 1708 933 ejus

1540 946 1642 975 magls
1655 947 1708 976 pe-

1540 978 1680 1009 culiaria.
