1985 3308
433 143 531 185 DIS
538 143 827 186 SERTATIO
858 144 1268 188 EPISTOLARIS.
1504 150 1589 190 339

124 245 276 299 vulgus
310 250 529 300 momenti,
561 255 656 291 tum
691 251 820 291 etiam
857 251 970 304 apud
1004 251 1147 292 minus
1182 252 1262 292 hac
1296 252 1343 292 in
1377 253 1586 306 palaestra
1606 266 1658 296 Dc
1675 266 1787 296 Vnu-

125 312 376 354 exercitatos
390 331 400 364 3
438 329 541 368 quos
565 316 729 370 judices
757 318 968 371 appellare
995 319 1101 359 solet
1128 318 1280 372 vulgus
1302 319 1582 372 Medicorum,
1601 311 1788 382 ΟζζῐξΝΟΤΝ·

124 384 173 419 ut
195 393 342 421 eorum
367 383 626 425 authoritate
649 385 760 426 male
786 385 968 426 fundata
996 386 1262 426 theoremata
1288 387 1583 438 statuminent,
1601 377 1788 452 retorquea-

124 451 273 500 utpote
299 463 406 502 quae
426 451 574 504 magis,
597 456 639 493 et
662 452 780 506 quasi
801 453 855 493 ad
875 453 1092 503 amussim,
1112 453 1267 494 horum
1289 454 1432 507 captui
1454 454 1584 507 quad·
1603 458 1661 484 tur.

123 522 232 567 rent,
262 531 389 570 quam
421 534 527 572 quae
558 520 609 560 ab
640 520 822 574 ingeniis
857 520 1248 574 penetrantioribus
1278 526 1446 562 mature
1483 527 1585 563 sunt

125 585 375 638 excogitata.
437 588 565 629 Unde
598 589 802 643 sequitur,
839 594 901 640 ut,
938 603 1036 630 cum
1070 604 1167 643 pars
1199 590 1423 631 hominum
1457 590 1584 644 longe

123 653 309 694 maxima
343 656 540 697 exteriori
569 661 740 697 tantum
770 671 913 698 rerum
949 657 1094 698 cortici
1128 657 1455 710 contemplando
1486 663 1586 711 apta

123 727 226 763 nata
246 724 313 774 sit,
330 724 573 777 paucissimi
589 729 732 766 autem
748 725 927 776 veritati,
944 725 990 765 in
1011 725 1220 778 profundo
1241 725 1429 766 latitanti
1436 728 1468 776 ¹¹,
1483 725 1583 766 inde

123 792 407 834 extrahendae
426 807 548 846 pares
569 793 668 844 sint,
691 793 807 834 scioli
830 793 901 834 isti
922 794 1005 834 τῶν
1024 794 1201 834 πολλῶν
1225 793 1426 847 suffragio
1447 793 1584 847 adjuti

123 861 280 914 primas
309 861 432 901 facile
456 861 609 911 ferant,
629 861 675 901 hi
705 866 848 901 autem
873 860 1196 914 perspicaciores
1229 860 1584 901 calumniantium

122 928 420 970 maledicentia
440 928 718 982 excipiantur,

388 1016 538 1050 Πολλοὶἰ
555 1017 621 1062 γὰρ
642 1015 906 1061 ναρθηκοφόροι,
927 1017 1050 1061 παῦροι
1067 1015 1105 1049 δέ
1122 1030 1158 1048 τε
1179 1016 1317 1060 Βάκχοι,

386 1081 452 1123 [ie.
470 1083 579 1112 Plures
596 1084 791 1121 thyrsigeros‚
805 1092 918 1120 paucos
933 1086 976 1111 est
993 1092 1112 1111 cernere
1131 1081 1266 1111 Bac-ellos
1277 1080 1304 1120 ,·]

123 1153 195 1207 qui
214 1157 360 1193 tamen
388 1166 520 1205 aequo
540 1151 585 1191 id
616 1151 757 1191 animo
781 1151 938 1201 ferunt,
963 1150 1141 1190 veritate
1168 1150 1279 1200 freti,
1302 1155 1344 1191 et
1370 1150 1585 1191 saniorum

126 1223 374 1275 (paucorum
399 1221 527 1273 licet,)
558 1232 780 1260 consensu.
850 1218 957 1272 [18]
996 1217 1141 1258 Primo
1171 1217 1315 1270 itaque
1346 1217 1584 1271 objicietur,

123 1290 237 1344 quod
262 1290 371 1331 lecto
396 1289 540 1329 abesse
567 1288 714 1342 primis
739 1286 876 1327 morbi
901 1285 1049 1326 diebus
1076 1284 1345 1338 pustularum
1370 1285 1585 1338 eruptioni

122 1357 289 1407 officiet,
312 1362 354 1397 et
379 1371 430 1397 ex
456 1354 733 1408 consequenti
758 1352 1084 1407 aegritudinem,
1107 1352 1273 1405 aliaque
1299 1356 1586 1406 symptomata

122 1424 174 1466 ab
215 1423 419 1477 impedita
454 1423 674 1476 eruptione
714 1420 959 1474 pendentia,
990 1420 1036 1459 in
1070 1420 1248 1473 longum
1284 1420 1425 1460 ducet.
1488 1420 1584 1460 Hoc

121 1507 268 1534 verum
298 1506 388 1533 esse
423 1491 599 1531 minime
633 1503 757 1542 nego,
790 1503 888 1529 cum
924 1487 1185 1540 experientia
1218 1487 1307 1527 fere
1338 1486 1584 1540 quotidiana

123 1559 161 1600 ei
189 1559 456 1611 suffragetur.
518 1555 824 1598 Quaerendum
852 1559 915 1596 est
943 1558 1100 1605 autem,
1126 1554 1201 1594 ubi
1226 1554 1393 1607 gravius
1420 1553 1583 1607 pericu-

121 1627 224 1677 lum,
245 1626 311 1667 vel
333 1627 380 1666 in
407 1624 731 1666 sufflaminanda
756 1623 969 1677 paulisper
995 1622 1172 1662 materia
1196 1622 1430 1672 Variolosa,
1457 1626 1584 1675 atque

123 1709 173 1736 ea
208 1695 259 1735 de
295 1708 422 1735 causa
452 1691 763 1746 aegritudinem
794 1705 819 1731 a
852 1689 1185 1743 non-eruptione
1220 1689 1479 1743 pendentem
1511 1689 1583 1729 ali-

123 1761 369 1815 quantisper
397 1758 682 1814 protrahendo
695 1775 706 1808 3
748 1758 814 1798 vel
845 1773 896 1800 ex
927 1758 1059 1798 altera
1085 1761 1205 1810 parte
1235 1757 1362 1796 nimis
1392 1757 1585 1810 urgendo

123 1827 260 1868 morbi
280 1828 551 1876 fermentum,
570 1830 612 1867 et
627 1830 717 1866 tam
736 1825 951 1878 insignem
971 1824 1174 1865 materiae
1189 1825 1434 1865 Variolosae
1452 1839 1584 1878 quan-

123 1895 292 1935 titatem
320 1893 601 1943 assimilando,
623 1898 672 1933 ut
699 1906 823 1946 aeger
848 1893 901 1932 ad
927 1892 1028 1932 Orci
1050 1892 1194 1932 fauces
1222 1893 1395 1933 sistatur
1420 1907 1444 1933 a
1468 1893 1584 1934 febre

125 1962 321 2012 secunda,
344 1961 410 2001 die
430 1960 569 2001 morbi
594 1959 830 2000 undecimo.
895 1959 942 1998 Si
966 1973 1058 1999 rem
1078 1964 1193 1999 recte
1215 1959 1513 2013 expendamus,
1535 1960 1584 2000 li—

126 2028 270 2083 quebit
302 2028 495 2082 (opinor,)
518 2027 791 2081 paucissimos
816 2026 911 2067 ideo
938 2026 1025 2066 fato
1054 2026 1289 2076 defunctos,
1314 2027 1427 2079 quod
1457 2041 1582 2068 exan-

124 2098 316 2139 themata
343 2097 475 2138 serius
501 2110 629 2150 ocyus
654 2110 742 2136 non
771 2096 1092 2144 efflorescerent,
1114 2094 1197 2134 nisi
1224 2095 1334 2136 forte
1362 2109 1413 2136 ex
1431 2096 1482 2136 iis
1511 2096 1583 2136 ali-

126 2173 241 2222 quot,
269 2181 449 2221 quorum
477 2165 648 2219 sanguis
674 2178 774 2218 prae
799 2164 933 2204 nimia
961 2163 1298 2214 excalefactione,
1324 2168 1445 2204 motu
1471 2164 1584 2205 inor-

125 2236 283 2286 dinato,
317 2235 435 2289 quasi
471 2238 601 2275 oestro
635 2232 831 2286 quodam,
867 2232 1064 2286 percitus,
1101 2231 1303 2272 materiae
1342 2231 1585 2272 morbificae

124 2303 277 2344 leniter
312 2301 598 2343 excernendae
639 2300 773 2340 otium
808 2314 896 2340 non
932 2298 1215 2348 concedebat3
1263 2298 1376 2351 quod
1416 2312 1441 2338 a
1479 2299 1585 2339 meis

125 2371 315 2425 partibus
350 2369 517 2419 militat,
549 2382 637 2408 non
676 2371 840 2421 pugnat
876 2380 1056 2406 mecum.
1126 2365 1233 2419 [19.]
1281 2365 1434 2418 Neque
1470 2366 1584 2406 enim

126 2437 486 2479 extimescendum
521 2440 597 2485 est,
630 2435 745 2488 quin,
778 2435 813 2474 si
847 2434 955 2474 nihil
984 2448 1154 2487 prorsus
1187 2447 1375 2486 agamUS,
1407 2434 1586 2474 materia

126 2505 167 2545 V
170 2505 358 2555 ariolosa,
394 2509 492 2544 utut
522 2502 668 2556 primis
697 2502 813 2542 hisce
849 2501 997 2542 diebus
1028 2502 1128 2541 hinc
1158 2501 1276 2542 illinc
1305 2501 1584 2552 transvolans,

127 2584 423 2626 quamcunque
445 2570 707 2623 occupaverit
728 2574 904 2623 partem,
927 2569 1090 2622 fatiget,
1119 2567 1248 2620 (unde
1270 2567 1586 2608 vehementiora

125 2640 198 2681 illa
221 2644 516 2694 symptomata,
537 2637 788 2679 vomitiones
816 2650 1022 2686 enormes,
1045 2636 1208 2677 dolores
1232 2635 1356 2675 variis
1382 2635 1428 2675 in
1455 2635 1584 2688 parti-

125 2708 217 2758 bus,
235 2713 329 2758 etc.,
348 2706 634 2758 enascuntm·‚)
659 2705 833 2745 tandem
853 2710 999 2744 tamen
1021 2718 1044 2743 a
1065 2703 1234 2743 victrice
1254 2702 1424 2743 Natura
1445 2702 1583 2743 debel-

126 2775 296 2827 labitur,
322 2781 364 2817 et
391 2775 437 2815 in
468 2773 651 2827 corporis
680 2772 876 2813 habitum
905 2771 1178 2820 extrudetur3
1214 2770 1460 2824 praesertim
1487 2784 1585 2811 cum

171 2859 185 2879 *¹
208 2863 295 2891 verit.
317 2863 347 2890 in
368 2858 445 2899 prqf.
463 2858 561 2898 latin]
581 2858 629 2887 Cf.
650 2859 746 2896 Epist.
766 2858 824 2886 Re-
932 2854 937 2873 ἱ
962 2855 1082 2885 Πολλοὶ
1100 2854 1213 2894 κ.τ.λ.]
1238 2854 1286 2884 Cf.
1305 2855 1432 2884 Erasmi
1445 2855 1547 2895 Δάας.
1567 2855 1585 2885 ἰ.

129 2915 225 2943 spons.
243 2905 288 2934 II.
304 2905 318 2941 ξ
337 2904 397 2936 3ος
428 2902 527 2932 Tract.
547 2902 571 2930 I.
590 2903 603 2939 §
625 2901 672 2931 71.
889 2899 916 2930 7.
931 2899 948 2928 6
964 2910 970 2932 ;
999 2897 1160 2934 Gaissord,
1177 2899 1312 2927 Paroem.
1333 2899 1439 2928 Gracc.
