1985 3308
407 161 492 202 296
822 161 1080 202 THOMAE
1114 161 1455 202 SYDENHAM

205 266 386 298 DEMORB-
406 263 518 304 xih'o.
582 261 692 318 [51.]
730 264 794 304 Ea
815 263 987 305 demum
1007 263 1159 317 praxis,
1182 277 1315 316 eaque
1336 263 1436 312 sola,
1454 262 1590 315 aegris
1611 261 1861 304 mortalibus

221 309 372 383 {Zingff'
407 344 529 384 opem
559 331 677 381 feret,
711 345 818 385 quae
847 331 1126 372 indicationes
1157 330 1364 371 curativas
1396 343 1446 369 ex
1475 329 1576 382 ipsis
1615 329 1862 370 morborum

208 395 228 397 “
405 399 708 452 phaenomenis
736 399 862 449 elicit,
886 399 985 439 dein
1006 399 1146 438 firmat
1168 396 1448 451 experientia:
1485 397 1638 450 quibus
1659 396 1862 450 gradibus

405 480 587 519 magnus
603 467 884 520 Hippocrates
901 466 953 507 acl
970 466 1135 506 coelum
1156 464 1346 505 ascendit
1357 470 1387 504 Χ.
1425 464 1496 514 Et,
1515 464 1549 503 si
1571 464 1684 504 dicta
1697 464 1863 505 metho-

406 532 458 573 do
479 533 562 572 Ars
582 533 753 573 Medica
774 548 798 573 a
823 547 1035 586 quoquam
1060 532 1314 582 traderetur,
1336 531 1435 572 licet
1462 531 1601 572 morbi
1629 532 1758 572 unius
1786 537 1862 573 aut

404 599 576 640 alterius
607 601 768 641 curatio
799 600 972 640 cuilibet
1003 613 1026 640 e
1056 600 1182 652 vulgo
1212 599 1344 652 possit
1384 599 1663 648 innotescere,
1692 599 1863 652 integra

402 671 549 706 tamen
570 666 664 716 Ars,
688 681 857 721 quaqua
876 671 1006 719 patet,
1022 666 1216 706 homines
1237 666 1469 720 prudentes
1491 671 1533 707 et
1553 667 1710 720 peritos
1732 667 1862 707 etiam

404 734 540 786 magis
565 734 803 786 exquireret
836 748 962 787 quam
996 734 1043 773 in
1079 739 1194 774 statu
1225 733 1443 783 hodierno,
1466 747 1605 786 neque
1638 733 1705 774 vel
1737 733 1863 773 mini-

206 807 245 837 In
259 816 387 855 accura-
406 815 526 841 mum
559 802 678 842 Artis
710 801 862 842 honori
893 801 1044 842 exinde
1075 801 1320 842 decederet:
1371 815 1469 842 cum
1501 801 1617 841 enim
1650 801 1864 842 subtilitas

204 849 391 930 ξὲζζξῇπ
407 868 533 920 longe
555 868 788 908 accuratior
812 868 858 908 in
878 868 1072 909 Naturae
1094 868 1411 922 operationibus
1437 869 1497 921 (in
1519 882 1700 922 quarum
1720 868 1862 910 obser-

204 934 378 1005 ὲῑᾷζᾞΊΞξῐ-ῙΘ
408 935 576 975 vatione
611 948 709 975 vera
737 935 877 988 praxis
907 935 1073 976 medica
1096 936 1333 989 fundatur,)
1363 951 1491 990 quam
1522 937 1568 977 in
1593 942 1683 978 arte
1711 938 1864 991 aliqua,

204 995 391 1056 vera‘praxis
410 1000 714 1054 hypothesibus
743 1001 872 1042 etiam
899 1002 1246 1044 luculentissimis
1275 1004 1461 1054 suffulta,
1485 1004 1740 1055 inveniatur,
1769 1005 1865 1046 Me-

203 1060 365 1134 ffifflzitaur.
409 1067 536 1108 dendi
556 1069 639 1109 Ars
661 1083 788 1122 quam
808 1070 1011 1123 praecipit
1031 1071 1203 1112 Natura
1221 1071 1327 1112 rude
1347 1072 1462 1125 tulgi
1481 1072 1705 1126 ingenium
1726 1073 1864 1126 longi-

408 1136 470 1176 ori
489 1136 710 1177 intervallo
731 1137 946 1190 superabit
968 1152 1095 1190 quam
1115 1138 1196 1178 ista
1217 1153 1324 1192 quae
1342 1153 1366 1179 a
1382 1139 1654 1194 Philosophia
1675 1140 1864 1181 docetur.

206 1216 321 1247 Febres
415 1205 522 1258 [52]
560 1205 709 1245 Fidem
739 1205 808 1245 hie
836 1205 944 1245 mihi
972 1205 1131 1246 facient
1161 1206 1312 1256 febres,
1336 1220 1443 1260 quae
1471 1207 1576 1247 duas
1607 1222 1628 1247 e
1654 1207 1792 1248 tribus
1819 1207 1866 1248 in

205 1259 283 1288 duas
300 1270 316 1289 e
335 1261 390 1290 tri·
409 1272 626 1313 Medicina
645 1272 838 1313 facienda
851 1278 991 1326 partes
1008 1278 1252 1326 oceupanty,
1270 1278 1313 1313 et
1330 1273 1515 1326 quemxis
1531 1273 1637 1313 mihi
1658 1273 1867 1313 arbitrum

204 1301 306 1331 busin
321 1303 392 1332 Mc-

203 1344 307 1373 dicina
323 1345 369 1375 fa·
410 1340 635 1390 constituo,
667 1340 732 1381 vel
761 1340 1029 1381 mediocriter
1059 1340 1387 1393 cogitationibus
1417 1340 1640 1393 indulgere
1676 1340 1863 1391 solitum,

203 1386 317 1467 10)ξὲΞέ
324 1440 373 1460 oe·
409 1422 505 1448 vera
536 1408 673 1448 dicam
698 1422 858 1458 necne,
897 1408 988 1461 quis
1015 1408 1129 1448 enim
1164 1408 1231 1448 vel
1261 1422 1311 1448 ex
1336 1407 1626 1448 insulsissimis
1654 1408 1865 1461 empiricis

205 1476 332 1510 cupant.
408 1481 484 1524 est,
508 1476 579 1530 qui
601 1489 644 1516 se
664 1476 764 1516 huic
783 1476 932 1516 morbo
954 1475 1141 1516 curando
1163 1476 1368 1528 imparem
1395 1475 1614 1525 fatebitur,
1638 1475 1673 1516 si
1702 1475 1747 1516 id
1766 1480 1863 1516 tan-

407 1550 500 1585 tum
533 1544 747 1597 agendum
780 1550 855 1594 est,
891 1548 941 1584 ut
977 1542 1141 1583 duabus
1173 1542 1265 1583 istis
1301 1542 1631 1583 indicationibus
1665 1542 1864 1583 curativis

405 1625 511 1664 quae
533 1611 658 1664 wilgo
679 1611 889 1660 obtinent,
911 1611 984 1650 fiat
1007 1609 1142 1650 satis?
1174 1624 1328 1663 nempe
1356 1615 1405 1649 ut
1437 1610 1760 1651 sudorificorum
1786 1624 1865 1664 ope

405 1679 711 1720 exterminetur
740 1678 919 1719 materia
952 1677 1149 1717 morbum
1181 1677 1466 1725 committenS,
1494 1681 1537 1716 et
1568 1676 1864 1730 symptomatis

406 1751 528 1786 catur
567 1745 733 1786 obviam
769 1759 876 1799 quae
916 1744 1124 1798 ejusmodi
1159 1743 1505 1784 evacuationibus
1545 1744 1863 1797 superveniunt.

206 1821 245 1850 In
261 1831 357 1861 quem
408 1813 677 1854 certissimus
704 1813 817 1853 enim
846 1817 922 1862 est,
943 1811 1132 1852 theriaca
1159 1810 1464 1861 Andromachi,
1486 1811 1658 1864 pulvere
1683 1825 1705 1852 e
1734 1811 1865 1852 chelis

203 1873 379 1935 ffffiffiol-
407 1895 655 1921 cancrorum
685 1879 929 1933 composito,
953 1893 1062 1932 aqua
1089 1878 1333 1931 epidemica,
1361 1883 1456 1929 etc.,
1478 1878 1593 1919 intro
1621 1879 1863 1932 assumptis,

203 1947 389 1996 limant-em-
407 1961 493 1987 una
514 1961 611 1988 cum
627 1947 832 2000 regimine
849 1946 1050 1996 calidiori,
1067 1945 1240 1986 sudores
1261 1959 1382 1999 posse
1402 1946 1604 1999 propelli3
1637 1960 1763 1999 quem
1784 1946 1866 1987 sibi

203 2000 378 2062 pgr-15:¹11&—
407 2030 579 2069 scopum
601 2016 724 2055 unice
745 2014 963 2068 proposuit
983 2014 1029 2053 in
1055 2013 1183 2067 hujus
1204 2013 1342 2054 morbi
1372 2013 1603 2064 curatione,
1624 2014 1808 2054 maxime
1829 2014 1865 2054 si

201 2074 332 2105 ratione.
406 2083 514 2123 forte
549 2083 818 2135 malifflzz‘tatz's
848 2096 1007 2123 nomen
1032 2080 1205 2122 auribus
1232 2081 1510 2134 usurpaverit.
1570 2082 1628 2122 Et
1661 2081 1715 2122 ad
1749 2081 1863 2122 miti-

407 2151 546 2204 ganda
577 2150 690 2204 quod
721 2150 877 2190 attinet
908 2154 1204 2204 symptomata,
1232 2149 1472 2190 diacodium
1499 2148 1545 2189 in
1571 2154 1772 2203 promptu
1799 2155 1864 2190 est

407 2232 489 2271 quo
511 2233 684 2258 somnus
704 2218 909 2258 imitetur
930 2217 1094 2270 quoties
1118 2221 1301 2270 urgeant
1322 2217 1502 2270 vigiliae,
1525 2230 1675 2257 enema
1697 2216 1862 2270 quoties

204 2291 278 2340 ajon
295 2292 387 2340 facile
406 2286 521 2326 alvus
548 2300 636 2327 non
657 2285 924 2338 respondeat,
946 2289 989 2324 et
1016 2284 1073 2325 sic
1096 2284 1147 2324 de
1175 2285 1363 2324 caeteris.
1424 2284 1485 2324 At
1510 2297 1589 2324 nec
1615 2284 1732 2337 ipsus
1753 2284 1863 2325 valet

203 2334 377 2416 ξέζὲἷὲῖᾔῃῐ
405 2353 762 2407 comprehendere
779 2366 854 2392 suo
870 2352 1027 2401 Marte,
1045 2365 1123 2391 nec
1145 2365 1167 2391 e
1184 2351 1453 2391 Medicorum
1474 2351 1742 2404 praescriptis
1755 2351 1862 2391 edis-

405 2434 510 2471 cere,
535 2434 641 2474 quae
669 2421 841 2461 demum
862 2420 935 2459 illa
955 2419 1009 2459 sit
1029 2418 1157 2458 febris
1190 2418 1347 2471 species
1370 2432 1497 2471 quam
1518 2417 1732 2459 debellare
1753 2423 1861 2460 sata-

202 2496 307 2526 variae
406 2488 467 2541 git
482 2505 492 2537 3
525 2488 560 2528 si
586 2488 712 2528 modo
740 2487 960 2528 credamus
987 2485 1173 2539 (credent
1203 2485 1354 2525 saltem
1375 2485 1483 2525 forte
1514 2485 1702 2539 posteri,)
1727 2485 1863 2526 varias

204 2543 354 2619 ΞᾚΞξὶζῒ
408 2555 499 2595 dari
522 2555 705 2595 febrium
733 2555 903 2608 specieS,
927 2568 1107 2607 quarum
1137 2553 1329 2606 singulae
1355 2567 1472 2593 suam
1506 2552 1586 2593 sibi
1612 2552 1863 2593 methodum

202 2623 392 2661 peculiarem
409 2622 608 2663 medendi
639 2637 664 2663 a
697 2622 869 2676 reliquis
904 2622 1111 2662 diversam
1138 2620 1224 2660 fere
1254 2620 1498 2673 postulant,
1529 2633 1661 2660 unam
1690 2619 1863 2673 insuper

204 2666 353 2738 ffffissadti
409 2690 671 2743 eandemque
700 2689 875 2740 febrem,
899 2689 1189 2743 cujuscunque
1223 2688 1276 2728 sit
1305 2687 1485 2740 generis,
1516 2701 1604 2727 uno
1635 2686 1762 2728 modo
1786 2686 1862 2728 ubi

205 2749 328 2822 ἓῑξξὶῡ·
408 2758 592 2809 primum
613 2757 870 2811 aggreditur,
893 2763 1020 2811 atque
1047 2756 1128 2797 alio
1151 2755 1374 2810 paululum
1395 2754 1556 2795 djverso
1576 2768 1652 2808 per
1673 2754 1861 2808 singulos

407 2910 420 2945 ξ
442 2871 463 2938 1¹
489 2867 536 2897 Cf.
551 2869 668 2898 observ.
688 2869 770 2899 Med.
796 2868 896 2899 Praef.
925 2868 984 2898 Ed.
1013 2868 1096 2898 Tert.
1159 2910 1187 2939 E
1201 2871 1215 2891 ἲ
1240 2866 1290 2947 C}
1309 2867 1429 2938 ggserv.
1445 2866 1527 2895 Med.
1545 2865 1585 2894 vi.
1604 2865 1631 2896 7.
1653 2866 1709 2900 10;
1727 2867 1859 2896 Dissert.

463 2911 489 2938 5.
1187 2912 1257 2948 pist.
1354 2932 1360 2938 .
