1985 3308
259 151 783 193 OBSERVATIONUM
814 151 1191 193 MEDICARUM
1226 158 1302 192 III.
1328 161 1360 192 2.
1454 155 1535 196 147

78 271 148 298 eos
178 257 430 312 exagitando
459 257 671 309 humores,
704 272 808 312 quos
837 262 1022 312 nequeat
1059 258 1250 308 educere,
1283 272 1458 312 aegrum
1488 259 1534 299 in
1552 268 1738 300 vinnons

77 341 283 381 magnum
309 327 419 367 vitae
447 327 672 367 discrimen
699 326 908 381 conjiciet.
972 326 1072 367 Sedi
1107 340 1246 379 neque
1272 325 1372 366 huic
1399 340 1533 367 reme·
1553 310 1740 384 ἓξζξζζῐζι

79 395 148 436 (110
176 395 275 436 satis
305 395 434 435 fidere
464 395 685 447 possimus,
709 394 826 448 atqui
855 394 981 447 (quod
1008 408 1104 434 vere
1135 393 1394 447 dolendum,)
1421 394 1536 435 aliud
1582 397 1716 428 ’67:69.

78 461 216 502 adhuc
237 462 392 502 certius
408 461 673 502 desideratur
693 462 746 502 ad
766 461 1177 502 truculentissimum
1198 462 1277 501 hoc
1299 467 1538 515 symptoma

79 526 390 577 debellandum,
433 527 546 580 quod
586 527 722 568 solum
763 541 810 567 ac
851 541 926 567 suo
970 528 1113 568 Marte
1154 542 1223 568 eos
1263 528 1351 568 fere
1391 542 1538 568 omnes

73 596 258 650 jugulat,
291 601 499 649 quotquot
533 595 580 636 in
612 595 693 636 hac
723 595 996 636 Variolarum
1031 595 1169 649 specie
1205 595 1273 636 die
1312 595 1539 637 undecimo

78 664 310 704 intereunt.

140 729 252 787 [62]
287 731 466 772 Caetera
486 746 593 785 quae
617 731 663 771 in
682 731 762 772 hoc
782 731 929 772 morbo
951 731 1149 772 accidunt
1172 735 1468 785 symptomata,
1491 737 1540 772 ut

78 804 382 854 praecaventur
403 813 480 853 ope
510 799 728 853 regiminis
759 799 979 849 moderati,
1000 800 1061 840 ita
1088 799 1140 839 ab
1163 800 1311 840 eodem
1342 799 1540 853 pleraque

81 867 210 908 etiam
222 867 433 908 tolluntur
439 884 450 918 3
480 867 658 920 exempli
673 867 820 921 gratia,
836 872 884 907 ut
897 867 1116 920 phrenesis
1140 867 1183 922 [ξ
1198 867 1287 921 23]
1313 868 1539 918 antedicta,
1560 884 1661 914 Coma
1677 884 1734 914 eti-

81 949 107 976 a
121 935 254 975 nimia
269 935 429 975 cerebri
450 935 774 976 excalefactione
790 942 1010 989 prognata,
1030 935 1236 987 sanguine
1255 936 1399 988 quovis
1415 935 1540 976 modo
1559 937 1745 1010 {difflue-on-

81 1003 304 1057 paululum
348 1003 592 1043 ventilando
639 1009 824 1053 curatur,
867 1003 1015 1043 eadem
1060 1003 1262 1043 methodo
1303 1008 1346 1044 et
1386 1003 1541 1043 comati
1559 1012 1738 1052 temperati-

85 1070 214 1123 (quod
253 1070 375 1110 alteri
415 1070 674 1110 contrarium
708 1085 878 1123 prorsus
914 1070 1082 1110 videtin·
1122 1076 1372 1124 symptoma,
1411 1075 1452 1111 et
1488 1085 1512 1111 a
1560 1064 1746 1128 ἓῖξζὲἔξψ

82 1137 371 1178 obstructione
399 1138 564 1178 corticis
585 1138 746 1178 cerebri
766 1139 827 1188 fit,
850 1139 953 1178 dum
973 1139 1130 1178 halitus
1153 1138 1371 1178 calidiores
1403 1152 1427 1178 a
1448 1152 1541 1178 san·
1561 1145 1709 1175 curatum

84 1208 226 1260 guine,
240 1207 458 1260 regiminis
473 1222 519 1248 ac
535 1208 943 1248 medicamentorum
960 1208 1191 1249 calidorum
1208 1222 1290 1248 usu
1306 1213 1541 1258 attenuato,
1560 1187 1737 1264 ἓζιῗριζέξ.

84 1290 240 1328 magna
259 1276 379 1328 eopia
399 1289 446 1316 ac
467 1276 506 1315 vi
526 1276 611 1316 illic
631 1276 939 1329 impelluntur,)
965 1277 1086 1316 facile
1108 1276 1357 1317 occurritur.
1561 1278 1687 1309 pureae.

144 1342 249 1397 [63]
282 1343 444 1383 Eadem
479 1343 559 1383 hac
599 1343 818 1396 sanguinis
854 1345 1244 1397 contemperatione
1280 1350 1323 1385 et
1357 1342 1543 1384 maculas
1564 1358 1685 1388 Mictus

83 1424 316 1465 purpureas
336 1410 423 1450 vidi
451 1410 659 1451 sublatas:
694 1411 767 1451 sed
796 1425 934 1464 neque
959 1412 1039 1452 hac
1066 1426 1204 1465 neque
1234 1412 1314 1452 alia
1343 1411 1544 1452 methodo
1563 1411 1750 1479 ἱζῗξὶῌξθῗζ-

86 1492 350 1532 quacunque,
377 1479 444 1519 vel
473 1479 652 1519 mictum
684 1480 915 1533 sanguiniS‚
943 1480 1009 1522 vel
1040 1481 1269 1521 violentam
1300 1480 1491 1534 ejusdem
1522 1494 1544 1521 e
1563 1486 1670 1525 guinis
1687 1496 1707 1534 q

83 1547 356 1601 pulmonibus
388 1548 656 1601 eruptionem
689 1547 827 1588 adhuc
860 1548 1143 1588 sufflaminare
1175 1548 1322 1602 potui,
1363 1553 1545 1601 utraque
1563 1529 1751 1611 ξὲὲῗῐῖἷζζῑο

84 1630 182 1657 vero
211 1615 534 1669 haemorrhagia
558 1615 663 1656 haec
698 1616 923 1669 (quatenus
953 1616 1060 1656 mihi
1089 1616 1295 1656 hactenus
1325 1616 1546 1657 observare
1564 1615 1682 1673 ubique

84 1685 234 1738 licuit,)
259 1685 434 1725 indubie
454 1690 637 1726 mortem
657 1685 945 1738 praenuntiat.
1564 1662 1724 1740 ἓξὲξ-

152 1753 259 1807 [64]
289 1753 344 1793 In
359 1752 507 1793 urinae
525 1752 831 1806 suppressione,
850 1767 956 1806 quae
973 1753 1164 1807 juniores
1186 1767 1233 1793 30
1249 1757 1420 1806 vegetos
1440 1767 1546 1793 non-
1564 1743 1655 1802 5³¹}t·

87 1833 308 1872 nunquam
336 1819 522 1869 incessit,
548 1820 588 1872 (a
614 1820 860 1860 confusione
882 1820 1040 1861 seilicet
1070 1835 1227 1874 magna
1257 1826 1300 1861 et
1322 1820 1549 1874 spirituum
1568 1795 1718 1878 ἓξὲξ-

87 1884 241 1942 ἀταξίᾳ
267 1886 458 1940 ejusdcm
489 1887 718 1928 excretioni
746 1888 1114 1939 subservientium,
1141 1888 1194 1929 ob
1224 1889 1476 1942 sanguinem
1507 1893 1549 1929 et
1568 1890 1729 1953 Ξῑξέῒζῗὲῗ

88 1953 287 1994 humores
317 1953 448 1994 nimio
474 1954 634 1995 fervore
666 1956 874 2009 agitatOS,)
900 1972 1046 1998 omnes
1078 1958 1382 1998 diureticorum
1412 1958 1549 1998 tribus
1567 1934 1723 2006 1111111Ρο-

90 2021 136 2061 in
157 2022 360 2062 auxilium
383 2022 578 2062 accersivi
590 2040 601 2072 3
634 2023 707 2063 sed
728 2023 835 2063 nihil
856 2038 988 2077 aeque
1008 2024 1189 2064 feliciter
1209 2025 1278 2065 hic
1299 2025 1404 2064 mihi
1425 2025 1550 2065 cessit
1567 2013 1636 2040 test.

92 2096 219 2144 atque
260 2104 282 2131 e
323 2090 431 2130 lecto
472 2090 653 2130 eximere
689 2105 876 2144 aegrum,
916 2091 987 2144 qui
1022 2097 1248 2144 postquam
1289 2092 1551 2131 adstantium

90 2157 288 2198 manibus
324 2157 523 2197 suffultus
564 2157 808 2198 cubiculum
843 2158 907 2198 bis
942 2165 1057 2200 terve
1098 2159 1550 2210 circumambulaverit,

91 2240 189 2266 mox
217 2225 386 2266 urinam
418 2222 703 2279 satis'copiosc
734 2226 896 2276 reddet,
918 2227 1033 2266 haud
1056 2241 1182 2280 parvo
1204 2241 1301 2267 cum
1328 2227 1550 2267 levamine.

91 2294 237 2335 Testes
259 2293 327 2334 hie
348 2293 504 2347 possim
525 2293 775 2347 compellare
793 2294 985 2335 Medicos
1008 2295 1210 2347 quosdam
1233 2309 1254 2335 0
1275 2294 1553 2334 familiaribus

92 2362 211 2413 meis,
227 2362 299 2416 qui
318 2362 364 2402 in
384 2361 463 2402 hoc
485 2375 586 2401 casu
606 2375 657 2402 ex
677 2376 771 2402 meo
795 2362 968 2402 consilio
989 2361 1101 2401 idem
1122 2361 1213 2401 fieri
1234 2366 1553 2414 praeceperunt,

94 2445 232 2484 neque
254 2444 323 2472 eos
344 2430 494 2471 fefellit
516 2435 706 2470 eventus.

155 2497 268 2554 [65.]
301 2499 361 2538 At
381 2512 478 2539 vero
504 2512 610 2551 quae
632 2512 657 2539 a
676 2497 878 2538 materiae
899 2496 1143 2537 Variolosae
1165 2496 1480 2550 repercussione
1501 2495 1554 2537 ob

94 2565 229 2619 frigus
260 2571 499 2606 extremum
518 2565 585 2606 vel
612 2565 905 2606 evacuationes
929 2565 1118 2606 indebite
1139 2566 1271 2605 factas
1302 2564 1556 2619 proveniunt

96 2638 392 2688 symptomata,
430 2648 511 2673 usu
551 2633 839 2674 cardiacorum
880 2638 922 2673 et
963 2634 1168 2674 conformi
1208 2633 1415 2687 regimine
1455 2637 1556 2674 sunt

96 2702 283 2743 tollenda
295 2719 306 2752 3
339 2702 412 2756 qui
431 2707 578 2742 tamen
594 2716 681 2742 non
701 2702 815 2742 ultra
835 2701 1019 2755 spatium
1041 2716 1124 2755 quo
1145 2702 1226 2742 ista
1245 2706 1437 2755 perstant
1458 2715 1556 2742 con-

96 2769 342 2810 tinuandus.
406 2767 575 2809 Horum
595 2769 821 2822 praecipua
841 2775 940 2809 sunt
962 2770 1230 2823 pustularum
1251 2770 1462 2824 depressio
1483 2783 1558 2810 seu
1576 2776 1729 2809 Pustula-

97 2837 371 2890 procidentia,
391 2841 432 2878 et
454 2836 673 2877 diarrhoea
693 2837 739 2877 in
755 2837 936 2878 Variolis
958 2837 1162 2878 Discretis
1176 2855 1187 2888 ;
1223 2851 1361 2891 neque
1383 2836 1497 2878 enim
1512 2836 1558 2877 in
1575 2823 1718 2904 {2232ss
1724 2870 1753 2895 et

566 2919 571 2939 ¹
600 2921 869 2962 Sed-intereunt]
888 2932 950 2952 om.
969 2923 1016 2952 cd.
1035 2922 1096 2954 76.
