1985 3308
619 121 965 163 TRACTATUS
999 123 1062 164 II.
1469 129 1554 169 457

101 225 198 266 dem
219 226 304 267 sive
325 241 412 268 una
432 227 571 281 aliqua
591 227 676 268 sive
697 227 826 268 etiam
846 229 1038 282 pluribus
1061 230 1275 284 disruptis,
1298 236 1340 273 et
1361 232 1405 272 in
1427 233 1554 274 abdo·
1597 243 1650 274 De
1668 243 1741 274 Ηγ-

99 292 227 333 minis
257 293 481 335 cavitatem
509 307 552 334 se
582 295 922 347 exonerantibus‚
946 297 1094 338 eadem
1115 304 1345 341 occurrunt
1367 306 1554 354 sympto-
1610 295 1733 316 onom.

98 363 216 399 mata
249 374 355 413 quae
386 361 432 401 in
465 361 670 416 Hydrope
706 377 832 416 quem
864 377 991 417 supra
1026 365 1307 419 depinximus.
1385 367 1470 408 Sed
1503 368 1554 410 de

99 427 179 468 hoc
200 442 355 481 genere
371 430 461 483 jam
483 430 580 471 olim
612 430 807 484 [Dissert.
829 431 965 484 Epist.
991 433 1013 486 ᾧ
1037 432 1126 485 92.]
1155 432 1235 486 egi.

164 495 244 549 [7.]
285 496 396 537 Sunt
424 502 466 538 et
497 498 602 538 aliae
628 497 735 539 duae
767 499 923 552 species
953 503 1173 540 tumorum
1200 500 1438 542 abdominis
1461 501 1553 556 Hy-
1575 506 1666 537 Aliae
1682 511 1757 536 sunt

98 562 273 616 dropem
297 565 567 616 mentientes,
589 566 783 607 foeminis
808 572 1011 621 utraeque
1033 567 1282 610 familiares:
1324 569 1470 610 Prima
1490 574 1553 611 est
1571 549 1758 622 ἓξὲξ-ἓξ

97 630 291 671 carnium
321 631 366 671 in
397 632 589 685 partibus
616 634 732 674 intra
761 634 971 676 abdomen
999 636 1283 677 excrescentia
1311 641 1552 690 praeterna-
1571 634 1744 716 ffigssgnllw-

96 698 260 748 turalis,
298 713 404 752 quae
436 704 628 741 ventrem
667 702 714 741 in
753 703 910 743 molem
948 703 1064 744 haud
1103 704 1246 744 minus
1282 704 1554 757 conspicuam
1574 719 1729 749 mentien-

98 766 254 807 attollit
297 781 424 820 quam
465 769 569 810 solet
615 769 780 811 inclusa
826 786 964 825 aqua3
1006 773 1139 814 altera
1185 773 1343 827 species
1384 773 1554 815 flatibus
1573 761 1723 834 {3553}

97 838 240 875 ortum
268 834 406 886 debet,
439 836 510 889 qui
544 851 633 878 non
662 841 876 878 tumorem
905 844 1090 890 tantum,
1123 840 1197 880 sed
1227 844 1270 881 et
1301 841 1383 881 alia
1412 840 1554 894 ingra-
1571 847 1653 876 intra
1669 847 1724 876 ab·

96 902 320 944 vidationis
341 904 474 957 signa,
496 905 682 957 pariunt.
745 905 865 946 Hace
885 907 1030 948 viduas
1057 912 1106 948 ut
1123 908 1354 961 plurimum
1376 913 1554 959 exercet,
1574 889 1757 961 ἒῖζζέζζθκ

97 971 163 1011 vel
190 971 319 1012 etiam
342 973 541 1014 mulieres
570 987 676 1026 quae
701 988 789 1015 11011
818 974 901 1014 nisi
931 976 1211 1028 provectiores
1240 980 1379 1016 aetate
1400 990 1556 1030 nupse-
1573 974 1743 1046 gffifflffi·

97 1044 222 1080 rant:
255 1045 382 1094 atquc
402 1041 495 1091 hae,
518 1046 608 1081 tam
630 1056 706 1082 suo
730 1042 919 1095 ipsarum
941 1057 1069 1095 quam
1090 1043 1369 1083 obstetricum
1395 1043 1556 1096 judicio
1575 1058 1607 1094 li,
1625 1059 1702 1088 haee

101 1107 299 1161 (quarum
329 1109 499 1149 oracula
518 1109 597 1150 hae
621 1109 712 1162 ipsa
743 1110 794 1150 de
819 1124 864 1150 rc
889 1111 1168 1163 consuluere,)
1193 1115 1360 1151 motum
1379 1110 1555 1150 infantis
1573 1101 1760 1173 {ffiilbffig‘g'

92 1175 184 1229 jam
205 1190 230 1216 a
249 1181 439 1229 tempore
461 1181 663 1217 consueto
683 1191 819 1230 usque
841 1177 894 1217 ad
914 1176 1155 1230 legitimum
1175 1182 1345 1230 tempus
1365 1176 1556 1230 pariendi
1575 1186 1631 1234 qpi
1647 1166 1760 1234 ingr-as

97 1244 464 1297 persentiscentes,
503 1245 606 1297 quin
639 1249 695 1294 et,
725 1245 778 1285 ad
809 1244 994 1285 eundem
1026 1245 1202 1286 modum
1238 1259 1321 1298 quo
1361 1244 1555 1298 gravidae
1574 1229 1744 1310 ἔξὲζὲᾞζῗ

97 1312 248 1362 solent,
272 1312 452 1353 subinde
473 1317 755 1366 aegrotanteS,
778 1312 1081 1354 sororiantibus
1102 1313 1277 1366 insuper
1297 1312 1554 1362 mammillis,
1575 1313 1682 1343 riunt:
1701 1365 1707 1372 ,

97 1384 140 1420 et
170 1379 279 1420 lacte
310 1380 541 1430 extillante,
564 1380 615 1420 de
639 1380 778 1420 fasciis
807 1380 922 1420 haud
951 1394 1046 1420 raro
1071 1380 1330 1434 caeterisque
1363 1380 1416 1420 ad
1447 1379 1554 1420 exci-
1574 1365 1763 1438 ἓῑᾎῗθῖᾏῖἶ-

95 1446 300 1500 piendum
319 1447 530 1487 infantem
555 1447 800 1488 necessariis
829 1447 909 1488 sibi
934 1451 1269 1501 prospexerunt3
1302 1447 1436 1488 donec
1460 1451 1555 1487 tan·
1575 1445 1763 1513 §ginaha-

97 1514 195 1555 dem
223 1518 370 1555 venter
395 1514 488 1568 pari
524 1529 607 1568 quo
634 1514 870 1555 increverat
906 1515 1042 1568 gradu
1073 1515 1229 1555 sensim
1260 1514 1556 1555 detumescens
1575 1535 1648 1555 rum
1665 1527 1705 1556 ad

97 1595 215 1636 spem
245 1595 400 1623 vanam
428 1582 612 1623 eluserit.
674 1582 844 1623 Neutra
868 1596 968 1623 vero
999 1582 1153 1623 harum
1184 1582 1238 1623 ad
1262 1597 1360 1623 eum
1392 1582 1444 1623 de
1476 1596 1557 1635 quo
1576 1568 1760 1651 {2⁰32}-

95 1649 261 1703 agimus
281 1649 480 1690 morbum
500 1654 563 1691 est
584 1649 817 1691 referenda.
1575 1656 1637 1689 tur,
1654 1655 1736 1684 refe-

161 1717 241 1771 [8.]
280 1717 568 1759 Indicationes
603 1718 817 1759 curativae
848 1731 970 1758 verae
1006 1730 1055 1758 ac
1091 1716 1315 1770 genuinae,
1347 1719 1498 1769 utpote
1533 1729 1558 1755 a
1575 1696 1744 1784 ἱῖὲἰζᾶῖῖζ

95 1783 322 1838 praedictis
337 1784 642 1837 Phaenomenis
658 1786 913 1826 naturaliter
935 1785 1054 1838 quasi
1075 1789 1256 1834 exortae,
1273 1784 1339 1825 vel
1360 1783 1413 1824 ad
1430 1797 1556 1836 aqua·
1575 1806 1631 1826 nes
1644 1798 1760 1827 curati-

96 1865 194 1892 rum
214 1851 261 1892 in
282 1851 508 1893 abdomine
529 1853 791 1906 caeterisque
811 1851 1004 1905 partibus
1026 1855 1327 1891 contentarum
1349 1849 1556 1890 evacuati-
1575 1840 1762 1920 {zzeilsuggfi-

97 1933 238 1969 onem,
255 1919 321 1960 vel
337 1920 390 1960 ad
410 1920 739 1960 instaurandum
756 1918 976 1970 sanguinis
996 1916 1127 1958 robur
1149 1931 1232 1970 quo
1252 1930 1384 1957 novus
1405 1929 1557 1956 earun-
1576 1928 1680 1954 tentas
1690 1934 1762 1953 eva-

97 1985 197 2026 dem
217 1991 447 2039 proventus
467 1986 706 2039 praecaveri
725 1986 870 2040 possit,
894 1985 1069 2026 omnino
1091 1983 1336 2036 dirigendae
1358 1986 1471 2023 sunt.
1573 1972 1742 2048 ζζὲἑῇίξξε

164 2052 243 2106 [9.]
285 2052 377 2094 Seri
399 2053 717 2094 evacuationem
738 2053 852 2106 quod
873 2056 1049 2105 spectat,
1070 2051 1218 2104 magni
1244 2051 1375 2091 refert
1395 2055 1445 2091 ut
1466 2050 1557 2091 dili·
1577 2051 1737 2123 2331}ss-

98 2124 249 2173 genter
270 2119 552 2171 observemus,
570 2121 616 2162 in
632 2121 829 2162 omnibus
852 2120 1106 2174 Hydropicis
1128 2134 1178 2161 ea
1198 2119 1431 2161 cathartica
1452 2134 1558 2173 quae
1578 2143 1761 2176 cathartica

97 2187 164 2227 vel
184 2187 356 2240 segnius
371 2188 437 2228 vel
458 2188 599 2229 minus
620 2193 817 2242 potenter
833 2194 1074 2241 operantur,
1092 2188 1257 2228 officere
1273 2187 1408 2240 magis
1431 2202 1558 2241 quam
1577 2188 1725 2268 {¹35ss

97 2255 294 2308 prodesse
313 2271 320 2295 :
353 2269 451 2296 cum
473 2256 588 2296 enim
607 2256 919 2297 medicamenta
934 2254 1164 2308 purgantia
1185 2253 1237 2294 ad
1257 2268 1394 2293 unum
1416 2267 1560 2295 omma
1577 2272 1627 2301 vel
1643 2272 1754 2302 mitius

98 2321 292 2362 Naturae
328 2321 413 2362 sint
443 2322 628 2373 inimica,
659 2336 742 2376 quo
774 2322 947 2363 nomine
980 2322 1220 2362 catharseos
1253 2335 1429 2362 munere
1460 2321 1558 2362 fun·
1577 2320 1758 2353 operantur,

99 2393 274 2442 glmtur,
297 2389 551 2442 sanguinem
573 2390 840 2444 aliquatenus
867 2389 1093 2430 debilitant
1114 2388 1398 2441 laeduntque;
1428 2387 1556 2438 unde,
1576 2357 1721 2439 ffirggsmt

99 2455 181 2496 nisi
196 2470 347 2510 corpus
369 2457 562 2498 celeriter
576 2457 809 2511 pervadant
827 2462 868 2498 et
890 2456 1090 2498 citissime
1112 2457 1389 2510 expellantur,
1408 2456 1557 2497 Cama·
1576 2451 1674 2515 ξζζῗὲῃ
1687 2452 1760 2482 pro-

97 2522 261 2564 rinamc
277 2537 371 2564 eam
383 2524 598 2565 moventia
619 2539 747 2578 quam
768 2539 911 2566 secum
928 2524 1137 2565 abducere
1153 2527 1386 2577 nequeunt,
1404 2528 1447 2564 et
1464 2538 1558 2564 san·
1579 2534 1699 2582 Utrum
1711 2547 1763 2566 ae-

99 2589 271 2643 guinem
306 2591 570 2632 tumultuose
602 2592 874 2645 exagitantia,
905 2596 1119 2633 tumorem
1149 2591 1283 2644 magis
1316 2591 1531 2645 adaugent
1546 2608 1558 2642 3
1577 2587 1758 2651 ῗζζὶῗὲᾟὶὸ

100 2656 214 2710 quod
244 2656 340 2710 plus
373 2657 474 2697 satis
513 2657 647 2711 liquet
679 2659 725 2698 in
757 2673 905 2700 eorum
939 2659 1117 2713 pedibus
1159 2659 1312 2712 quibus
1348 2660 1465 2700 alvus
1500 2659 1561 2700 ita
1577 2673 1670 2702 aegre
1685 2674 1738 2694 ca-

98 2723 253 2765 leniter
285 2738 333 2764 ac
364 2723 520 2765 blande
553 2725 815 2766 sollicitatur.
879 2725 1182 2776 Quamobrem,
1218 2730 1268 2766 ut
1304 2739 1402 2766 cum
1436 2725 1559 2766 bonis
1577 2705 1766 2784 ἱξὲξῗὲῗῃῐ

100 2791 216 2846 aegri
249 2791 376 2833 rebus
411 2792 608 2845 purgatio
640 2793 906 2842 instituatmg
929 2792 1033 2832 scire
1064 2797 1244 2844 oportet,
1265 2796 1413 2833 utrum
1444 2793 1558 2846 aegri
1577 2790 1761 2864 ξέξιθᾶῖῐῐὲυἰ-

143 2880 156 2894 ⁰
181 2877 201 2892 “
216 2878 334 2908 Canwr.
353 2887 474 2913 movere,
493 2880 539 2907 cst
555 2876 613 2906 sibi
629 2877 690 2917 ipsi
706 2876 830 2907 malum
847 2878 1038 2906 accersere.''
1058 2873 1205 2915 (Erasmi
1221 2877 1322 2917 Adag.
1340 2876 1359 2907 i.
1380 2877 1406 2906 l.
1424 2875 1493 2915 64.)

790 2929 867 2968 ΒΝ
