1985 3308
261 170 785 213 OBSERVATIONUM
816 169 1195 210 MEDICARUM
1221 174 1282 208 IV.
1310 176 1341 205 3.
1445 170 1526 210 169

72 278 261 320 inferiori
312 277 514 319 intestino
557 279 682 331 (recto
733 277 914 330 nempe‚)
972 276 1186 317 molestias
1239 280 1397 325 creent,
1445 289 1527 327 quo
1559 290 1714 319 Dvsnm.

72 346 252 387 materia
285 345 332 386 in
367 359 416 387 eo
447 346 535 386 solo
570 345 793 386 conficitur
828 350 955 398 atque
990 344 1090 385 inde
1126 343 1379 384 excernitur.
1443 343 1527 383 Hic
1547 332 1730 406 AJJJ‘issJJ‘

73 418 218 454 autem
247 413 420 454 morbus
449 413 548 453 lieet
580 412 750 462 adultis,
778 412 961 452 maxime
998 411 1259 465 grandaevis,
1287 410 1404 451 haud
1432 424 1527 450 raro
1548 439 1610 467 Hic
1627 421 1730 467 ΠῙΥΪ

74 481 267 531 exitialis,
298 480 536 521 infantibus
570 479 847 520 nihilominus
883 479 1169 532 perbenignus
1204 478 1425 532 reperitur,
1458 477 1696 553 q11i2‡;31{}{et

74 549 128 590 ad
155 562 321 589 menses
343 548 501 602 aliquot
529 548 581 588 ab
604 548 752 588 eodem
775 548 1026 601 quandoque
1049 547 1290 588 afficiuntur
1316 546 1407 587 sine
1429 560 1529 599 quo-
1548 565 1688 594 maxime

74 616 136 656 vis
156 616 438 666 incommodo,
461 616 586 656 modo
607 629 674 656 res
695 615 887 656 Naturae
907 615 1191 669 permittatur.
1549 608 1717 689 ffifnzdfgm

140 684 220 738 [5.]
259 684 477 725 Quantam
513 698 610 724 cum
649 684 742 734 hac,
776 698 903 736 quam
939 683 1248 736 descripsimus,
1281 682 1531 723 affinitatem
1551 673 1701 742 exitialis,

75 751 230 792 habeat
259 751 455 793 endemia
479 751 561 792 ista
584 751 874 792 Hibernorum
895 750 1162 805 Dysenteria,
1187 765 1276 791 11011
1304 750 1405 791 satis
1433 749 1531 800 scio,
1550 735 1725 818 ξζὲἓζῗιζὲἕῗ

77 834 175 861 011111
200 820 393 860 nondum
421 834 470 860 ea
499 819 604 859 mihi
632 819 888 860 innotuerit:
923 818 1025 872 quin
1052 823 1094 859 et
1122 818 1168 858 in
1194 818 1260 858 his
1289 832 1391 871 quas
1420 817 1533 858 inco·
1552 831 1613 851 nus
1629 825 1686 850 est.

75 887 203 928 limus
232 887 477 941 regionibus
506 887 715 941 quomodo
744 901 787 927 se
818 887 973 927 habeat
995 886 1263 940 Dysenteria,
1287 900 1414 939 quam
1444 886 1535 939 jam

79 955 360 1008 depinximus,
384 955 417 995 si
448 955 501 995 ad
522 955 614 996 illas
635 955 844 995 referatur
870 968 976 1008 quae
997 954 1089 995 aliis
1115 954 1238 995 annis
1260 953 1534 1003 infestabant,

79 1022 184 1063 mihi
214 1023 372 1076 pariter
401 1022 713 1076 incompertum
744 1028 832 1072 est3
876 1036 973 1063 cum
1003 1022 1094 1063 fieri
1126 1022 1296 1076 quidem
1326 1021 1457 1075 possit
1488 1027 1536 1062 ut

79 1089 218 1131 variae
246 1096 501 1131 enascantur
522 1090 873 1144 Dysenteriarum
901 1090 1071 1144 species,
1094 1095 1141 1130 ut
1164 1095 1263 1130 sunt
1283 1089 1537 1130 variolarum

81 1163 124 1198 et
155 1157 483 1212 epidemicorum
511 1157 702 1207 aliorum,
726 1157 898 1197 diversis
926 1157 1301 1198 constitutionibus
1332 1157 1537 1211 propriae,

82 1231 126 1267 et
157 1239 262 1279 quae
291 1225 469 1278 proinde
504 1225 702 1265 medendi
733 1225 983 1265 methodum
1014 1225 1059 1265 in
1090 1225 1299 1278 aliquibus
1331 1224 1539 1265 diversam

81 1294 161 1335 sibi
190 1308 264 1335 suo
294 1294 390 1348 jure
417 1293 655 1334 vendicent.
716 1294 870 1346 Neque
901 1299 965 1334 est
994 1308 1068 1334 cur
1095 1294 1171 1335 hos
1199 1294 1393 1334 Naturae
1422 1294 1540 1333 lusus

79 1362 160 1403 hac
179 1361 226 1402 in
246 1373 291 1402 re
311 1366 533 1414 tantopere
551 1361 832 1411 demiremur3
863 1375 961 1402 cum
982 1360 1027 1401 in
1049 1362 1238 1402 confesso
1260 1360 1372 1414 apud
1394 1375 1540 1401 omnes

81 1429 149 1480 sit,
173 1428 296 1482 quod,
313 1443 395 1482 quo
415 1428 666 1481 profundius
689 1428 732 1468 in
755 1443 1031 1482 quaecunque
1052 1429 1244 1469 Naturae
1267 1442 1394 1481 opera
1413 1442 1540 1481 pene-

75 1503 255 1547 tremus,
285 1511 334 1538 eo
368 1496 626 1537 luculentius
657 1496 779 1537 nobis
816 1497 1043 1550 affulgeat&
1073 1497 1225 1550 ingens
1260 1496 1333 1536 illa
1362 1496 1542 1537 varietas

82 1571 126 1608 et
156 1566 345 1607 divinum
374 1580 482 1619 pene
514 1565 739 1606 artificium
775 1565 1069 1619 operationum
1101 1567 1204 1620 ejus,
1233 1580 1340 1620 quae
1370 1570 1543 1620 captum

82 1639 277 1676 nostrum
305 1633 550 1687 longissime
591 1639 816 1687 superant:
860 1634 964 1675 adeo
994 1639 1042 1674 ut
1084 1634 1271 1688 quisquis
1308 1634 1378 1675 ille
1413 1633 1542 1674 fuerit

84 1702 156 1756 qui
179 1703 225 1743 in
250 1717 293 1743 se
320 1702 524 1756 receperit
550 1702 655 1743 haee
676 1702 820 1743 omnia
844 1707 988 1744 mente
1019 1702 1198 1756 assequi,
1221 1708 1263 1743 et
1290 1701 1543 1742 multifarias

83 1771 276 1812 Naturae
296 1770 559 1824 operationes
581 1769 690 1811 κατὰ
714 1769 845 1814 πόδας
865 1770 1080 1824 indagare,
1102 1771 1259 1825 partim
1280 1770 1446 1824 magnis
1469 1785 1541 1810 au-

85 1839 141 1880 sis
162 1837 363 1889 excideth,
385 1853 524 1892 neque
544 1838 630 1879 voti
650 1853 726 1892 per
747 1839 890 1880 omnia
910 1853 1080 1893 compos
1100 1839 1303 1880 reddetur
1315 1857 1327 1889 3
1360 1838 1544 1879 convitia

85 1907 270 1956 interim,
297 1907 346 1959 (si
379 1906 479 1959 quid
506 1906 735 1959 judicando
756 1907 896 1960 valet)
922 1921 997 1960 pro
1024 1913 1290 1961 repertorum
1310 1907 1377 1948 vel
1407 1906 1541 1947 utilis·
1562 1916 1734 1965 Epidejmi5

87 1973 289 2015 simorum
315 1988 442 2027 quam
461 1973 561 2014 fecit
583 1979 784 2024 semente,
808 1979 922 2015 certo
950 1975 1105 2015 certius
1128 1975 1208 2015 sibi
1228 1974 1428 2016 metenda
1446 1989 1542 2028 pro·
1560 1960 1747 2031 ξ’]ὐζξιοξζῗ

86 2046 229 2096 ponet,
251 2041 377 2095 idque
398 2055 491 2082 eam
511 2046 682 2082 tantum
703 2042 756 2082 ob
779 2056 962 2093 eausam,
986 2043 1100 2098 quod
1120 2043 1281 2096 primus
1301 2043 1478 2083 invenit.
1558 2044 1757 2093 uptunprin-

152 2110 232 2164 [6.]
270 2109 401 2150 Porro
436 2109 746 2149 observandum
777 2114 840 2150 est
877 2109 990 2163 quod
1020 2110 1242 2163 epidemiei
1277 2124 1437 2160 omnes,
1468 2109 1544 2150 ubi
1561 2097 1729 2169 ἓξξιζρᾞῖ

86 2177 272 2232 primum
298 2191 321 2217 e
350 2177 544 2217 Naturae
572 2176 669 2217 sinu
690 2181 915 2230 emergunt
937 2177 1213 2231 exiliuntque,
1240 2179 1465 2231 (quantum
1492 2191 1543 2218 ex
1561 2171 1740 2244 &idigin-

88 2258 234 2286 eorum
255 2244 558 2298 phaenomenis
574 2244 673 2284 licet
689 2245 925 2298 conjicere,)
946 2245 1151 2298 principio
1167 2245 1301 2297 magis
1318 2245 1542 2298 spirituoso
1557 2259 1752 2291 haerescere,

89 2326 137 2354 ac
161 2312 307 2353 subtili
327 2312 526 2353 videntur
550 2312 852 2362 inhaerescere,
876 2327 1002 2366 quam
1026 2312 1101 2352 ubi
1124 2313 1214 2366 jam
1238 2313 1373 2366 magis
1404 2313 1542 2353 adole·
1560 2299 1749 2371 ξξιῇξὶζζξῗ

87 2380 238 2430 verint,
271 2393 438 2433 quoque
469 2379 603 2432 magis
635 2379 688 2420 ad
715 2393 911 2420 occasum
939 2384 1133 2433 vergunt,
1163 2394 1212 2421 eo
1242 2380 1378 2433 magis
1408 2380 1544 2420 indies
1563 2388 1673 2423 gentes
1685 2393 1750 2412 ma-

1563 2426 1611 2464 gis
1628 2426 1726 2455 crassi

89 2447 219 2488 crassi
248 2452 376 2501 atque
402 2447 644 2487 humorales
672 2448 807 2497 fiunt,
840 2447 1000 2488 etenim
1031 2447 1174 2500 quales
1197 2447 1341 2500 quales
1372 2447 1545 2488 demum
1562 2464 1664 2498 indies
1681 2474 1728 2497 at-

88 2514 247 2556 fuerint
268 2515 464 2556 inimicae
491 2515 597 2555 istae
624 2515 868 2568 particulae,
892 2530 995 2568 quas
1024 2515 1113 2556 a'eri
1142 2515 1293 2555 intime
1318 2516 1546 2568 permixtas
1564 2511 1750 2582 (111183ΐὲᾎο-

23 2581 27 2595 “
89 2581 440 2622 constitutionem
463 2582 738 2635 epidemicam
763 2582 945 2622 formare
967 2582 1248 2635 opinabimur,
1271 2583 1445 2624 omnino
1471 2597 1547 2636 par
1564 2563 1692 2625 diuitum
1721 2571 1733 2576 -

91 2653 155 2690 est
175 2653 225 2690 ut
253 2649 423 2690 easdem
443 2649 594 2703 majori
615 2649 770 2702 agendi
795 2649 988 2702 potentia
1010 2663 1085 2702 per
1106 2663 1155 2690 ea
1175 2655 1367 2703 tempora
1390 2651 1547 2704 pollere
1568 2648 1606 2697 131
1622 2659 1715 2720 (ΞΜ-1)

91 2716 378 2757 existimemus
396 2716 549 2770 quibus
566 2717 752 2770 primum
769 2717 999 2770 eruperint,
1019 2731 1144 2770 quam
1162 2722 1386 2771 postquam
1402 2732 1548 2764 earum
1565 2696 1716 2763 ξὲἕῗὲξῑὲς

89 2783 197 2824 vires
218 2784 378 2824 fuerint
406 2784 624 2825 refractac.
687 2785 758 2825 Ita
778 2784 925 2838 primis
956 2784 1174 2826 mensibus
1206 2785 1360 2840 quibus
1387 2800 1548 2839 grassa·
1566 2775 1738 2816 particula-

262 2885 276 2904 Β
300 2884 463 2924 affulgeat]
482 2886 649 2925 affidgeant
666 2885 712 2916 ed.
730 2886 790 2918 ’76.

263 2924 277 2944 *¹
302 2929 320 2943 ‘⁴
333 2927 462 2967 Magnis
479 2933 585 2958 tamen
601 2928 721 2959 excidit
736 2928 853 2958 ausis.”
877 2928 987 2968 (Ovid.
1006 2929 1128 2960 Metam.
1146 2929 1176 2960 ii.
1196 2929 1284 2967 328.)

843 2996 862 3021 Z
