1985 3308
401 157 489 198 438
816 157 1072 200 THOMAE
1107 158 1449 200 SYDENHAM

210 276 266 307 DE
284 277 373 306 Pon-
399 263 529 305 fuerit
556 263 711 318 pecus,)
744 263 852 305 nihil
883 264 1071 318 ambiget
1101 265 1147 305 in
1179 279 1306 318 quam
1336 270 1502 319 partem
1533 263 1686 305 debeat
1717 276 1863 305 eonce-

242 329 345 350 AGRA.
402 331 516 372 dere.

198 409 238 439 In
252 418 314 457 quo
331 418 383 438 ca·
467 400 575 455 [51.]
615 400 712 442 Quo
742 415 831 441 non
862 401 1071 451 obstante,
1095 401 1130 441 si
1166 415 1302 454 aeger,
1334 401 1400 441 101
1435 415 1460 441 a
1489 401 1618 454 longo
1654 414 1702 442 ac
1731 400 1867 441 nimio

196 461 364 534 ῗῇζῐζὲζιῐῖ)
401 483 483 509 11311
516 469 728 522 liquorum
768 468 1087 518 inebriantium,
1119 468 1185 508 101
1225 468 1277 508 ab
1319 473 1457 509 aetate
1496 468 1770 522 provectiore,
1800 468 1867 509 vel

198 537 384 573 cumfillud-
403 537 585 590 denique
614 551 713 590 prae
744 537 878 576 nimia
908 536 1139 586 debilitate,
1168 536 1282 577 cibos
1314 537 1473 591 absque
1500 538 1598 578 vino
1625 538 1690 578 101
1721 536 1866 590 quovis

197 590 384 662 gsssssf‘gggro
403 605 484 645 alio
511 605 674 658 liquore
702 604 960 644 fermentato
987 609 1173 657 nequeat
1199 618 1475 660 concoquere,
1498 619 1587 646 non
1607 609 1727 646 vacat
1755 608 1868 646 certe

198 665 368 739 idxlggigen-
402 673 588 726 periculo
609 671 793 712 eundem
819 672 1013 724 protinus
1036 686 1083 712 ac
1105 672 1333 726 derepente
1362 688 1386 714 a
1405 673 1505 714 11110
1531 673 1739 727 depellere
1752 689 1763 723 3
1797 672 1870 726 qui

404 741 576 794 quidem
607 754 721 780 error
751 739 866 780 haud
897 740 1041 793 paucis
1071 741 1239 782 lethalis
1270 742 1365 782 fuit.
1428 742 1607 782 Prorsus
1637 741 1783 795 itaque
1818 741 1868 794 (si

402 822 472 849 me
493 808 641 859 audit,)
668 821 868 861 apozema
896 807 1170 850 diaetetieum
1192 824 1319 863 supra
1343 809 1650 864 praescriptum
1677 809 1843 850 abdicet
1857 826 1869 859 ς

402 876 480 926 101,
504 876 539 916 31
565 875 714 916 eodem
735 875 800 916 uti
826 876 1034 927 statuerit,
1057 877 1096 917 ei
1124 878 1281 919 sensim
1309 883 1535 929 assuescat,
1557 878 1762 918 haustum
1781 876 1871 917 vini

403 944 450 984 in
474 943 665 997 pastibus
697 943 750 984 ad
774 948 944 997 tempus
972 945 1142 999 aliquod
1170 945 1251 986 sibi
1278 946 1520 999 indulgens,
1551 946 1671 1000 quasi
1694 944 1872 987 remedii

402 1012 494 1053 1000
523 1012 665 1066 potius
697 1026 825 1065 quam
855 1012 1032 1064 diaetae,
1065 1013 1199 1055 donec
1230 1014 1452 1055 decoctum
1482 1014 1589 1054 illud
1618 1013 1870 1054 familiarius

404 1080 594 1121 evaserit.
655 1080 820 1120 Vinum
851 1086 995 1122 autem
1025 1082 1309 1136 Hispanicum
1339 1083 1408 1124 hic
1434 1082 1516 1124 loci
1545 1087 1635 1123 tam
1662 1082 1872 1122 Rhenano

405 1163 533 1203 quam
570 1147 734 1188 Gallico
775 1149 949 1189 omnino
984 1150 1310 1203 praeferendum
1346 1155 1408 1191 est
1422 1168 1433 1200 3
1481 1164 1587 1204 quae
1622 1149 1869 1203 posteriora,

403 1217 503 1257 licet
524 1216 759 1256 ventriculo
785 1222 983 1270 pergrata
1005 1218 1103 1268 sint,
1125 1223 1272 1259 tamen
1299 1218 1600 1259 exacerbandis
1620 1216 1872 1257 humoribus

407 1290 448 1325 et
477 1284 672 1337 augendo
700 1284 837 1324 morbi
857 1285 997 1325 fomiti
1025 1291 1123 1339 apta
1150 1291 1253 1326 nata
1278 1291 1392 1327 sunt.
1453 1285 1591 1336 Adde,
1621 1284 1746 1338 quod,
1775 1298 1873 1324 cum

408 1366 539 1406 aeque
560 1352 647 1392 fere
664 1353 795 1393 cruda
816 1353 901 1394 sint
919 1358 960 1394 et
977 1353 1045 1394 xix
1065 1355 1201 1407 magis
1224 1360 1425 1396 concocta
1447 1369 1575 1408 quam
1598 1360 1661 1394 est
1677 1358 1873 1394 nostrum

407 1434 670 1474 pomaceum,
703 1435 792 1461 non
826 1421 1003 1475 perinde
1039 1423 1231 1464 cardiaca
1267 1429 1368 1464 sunt
1405 1429 1531 1476 atque
1563 1422 1697 1463 calida
1728 1435 1776 1462 00
1806 1434 1872 1461 res

408 1489 610 1543 postulat.
690 1491 833 1543 Atque
854 1490 958 1531 haec
990 1490 1041 1532 de
1074 1491 1168 1532 cibo
1198 1496 1386 1546 potuque
1407 1488 1730 1546 ΠοδαὙρώντων
1760 1489 1874 1530 dicta

410 1563 551 1598 sunto.

474 1625 582 1679 [52]
620 1626 698 1666 Est
730 1630 772 1666 et
804 1626 931 1677 aliud,
960 1626 1094 1682 (quod
1124 1628 1296 1669 tametsi
1326 1628 1442 1682 parvi
1472 1628 1697 1682 pendatur,
1727 1625 1874 1680 magni

408 1698 556 1735 tamen
582 1695 790 1735 momenti
821 1700 885 1736 est
912 1701 1000 1736 tam
1032 1697 1077 1736 in
1107 1697 1337 1750 digerendo
1367 1697 1506 1737 morbi
1533 1697 1694 1746 fomite,
1723 1709 1873 1749 parox-

408 1776 528 1817 ysmo
550 1762 688 1803 adhuc
704 1763 886 1817 rigente,
906 1779 1033 1817 quam
1055 1764 1108 1805 ad
1128 1765 1437 1818 prohibendam
1459 1764 1650 1818 ejusdem
1671 1763 1875 1804 materiae

410 1829 729 1882 generationem
757 1836 875 1871 extra
905 1834 1235 1886 paroxysmum,)
1266 1847 1421 1886 nempe
1448 1838 1497 1873 111
1527 1845 1663 1886 aeger,
1691 1832 1875 1872 maxime

209 1908 351 1956 Obftuas
409 1898 573 1951 hyemis
600 1903 803 1952 tempore,
826 1905 993 1941 mature
1019 1901 1179 1941 lectum
1206 1905 1338 1954 petat.
1399 1900 1573 1941 Etenim
1603 1904 1698 1954 post
1724 1913 1875 1940 venae-

206 1958 394 2022 ἷζζζᾟζῇω,
411 1966 641 2007 sectionem
670 1971 712 2007 et
740 1968 956 2008 catharsin
983 1969 1093 2009 nihil
1114 1983 1246 2023 aeque
1267 1969 1462 2009 Naturae
1490 1968 1597 2009 vires
1630 1968 1798 2008 subruit
1828 1981 1876 2008 00

208 2041 283 2108 {2132
287 2046 348 2109 ἐξ·
411 2039 543 2075 noctu
572 2035 769 2088 vigilare,
813 2036 925 2089 quod
957 2036 1130 2090 quidem
1159 2036 1567 2077 valetudinariorum
1599 2035 1777 2089 quilibet
1808 2049 1876 2076 ex-

334 2102 340 2114 ’
411 2110 558 2159 pertus
601 2104 841 2155 affirmabit,
880 2106 915 2146 si
956 2107 1063 2147 serio
1105 2106 1452 2147 animadverterit
1494 2110 1654 2159 quanto
1700 2105 1878 2146 alacrior

411 2174 682 2227 vegetiorque
719 2174 887 2228 exurgit
919 2175 1083 2228 quoties
1120 2189 1163 2215 30
1193 2175 1303 2216 10010
1333 2174 1568 2228 temporius
1604 2173 1875 2224 commiserit,

413 2257 541 2296 quam
580 2257 678 2283 vero
719 2243 882 2283 enem's
923 2248 986 2283 031
1027 2257 1075 2283 00
1120 2242 1349 2296 languidus
1391 2241 1555 2295 quoties
1597 2240 1650 2281 ad
1695 2240 1877 2281 multam

412 2316 582 2351 noctem
602 2311 847 2364 vigilaverit.
909 2312 965 2352 Et
993 2311 1182 2365 quamvis
1210 2325 1275 2351 res
1303 2310 1450 2351 eodem
1478 2309 1665 2350 recidere
1685 2309 1879 2350 videatur

414 2394 469 2420 an
500 2379 624 2419 citius
656 2379 839 2420 seriusve
877 2380 970 2433 quis
1001 2380 1161 2420 lectum
1191 2384 1369 2432 repetat,
1397 2378 1523 2419 modo
1553 2392 1628 2432 per
1657 2382 1722 2418 tot
1752 2377 1878 2418 horas

414 2447 551 2487 eidem
582 2447 816 2501 indulgeat,
844 2448 975 2501 (verbi
997 2448 1145 2501 gratia,
1169 2462 1223 2488 an
1244 2447 1347 2487 hora
1376 2461 1489 2487 nona
1517 2446 1711 2487 cubitum
1739 2449 1808 2486 eat
1835 2448 1879 2486 et

415 2516 565 2568 quinta
591 2521 749 2569 siugat,
770 2516 837 2557 101
861 2516 1087 2557 undecima
1114 2516 1306 2557 cubitum
1332 2520 1400 2555 eat
1427 2520 1468 2555 ct
1495 2519 1641 2567 surgat
1667 2513 1874 2567 septima,)

414 2584 601 2624 multum
630 2589 777 2625 tamen
801 2584 992 2634 interest,
1020 2585 1147 2638 idque
1176 2584 1228 2625 ob
1256 2584 1367 2624 hanc
1403 2584 1466 2635 (ut
1498 2583 1720 2634 existimo)
1750 2581 1878 2635 potis-

416 2652 571 2692 simum
601 2652 825 2693 rationem.
887 2653 1085 2694 Interdiu
1115 2653 1272 2693 scilicet
1304 2652 1475 2706 spiritus
1504 2651 1763 2704 dissipantur
1793 2649 1879 2690 sive

416 2719 461 2759 in
483 2721 668 2774 corporis
690 2721 897 2772 exercitio,
916 2721 1000 2762 sive
1023 2722 1166 2771 animi,
1186 2721 1257 2775 qui
1277 2721 1323 2762 in
1345 2721 1487 2760 minus
1508 2725 1622 2760 recte
1639 2718 1879 2759 valentibus

416 2787 478 2826 ita
499 2793 599 2828 sunt
620 2787 780 2828 infirmi
801 2802 848 2829 ac
870 2788 1028 2829 debiles
1048 2793 1097 2829 ut
1118 2789 1280 2842 vesperi
1302 2788 1439 2829 somni
1461 2787 1648 2828 subsidio
1669 2786 1878 2827 maturius

418 2868 522 2907 opus
549 2855 761 2905 habeant3
799 2862 841 2897 et
871 2871 968 2897 cum
996 2857 1133 2898 noctis
1165 2857 1365 2910 appulsus
1396 2855 1665 2896 oeconomiae
1693 2854 1877 2908 corporis

419 2923 537 2974 quasi
565 2924 866 2966 relaxationem
897 2926 1109 2978 quandam
1136 2925 1296 2966 adferat
1323 2938 1429 2978 quae
1458 2923 1610 2964 diurno
1641 2928 1829 2977 tempore
1854 2936 1878 2962 a
1939 2970 1942 2975 Ι
