<?xml version="1.0" encoding="UTF-8"?>
<!DOCTYPE html PUBLIC "-//W3C//DTD XHTML 1.0 Transitional//EN"
    "http://www.w3.org/TR/xhtml1/DTD/xhtml1-transitional.dtd">
<html xmlns="http://www.w3.org/1999/xhtml" xml:lang="en" lang="en">
 <head>
  <title>
</title>
<meta http-equiv="Content-Type" content="text/html;charset=utf-8" />
  <meta name='ocr-system' content='tesseract 3.04.00' />
  <meta name='ocr-capabilities' content='ocr_page ocr_carea ocr_par ocr_line ocrx_word'/>
</head>
<body>
  <div class='ocr_page' id='page_1' title='image "./thomaesydenhammd00sydeuoft_0513.png"; bbox 0 0 1985 3308; ppageno 0'>
   <div class='ocr_carea' id='block_1_1' title="bbox 0 0 53 3308">
    <p class='ocr_par' dir='ltr' id='par_1_1' title="bbox 0 0 53 3308">
     <span class='ocr_line' id='line_1_1' title="bbox 0 0 53 3308; baseline 0 0"><span class='ocrx_word' id='word_1_1' title='bbox 0 0 53 3308; x_wconf 95' lang='lat' dir='ltr'> </span> 
     </span>
    </p>
   </div>
   <div class='ocr_carea' id='block_1_2' title="bbox 613 119 1561 166">
    <p class='ocr_par' dir='ltr' id='par_1_2' title="bbox 613 119 1561 166">
     <span class='ocr_line' id='line_1_2' title="bbox 613 119 1561 166; baseline 0.007 -7"><span class='ocrx_word' id='word_1_2' title='bbox 613 119 958 161; x_wconf 82' lang='lat' dir='ltr'>TRACTATUS</span> <span class='ocrx_word' id='word_1_3' title='bbox 991 121 1053 161; x_wconf 94' lang='lat' dir='ltr'>II.</span> <span class='ocrx_word' id='word_1_4' title='bbox 1477 127 1561 166; x_wconf 79' lang='lat'>477</span> 
     </span>
    </p>
   </div>
   <div class='ocr_carea' id='block_1_3' title="bbox 105 226 1567 958">
    <p class='ocr_par' dir='ltr' id='par_1_3' title="bbox 105 226 1565 889">
     <span class='ocr_line' id='line_1_3' title="bbox 107 226 1561 283; baseline 0.003 -18"><span class='ocrx_word' id='word_1_5' title='bbox 107 228 278 266; x_wconf 88' lang='lat' dir='ltr'>artuum</span> <span class='ocrx_word' id='word_1_6' title='bbox 310 239 408 267; x_wconf 91' lang='lat' dir='ltr'>cum</span> <span class='ocrx_word' id='word_1_7' title='bbox 441 226 738 280; x_wconf 89' lang='lat' dir='ltr'>inquietudine</span> <span class='ocrx_word' id='word_1_8' title='bbox 772 227 955 280; x_wconf 89' lang='lat' dir='ltr'>quadam</span> <span class='ocrx_word' id='word_1_9' title='bbox 989 228 1123 268; x_wconf 87' lang='lat' dir='ltr'>totius</span> <span class='ocrx_word' id='word_1_10' title='bbox 1158 229 1342 282; x_wconf 88' lang='lat' dir='ltr'>corporis</span> <span class='ocrx_word' id='word_1_11' title='bbox 1379 242 1561 283; x_wconf 87' lang='lat' dir='ltr'>conque-</span> 
     </span>
     <span class='ocr_line' id='line_1_4' title="bbox 105 291 1560 350; baseline 0.004 -19"><span class='ocrx_word' id='word_1_12' title='bbox 105 291 240 342; x_wconf 75' lang='lat' dir='ltr'>ritur3</span> <span class='ocrx_word' id='word_1_13' title='bbox 271 292 419 345; x_wconf 89' lang='lat' dir='ltr'>lingua</span> <span class='ocrx_word' id='word_1_14' title='bbox 446 293 542 334; x_wconf 88' lang='lat' dir='ltr'>alba</span> <span class='ocrx_word' id='word_1_15' title='bbox 568 298 766 347; x_wconf 80' lang='lat' dir='ltr'>apparet3</span> <span class='ocrx_word' id='word_1_16' title='bbox 797 295 944 347; x_wconf 88' lang='lat' dir='ltr'>pulsus</span> <span class='ocrx_word' id='word_1_17' title='bbox 976 309 1177 337; x_wconf 89' lang='lat' dir='ltr'>sanorum</span> <span class='ocrx_word' id='word_1_18' title='bbox 1206 297 1348 350; x_wconf 89' lang='lat' dir='ltr'>pulsui</span> <span class='ocrx_word' id='word_1_19' title='bbox 1373 311 1460 337; x_wconf 93' lang='lat' dir='ltr'>non</span> <span class='ocrx_word' id='word_1_20' title='bbox 1489 298 1560 338; x_wconf 90' lang='lat' dir='ltr'>ad-</span> 
     </span>
     <span class='ocr_line' id='line_1_5' title="bbox 105 359 1561 415; baseline 0.003 -15"><span class='ocrx_word' id='word_1_21' title='bbox 105 359 281 401; x_wconf 85' lang='lat' dir='ltr'>modum</span> <span class='ocrx_word' id='word_1_22' title='bbox 309 361 510 401; x_wconf 90' lang='lat' dir='ltr'>absimilis</span> <span class='ocrx_word' id='word_1_23' title='bbox 523 379 535 412; x_wconf 87' lang='lat'>;</span> <span class='ocrx_word' id='word_1_24' title='bbox 571 362 695 402; x_wconf 86' lang='lat' dir='ltr'>urina</span> <span class='ocrx_word' id='word_1_25' title='bbox 723 363 896 404; x_wconf 80' lang='lat' dir='ltr'>turbida</span> <span class='ocrx_word' id='word_1_26' title='bbox 922 368 985 404; x_wconf 91' lang='lat' dir='ltr'>est</span> <span class='ocrx_word' id='word_1_27' title='bbox 1013 368 1056 404; x_wconf 89' lang='lat' dir='ltr'>et</span> <span class='ocrx_word' id='word_1_28' title='bbox 1082 363 1250 405; x_wconf 88' lang='lat' dir='ltr'>intense</span> <span class='ocrx_word' id='word_1_29' title='bbox 1277 365 1429 415; x_wconf 83' lang='lat' dir='ltr'>rubet3</span> <span class='ocrx_word' id='word_1_30' title='bbox 1467 379 1561 405; x_wconf 87' lang='lat' dir='ltr'>san-</span> 
     </span>
     <span class='ocr_line' id='line_1_6' title="bbox 107 426 1562 484; baseline 0.005 -18"><span class='ocrx_word' id='word_1_31' title='bbox 107 426 201 479; x_wconf 90' lang='lat' dir='ltr'>guis</span> <span class='ocrx_word' id='word_1_32' title='bbox 223 427 261 467; x_wconf 89' lang='lat' dir='ltr'>ei</span> <span class='ocrx_word' id='word_1_33' title='bbox 282 427 497 469; x_wconf 87' lang='lat' dir='ltr'>detractus</span> <span class='ocrx_word' id='word_1_34' title='bbox 518 429 837 482; x_wconf 90' lang='lat' dir='ltr'>pleuriticorum</span> <span class='ocrx_word' id='word_1_35' title='bbox 862 431 1114 484; x_wconf 88' lang='lat' dir='ltr'>sanguinem</span> <span class='ocrx_word' id='word_1_36' title='bbox 1141 433 1380 473; x_wconf 88' lang='lat' dir='ltr'>aemulatur</span> <span class='ocrx_word' id='word_1_37' title='bbox 1392 450 1403 483; x_wconf 73' lang='lat'>5</span> <span class='ocrx_word' id='word_1_38' title='bbox 1434 433 1562 473; x_wconf 89' lang='lat' dir='ltr'>tussis</span> 
     </span>
     <span class='ocr_line' id='line_1_7' title="bbox 106 493 1562 552; baseline 0.006 -19"><span class='ocrx_word' id='word_1_39' title='bbox 106 493 238 534; x_wconf 88' lang='lat' dir='ltr'>ferme</span> <span class='ocrx_word' id='word_1_40' title='bbox 264 495 394 545; x_wconf 89' lang='lat' dir='ltr'>adest,</span> <span class='ocrx_word' id='word_1_41' title='bbox 427 496 499 536; x_wconf 91' lang='lat' dir='ltr'>sed</span> <span class='ocrx_word' id='word_1_42' title='bbox 524 497 814 550; x_wconf 82' lang='lat' dir='ltr'>respirationis</span> <span class='ocrx_word' id='word_1_43' title='bbox 843 498 1080 550; x_wconf 88' lang='lat' dir='ltr'>difficultas,</span> <span class='ocrx_word' id='word_1_44' title='bbox 1111 500 1295 541; x_wconf 79' lang='lat' dir='ltr'>thoracis</span> <span class='ocrx_word' id='word_1_45' title='bbox 1320 501 1562 552; x_wconf 80' lang='lat' dir='ltr'>coarctatio,</span> 
     </span>
     <span class='ocr_line' id='line_1_8' title="bbox 107 561 1564 620; baseline 0.007 -20"><span class='ocrx_word' id='word_1_46' title='bbox 107 564 149 600; x_wconf 88' lang='lat' dir='ltr'>et</span> <span class='ocrx_word' id='word_1_47' title='bbox 171 561 289 602; x_wconf 89' lang='lat' dir='ltr'>dolor</span> <span class='ocrx_word' id='word_1_48' title='bbox 309 563 456 615; x_wconf 88' lang='lat' dir='ltr'>capitis</span> <span class='ocrx_word' id='word_1_49' title='bbox 480 564 594 604; x_wconf 88' lang='lat' dir='ltr'>inter</span> <span class='ocrx_word' id='word_1_50' title='bbox 617 565 883 606; x_wconf 88' lang='lat' dir='ltr'>tussiendum</span> <span class='ocrx_word' id='word_1_51' title='bbox 909 568 1028 620; x_wconf 88' lang='lat' dir='ltr'>quasi</span> <span class='ocrx_word' id='word_1_52' title='bbox 1051 567 1166 608; x_wconf 89' lang='lat' dir='ltr'>idem</span> <span class='ocrx_word' id='word_1_53' title='bbox 1191 568 1403 620; x_wconf 86' lang='lat' dir='ltr'>dissiliret,</span> <span class='ocrx_word' id='word_1_54' title='bbox 1426 569 1564 610; x_wconf 86' lang='lat' dir='ltr'>dictae</span> 
     </span>
     <span class='ocr_line' id='line_1_9' title="bbox 105 628 1563 690; baseline 0.006 -23"><span class='ocrx_word' id='word_1_55' title='bbox 105 628 214 668; x_wconf 89' lang='lat' dir='ltr'>tussi</span> <span class='ocrx_word' id='word_1_56' title='bbox 245 629 368 681; x_wconf 85' lang='lat' dir='ltr'>(sicut</span> <span class='ocrx_word' id='word_1_57' title='bbox 395 630 440 669; x_wconf 89' lang='lat' dir='ltr'>in</span> <span class='ocrx_word' id='word_1_58' title='bbox 468 631 831 684; x_wconf 59' lang='lat' dir='ltr'>Peripncumonia„</span> <span class='ocrx_word' id='word_1_59' title='bbox 851 634 1000 674; x_wconf 88' lang='lat' dir='ltr'>Notha</span> <span class='ocrx_word' id='word_1_60' title='bbox 1027 635 1193 688; x_wconf 87' lang='lat' dir='ltr'>solent,)</span> <span class='ocrx_word' id='word_1_61' title='bbox 1227 650 1270 676; x_wconf 88' lang='lat' dir='ltr'>se</span> <span class='ocrx_word' id='word_1_62' title='bbox 1297 649 1386 676; x_wconf 89' lang='lat' dir='ltr'>non</span> <span class='ocrx_word' id='word_1_63' title='bbox 1414 635 1563 690; x_wconf 90' lang='lat' dir='ltr'>adjun-</span> 
     </span>
     <span class='ocr_line' id='line_1_10' title="bbox 107 696 1564 756; baseline 0.006 -22"><span class='ocrx_word' id='word_1_64' title='bbox 107 699 240 748; x_wconf 74' lang='lat' dir='ltr'>gunt,</span> <span class='ocrx_word' id='word_1_65' title='bbox 285 696 559 751; x_wconf 81' lang='lat' dir='ltr'>proindeque,</span> <span class='ocrx_word' id='word_1_66' title='bbox 591 712 689 738; x_wconf 90' lang='lat' dir='ltr'>cum</span> <span class='ocrx_word' id='word_1_67' title='bbox 720 700 832 740; x_wconf 89' lang='lat' dir='ltr'>notis</span> <span class='ocrx_word' id='word_1_68' title='bbox 854 700 1159 754; x_wconf 87' lang='lat' dir='ltr'>insignioribus</span> <span class='ocrx_word' id='word_1_69' title='bbox 1179 703 1564 756; x_wconf 82' lang='lat' dir='ltr'>peripneumonicis</span> 
     </span>
     <span class='ocr_line' id='line_1_11' title="bbox 106 762 1565 820; baseline 0.005 -18"><span class='ocrx_word' id='word_1_70' title='bbox 106 762 210 803; x_wconf 91' lang='lat' dir='ltr'>haec</span> <span class='ocrx_word' id='word_1_71' title='bbox 231 763 377 804; x_wconf 85' lang='lat' dir='ltr'>Febris</span> <span class='ocrx_word' id='word_1_72' title='bbox 412 764 527 804; x_wconf 86' lang='lat' dir='ltr'>haud</span> <span class='ocrx_word' id='word_1_73' title='bbox 564 765 804 818; x_wconf 87' lang='lat' dir='ltr'>stipuletur,</span> <span class='ocrx_word' id='word_1_74' title='bbox 832 766 944 820; x_wconf 89' lang='lat' dir='ltr'>(licet</span> <span class='ocrx_word' id='word_1_75' title='bbox 976 782 1000 807; x_wconf 89' lang='lat' dir='ltr'>a</span> <span class='ocrx_word' id='word_1_76' title='bbox 1036 768 1149 809; x_wconf 91' lang='lat' dir='ltr'>dicto</span> <span class='ocrx_word' id='word_1_77' title='bbox 1184 769 1333 810; x_wconf 90' lang='lat' dir='ltr'>morbo</span> <span class='ocrx_word' id='word_1_78' title='bbox 1363 784 1452 810; x_wconf 90' lang='lat' dir='ltr'>non</span> <span class='ocrx_word' id='word_1_79' title='bbox 1482 770 1565 810; x_wconf 91' lang='lat' dir='ltr'>nisi</span> 
     </span>
     <span class='ocr_line' id='line_1_12' title="bbox 106 831 1350 889; baseline 0.006 -19"><span class='ocrx_word' id='word_1_80' title='bbox 106 831 242 884; x_wconf 87' lang='lat' dir='ltr'>gradu</span> <span class='ocrx_word' id='word_1_81' title='bbox 263 831 493 885; x_wconf 87' lang='lat' dir='ltr'>dissideat,)</span> <span class='ocrx_word' id='word_1_82' title='bbox 518 833 685 873; x_wconf 79' lang='lat' dir='ltr'>Febrem</span> <span class='ocrx_word' id='word_1_83' title='bbox 705 834 944 886; x_wconf 76' lang='lat' dir='ltr'>Hyemalem</span> <span class='ocrx_word' id='word_1_84' title='bbox 965 835 1195 889; x_wconf 73' lang='lat' dir='ltr'>indigitare</span> <span class='ocrx_word' id='word_1_85' title='bbox 1216 837 1350 878; x_wconf 93' lang='lat' dir='ltr'>lubet.</span> 
     </span>
    </p>

    <p class='ocr_par' dir='ltr' id='par_1_4' title="bbox 171 898 1567 958">
     <span class='ocr_line' id='line_1_13' title="bbox 171 898 1567 958; baseline 0.005 -20"><span class='ocrx_word' id='word_1_86' title='bbox 171 898 250 952; x_wconf 80' lang='lat'>[4.]</span> <span class='ocrx_word' id='word_1_87' title='bbox 291 899 376 940; x_wconf 89' lang='lat' dir='ltr'>Hic</span> <span class='ocrx_word' id='word_1_88' title='bbox 416 899 602 950; x_wconf 84' lang='lat' dir='ltr'>morbus,</span> <span class='ocrx_word' id='word_1_89' title='bbox 645 901 725 941; x_wconf 90' lang='lat' dir='ltr'>etsi</span> <span class='ocrx_word' id='word_1_90' title='bbox 764 902 901 954; x_wconf 88' lang='lat' dir='ltr'>primo</span> <span class='ocrx_word' id='word_1_91' title='bbox 943 902 1032 956; x_wconf 84' lang='lat' dir='ltr'>ejus</span> <span class='ocrx_word' id='word_1_92' title='bbox 1072 903 1237 944; x_wconf 88' lang='lat' dir='ltr'>insultu</span> <span class='ocrx_word' id='word_1_93' title='bbox 1281 908 1567 958; x_wconf 85' lang='lat' dir='ltr'>symptomata</span> 
     </span>
    </p>
   </div>
   <div class='ocr_carea' id='block_1_4' title="bbox 105 971 1565 1094">
    <p class='ocr_par' dir='ltr' id='par_1_5' title="bbox 105 971 1565 1094">
     <span class='ocr_line' id='line_1_14' title="bbox 105 971 1565 1029; baseline 0.005 -18"><span class='ocrx_word' id='word_1_94' title='bbox 105 971 369 1013; x_wconf 87' lang='lat' dir='ltr'>solummodo</span> <span class='ocrx_word' id='word_1_95' title='bbox 403 987 427 1013; x_wconf 93' lang='lat' dir='ltr'>a</span> <span class='ocrx_word' id='word_1_96' title='bbox 455 973 611 1027; x_wconf 80' lang='lat' dir='ltr'>frigore</span> <span class='ocrx_word' id='word_1_97' title='bbox 643 979 837 1028; x_wconf 87' lang='lat' dir='ltr'>suscepto</span> <span class='ocrx_word' id='word_1_98' title='bbox 868 979 961 1016; x_wconf 86' lang='lat' dir='ltr'>orta</span> <span class='ocrx_word' id='word_1_99' title='bbox 995 990 1095 1029; x_wconf 89' lang='lat' dir='ltr'>prae</span> <span class='ocrx_word' id='word_1_100' title='bbox 1127 991 1170 1018; x_wconf 90' lang='lat' dir='ltr'>se</span> <span class='ocrx_word' id='word_1_101' title='bbox 1199 977 1320 1028; x_wconf 86' lang='lat' dir='ltr'>ferat,</span> <span class='ocrx_word' id='word_1_102' title='bbox 1350 978 1385 1018; x_wconf 89' lang='lat' dir='ltr'>si</span> <span class='ocrx_word' id='word_1_103' title='bbox 1420 982 1565 1018; x_wconf 88' lang='lat' dir='ltr'>tamen</span> 
     </span>
     <span class='ocr_line' id='line_1_15' title="bbox 105 1039 1565 1094; baseline 0.005 -16"><span class='ocrx_word' id='word_1_104' title='bbox 105 1039 215 1079; x_wconf 88' lang='lat' dir='ltr'>male</span> <span class='ocrx_word' id='word_1_105' title='bbox 254 1043 474 1090; x_wconf 84' lang='lat' dir='ltr'>tractetur,</span> <span class='ocrx_word' id='word_1_106' title='bbox 515 1041 688 1094; x_wconf 88' lang='lat' dir='ltr'>longam</span> <span class='ocrx_word' id='word_1_107' title='bbox 732 1041 1073 1084; x_wconf 89' lang='lat' dir='ltr'>ineluctabilium</span> <span class='ocrx_word' id='word_1_108' title='bbox 1119 1045 1330 1085; x_wconf 89' lang='lat' dir='ltr'>malorum</span> <span class='ocrx_word' id='word_1_109' title='bbox 1370 1050 1565 1086; x_wconf 87' lang='lat' dir='ltr'>catenam</span> 
     </span>
    </p>
   </div>
   <div class='ocr_carea' id='block_1_5' title="bbox 100 1111 1568 2593">
    <p class='ocr_par' dir='ltr' id='par_1_6' title="bbox 102 1111 1568 2117">
     <span class='ocr_line' id='line_1_16' title="bbox 103 1111 1568 1169; baseline 0.005 -19"><span class='ocrx_word' id='word_1_110' title='bbox 103 1115 200 1164; x_wconf 90' lang='lat' dir='ltr'>post</span> <span class='ocrx_word' id='word_1_111' title='bbox 233 1124 276 1151; x_wconf 91' lang='lat' dir='ltr'>se</span> <span class='ocrx_word' id='word_1_112' title='bbox 310 1111 456 1162; x_wconf 86' lang='lat' dir='ltr'>trahit,</span> <span class='ocrx_word' id='word_1_113' title='bbox 491 1127 574 1165; x_wconf 91' lang='lat' dir='ltr'>qua</span> <span class='ocrx_word' id='word_1_114' title='bbox 603 1112 779 1153; x_wconf 89' lang='lat' dir='ltr'>tandem</span> <span class='ocrx_word' id='word_1_115' title='bbox 813 1118 997 1155; x_wconf 89' lang='lat' dir='ltr'>mortem</span> <span class='ocrx_word' id='word_1_116' title='bbox 1023 1115 1160 1169; x_wconf 89' lang='lat' dir='ltr'>ipsam</span> <span class='ocrx_word' id='word_1_117' title='bbox 1191 1122 1436 1157; x_wconf 91' lang='lat' dir='ltr'>accersunt:</span> <span class='ocrx_word' id='word_1_118' title='bbox 1479 1121 1568 1158; x_wconf 91' lang='lat' dir='ltr'>ete-</span> 
     </span>
     <span class='ocr_line' id='line_1_17' title="bbox 104 1178 1568 1234; baseline 0.005 -16"><span class='ocrx_word' id='word_1_119' title='bbox 104 1178 209 1228; x_wconf 89' lang='lat' dir='ltr'>nim,</span> <span class='ocrx_word' id='word_1_120' title='bbox 231 1192 329 1219; x_wconf 90' lang='lat' dir='ltr'>cum</span> <span class='ocrx_word' id='word_1_121' title='bbox 346 1193 472 1233; x_wconf 89' lang='lat' dir='ltr'>aeger</span> <span class='ocrx_word' id='word_1_122' title='bbox 491 1180 647 1220; x_wconf 90' lang='lat' dir='ltr'>lectulo</span> <span class='ocrx_word' id='word_1_123' title='bbox 668 1180 953 1222; x_wconf 87' lang='lat' dir='ltr'>incarceratus</span> <span class='ocrx_word' id='word_1_124' title='bbox 973 1182 1116 1234; x_wconf 88' lang='lat' dir='ltr'>fuerit,</span> <span class='ocrx_word' id='word_1_125' title='bbox 1139 1188 1180 1224; x_wconf 91' lang='lat' dir='ltr'>et</span> <span class='ocrx_word' id='word_1_126' title='bbox 1202 1184 1404 1225; x_wconf 84' lang='lat' dir='ltr'>cardiacis</span> <span class='ocrx_word' id='word_1_127' title='bbox 1424 1184 1568 1225; x_wconf 89' lang='lat' dir='ltr'>neseio</span> 
     </span>
     <span class='ocr_line' id='line_1_18' title="bbox 106 1246 1566 1304; baseline 0.005 -18"><span class='ocrx_word' id='word_1_128' title='bbox 106 1246 260 1300; x_wconf 89' lang='lat' dir='ltr'>quibus</span> <span class='ocrx_word' id='word_1_129' title='bbox 296 1247 348 1287; x_wconf 88' lang='lat' dir='ltr'>ad</span> <span class='ocrx_word' id='word_1_130' title='bbox 382 1248 578 1289; x_wconf 87' lang='lat' dir='ltr'>sudorem</span> <span class='ocrx_word' id='word_1_131' title='bbox 615 1248 869 1290; x_wconf 90' lang='lat' dir='ltr'>eliciendum</span> <span class='ocrx_word' id='word_1_132' title='bbox 905 1264 953 1291; x_wconf 92' lang='lat' dir='ltr'>ac</span> <span class='ocrx_word' id='word_1_133' title='bbox 987 1251 1165 1304; x_wconf 89' lang='lat' dir='ltr'>proinde</span> <span class='ocrx_word' id='word_1_134' title='bbox 1198 1252 1250 1292; x_wconf 89' lang='lat' dir='ltr'>ad</span> <span class='ocrx_word' id='word_1_135' title='bbox 1282 1251 1453 1292; x_wconf 84' lang='lat' dir='ltr'>Febrim</span> <span class='ocrx_word' id='word_1_136' title='bbox 1487 1252 1566 1293; x_wconf 90' lang='lat' dir='ltr'>sol-</span> 
     </span>
     <span class='ocr_line' id='line_1_19' title="bbox 104 1313 1566 1371; baseline 0.003 -17"><span class='ocrx_word' id='word_1_137' title='bbox 104 1313 285 1354; x_wconf 84' lang='lat' dir='ltr'>vendam</span> <span class='ocrx_word' id='word_1_138' title='bbox 325 1315 453 1368; x_wconf 90' lang='lat' dir='ltr'>(quod</span> <span class='ocrx_word' id='word_1_139' title='bbox 487 1319 633 1356; x_wconf 90' lang='lat' dir='ltr'>tamen</span> <span class='ocrx_word' id='word_1_140' title='bbox 668 1330 763 1357; x_wconf 88' lang='lat' dir='ltr'>raro</span> <span class='ocrx_word' id='word_1_141' title='bbox 795 1317 1042 1371; x_wconf 89' lang='lat' dir='ltr'>perficitur,)</span> <span class='ocrx_word' id='word_1_142' title='bbox 1076 1318 1322 1369; x_wconf 88' lang='lat' dir='ltr'>mulctatus,</span> <span class='ocrx_word' id='word_1_143' title='bbox 1355 1319 1566 1369; x_wconf 86' lang='lat' dir='ltr'>delirium,</span> 
     </span>
     <span class='ocr_line' id='line_1_20' title="bbox 103 1383 1566 1439; baseline 0.002 -16"><span class='ocrx_word' id='word_1_144' title='bbox 103 1383 334 1437; x_wconf 88' lang='lat' dir='ltr'>lethargus,</span> <span class='ocrx_word' id='word_1_145' title='bbox 375 1384 523 1437; x_wconf 85' lang='lat' dir='ltr'>pulsus</span> <span class='ocrx_word' id='word_1_146' title='bbox 562 1384 792 1437; x_wconf 88' lang='lat' dir='ltr'>languidus</span> <span class='ocrx_word' id='word_1_147' title='bbox 834 1389 877 1425; x_wconf 91' lang='lat' dir='ltr'>et</span> <span class='ocrx_word' id='word_1_148' title='bbox 916 1385 1199 1436; x_wconf 89' lang='lat' dir='ltr'>inordinatus,</span> <span class='ocrx_word' id='word_1_149' title='bbox 1240 1386 1390 1439; x_wconf 89' lang='lat' dir='ltr'>lingua</span> <span class='ocrx_word' id='word_1_150' title='bbox 1436 1387 1566 1436; x_wconf 89' lang='lat' dir='ltr'>arida,</span> 
     </span>
     <span class='ocr_line' id='line_1_21' title="bbox 103 1450 1567 1507; baseline 0.002 -16"><span class='ocrx_word' id='word_1_151' title='bbox 103 1450 295 1491; x_wconf 85' lang='lat' dir='ltr'>maculae</span> <span class='ocrx_word' id='word_1_152' title='bbox 334 1451 538 1492; x_wconf 86' lang='lat' dir='ltr'>rubentes</span> <span class='ocrx_word' id='word_1_153' title='bbox 576 1456 618 1492; x_wconf 92' lang='lat' dir='ltr'>et</span> <span class='ocrx_word' id='word_1_154' title='bbox 655 1451 908 1506; x_wconf 88' lang='lat' dir='ltr'>quandoque</span> <span class='ocrx_word' id='word_1_155' title='bbox 950 1452 1004 1493; x_wconf 85' lang='lat' dir='ltr'>ad</span> <span class='ocrx_word' id='word_1_156' title='bbox 1043 1453 1217 1494; x_wconf 84' lang='lat' dir='ltr'>livorem</span> <span class='ocrx_word' id='word_1_157' title='bbox 1253 1453 1567 1507; x_wconf 85' lang='lat' dir='ltr'>aliquantulum</span> 
     </span>
     <span class='ocr_line' id='line_1_22' title="bbox 103 1520 1568 1574; baseline 0.001 -14"><span class='ocrx_word' id='word_1_158' title='bbox 103 1520 364 1571; x_wconf 85' lang='lat' dir='ltr'>accedentes,</span> <span class='ocrx_word' id='word_1_159' title='bbox 401 1534 524 1574; x_wconf 89' lang='lat' dir='ltr'>saepe</span> <span class='ocrx_word' id='word_1_160' title='bbox 560 1520 725 1573; x_wconf 87' lang='lat' dir='ltr'>saepius</span> <span class='ocrx_word' id='word_1_161' title='bbox 765 1520 876 1560; x_wconf 87' lang='lat' dir='ltr'>hanc</span> <span class='ocrx_word' id='word_1_162' title='bbox 908 1520 1079 1561; x_wconf 85' lang='lat' dir='ltr'>Febrim</span> <span class='ocrx_word' id='word_1_163' title='bbox 1112 1521 1383 1562; x_wconf 80' lang='lat' dir='ltr'>comitantur.</span> <span class='ocrx_word' id='word_1_164' title='bbox 1449 1522 1568 1562; x_wconf 83' lang='lat' dir='ltr'>Haec</span> 
     </span>
     <span class='ocr_line' id='line_1_23' title="bbox 104 1589 1566 1644; baseline -0.001 -14"><span class='ocrx_word' id='word_1_165' title='bbox 104 1593 231 1643; x_wconf 86' lang='lat' dir='ltr'>atque</span> <span class='ocrx_word' id='word_1_166' title='bbox 276 1589 520 1644; x_wconf 87' lang='lat' dir='ltr'>hujusmodi</span> <span class='ocrx_word' id='word_1_167' title='bbox 572 1593 870 1644; x_wconf 86' lang='lat' dir='ltr'>symptomata,</span> <span class='ocrx_word' id='word_1_168' title='bbox 912 1589 991 1630; x_wconf 88' lang='lat' dir='ltr'>etsi</span> <span class='ocrx_word' id='word_1_169' title='bbox 1036 1589 1255 1630; x_wconf 85' lang='lat' dir='ltr'>nonnullis</span> <span class='ocrx_word' id='word_1_170' title='bbox 1301 1603 1378 1643; x_wconf 89' lang='lat' dir='ltr'>pro</span> <span class='ocrx_word' id='word_1_171' title='bbox 1423 1591 1566 1642; x_wconf 65' lang='lat' dir='ltr'>maliq-</span> 
     </span>
     <span class='ocr_line' id='line_1_24' title="bbox 103 1657 1565 1711; baseline 0.001 -14"><span class='ocrx_word' id='word_1_172' title='bbox 103 1657 252 1697; x_wconf 70' lang='lat' dir='ltr'>nitater</span> <span class='ocrx_word' id='word_1_173' title='bbox 291 1658 354 1710; x_wconf 93' lang='lat' dir='ltr'>(ut</span> <span class='ocrx_word' id='word_1_174' title='bbox 384 1657 500 1711; x_wconf 89' lang='lat' dir='ltr'>loqui</span> <span class='ocrx_word' id='word_1_175' title='bbox 535 1658 711 1710; x_wconf 89' lang='lat' dir='ltr'>amant,)</span> <span class='ocrx_word' id='word_1_176' title='bbox 749 1658 955 1711; x_wconf 91' lang='lat' dir='ltr'>imponat,</span> <span class='ocrx_word' id='word_1_177' title='bbox 989 1671 1136 1699; x_wconf 89' lang='lat' dir='ltr'>revera</span> <span class='ocrx_word' id='word_1_178' title='bbox 1174 1662 1321 1699; x_wconf 88' lang='lat' dir='ltr'>tamen</span> <span class='ocrx_word' id='word_1_179' title='bbox 1356 1658 1419 1699; x_wconf 88' lang='lat' dir='ltr'>rei</span> <span class='ocrx_word' id='word_1_180' title='bbox 1453 1659 1565 1699; x_wconf 87' lang='lat' dir='ltr'>male</span> 
     </span>
     <span class='ocr_line' id='line_1_25' title="bbox 104 1725 1566 1780; baseline 0.001 -14"><span class='ocrx_word' id='word_1_181' title='bbox 104 1729 247 1778; x_wconf 88' lang='lat' dir='ltr'>gestae</span> <span class='ocrx_word' id='word_1_182' title='bbox 293 1729 394 1766; x_wconf 88' lang='lat' dir='ltr'>sunt</span> <span class='ocrx_word' id='word_1_183' title='bbox 440 1725 712 1766; x_wconf 87' lang='lat' dir='ltr'>ascribenda:</span> <span class='ocrx_word' id='word_1_184' title='bbox 765 1740 864 1766; x_wconf 90' lang='lat' dir='ltr'>cum</span> <span class='ocrx_word' id='word_1_185' title='bbox 910 1726 1025 1766; x_wconf 91' lang='lat' dir='ltr'>enim</span> <span class='ocrx_word' id='word_1_186' title='bbox 1070 1726 1174 1767; x_wconf 86' lang='lat' dir='ltr'>haec</span> <span class='ocrx_word' id='word_1_187' title='bbox 1221 1726 1367 1767; x_wconf 88' lang='lat' dir='ltr'>Febris</span> <span class='ocrx_word' id='word_1_188' title='bbox 1417 1731 1566 1780; x_wconf 86' lang='lat' dir='ltr'>suapte</span> 
     </span>
     <span class='ocr_line' id='line_1_26' title="bbox 103 1793 1565 1847; baseline 0.001 -14"><span class='ocrx_word' id='word_1_189' title='bbox 103 1798 259 1834; x_wconf 81' lang='lat' dir='ltr'>natura</span> <span class='ocrx_word' id='word_1_190' title='bbox 281 1794 376 1847; x_wconf 89' lang='lat' dir='ltr'>plus</span> <span class='ocrx_word' id='word_1_191' title='bbox 404 1794 505 1834; x_wconf 87' lang='lat' dir='ltr'>satis</span> <span class='ocrx_word' id='word_1_192' title='bbox 532 1793 868 1834; x_wconf 87' lang='lat' dir='ltr'>inflammatione</span> <span class='ocrx_word' id='word_1_193' title='bbox 892 1794 1062 1847; x_wconf 88' lang='lat' dir='ltr'>polleat,</span> <span class='ocrx_word' id='word_1_194' title='bbox 1089 1794 1262 1847; x_wconf 87' lang='lat' dir='ltr'>sanguis</span> <span class='ocrx_word' id='word_1_195' title='bbox 1290 1794 1428 1835; x_wconf 90' lang='lat' dir='ltr'>adhuc</span> <span class='ocrx_word' id='word_1_196' title='bbox 1455 1795 1565 1835; x_wconf 89' lang='lat' dir='ltr'>ulte-</span> 
     </span>
     <span class='ocr_line' id='line_1_27' title="bbox 103 1860 1564 1914; baseline 0 -13"><span class='ocrx_word' id='word_1_197' title='bbox 103 1861 192 1901; x_wconf 91' lang='lat' dir='ltr'>rius</span> <span class='ocrx_word' id='word_1_198' title='bbox 223 1860 511 1902; x_wconf 86' lang='lat' dir='ltr'>cardiacorum</span> <span class='ocrx_word' id='word_1_199' title='bbox 542 1865 585 1901; x_wconf 89' lang='lat' dir='ltr'>et</span> <span class='ocrx_word' id='word_1_200' title='bbox 615 1861 711 1914; x_wconf 86' lang='lat' dir='ltr'>jugi</span> <span class='ocrx_word' id='word_1_201' title='bbox 744 1861 891 1902; x_wconf 88' lang='lat' dir='ltr'>lectuli</span> <span class='ocrx_word' id='word_1_202' title='bbox 921 1875 1005 1901; x_wconf 90' lang='lat' dir='ltr'>usu</span> <span class='ocrx_word' id='word_1_203' title='bbox 1034 1860 1303 1910; x_wconf 81' lang='lat' dir='ltr'>incenditur3</span> <span class='ocrx_word' id='word_1_204' title='bbox 1335 1861 1449 1901; x_wconf 90' lang='lat' dir='ltr'>unde</span> <span class='ocrx_word' id='word_1_205' title='bbox 1483 1862 1564 1914; x_wconf 85' lang='lat' dir='ltr'>spi-</span> 
     </span>
     <span class='ocr_line' id='line_1_28' title="bbox 102 1928 1565 1982; baseline -0.001 -13"><span class='ocrx_word' id='word_1_206' title='bbox 102 1928 212 1969; x_wconf 87' lang='lat' dir='ltr'>ritus</span> <span class='ocrx_word' id='word_1_207' title='bbox 251 1929 297 1969; x_wconf 92' lang='lat' dir='ltr'>in</span> <span class='ocrx_word' id='word_1_208' title='bbox 338 1929 631 1969; x_wconf 75' lang='lat' dir='ltr'>confusionem</span> <span class='ocrx_word' id='word_1_209' title='bbox 671 1942 719 1969; x_wconf 88' lang='lat' dir='ltr'>ac</span> <span class='ocrx_word' id='word_1_210' title='bbox 757 1933 899 1969; x_wconf 90' lang='lat' dir='ltr'>motus</span> <span class='ocrx_word' id='word_1_211' title='bbox 938 1929 1202 1969; x_wconf 88' lang='lat' dir='ltr'>inordinatos</span> <span class='ocrx_word' id='word_1_212' title='bbox 1241 1928 1565 1982; x_wconf 84' lang='lat' dir='ltr'>inconditosque</span> 
     </span>
     <span class='ocr_line' id='line_1_29' title="bbox 105 1995 1564 2050; baseline 0 -14"><span class='ocrx_word' id='word_1_213' title='bbox 105 1996 350 2049; x_wconf 87' lang='lat' dir='ltr'>adiguntur,</span> <span class='ocrx_word' id='word_1_214' title='bbox 373 2001 513 2049; x_wconf 89' lang='lat' dir='ltr'>atque,</span> <span class='ocrx_word' id='word_1_215' title='bbox 532 1996 712 2036; x_wconf 89' lang='lat' dir='ltr'>materia</span> <span class='ocrx_word' id='word_1_216' title='bbox 735 1995 953 2036; x_wconf 88' lang='lat' dir='ltr'>morbifica</span> <span class='ocrx_word' id='word_1_217' title='bbox 978 1996 1024 2036; x_wconf 91' lang='lat' dir='ltr'>in</span> <span class='ocrx_word' id='word_1_218' title='bbox 1052 1995 1274 2036; x_wconf 82' lang='lat' dir='ltr'>cerebrum</span> <span class='ocrx_word' id='word_1_219' title='bbox 1301 1996 1496 2050; x_wconf 88' lang='lat' dir='ltr'>impulsa,</span> <span class='ocrx_word' id='word_1_220' title='bbox 1518 1997 1564 2036; x_wconf 94' lang='lat' dir='ltr'>in</span> 
     </span>
     <span class='ocr_line' id='line_1_30' title="bbox 104 2063 606 2117; baseline 0 -14"><span class='ocrx_word' id='word_1_221' title='bbox 104 2077 275 2117; x_wconf 89' lang='lat' dir='ltr'>pessum</span> <span class='ocrx_word' id='word_1_222' title='bbox 296 2068 430 2103; x_wconf 87' lang='lat' dir='ltr'>ruunt</span> <span class='ocrx_word' id='word_1_223' title='bbox 451 2063 606 2104; x_wconf 91' lang='lat' dir='ltr'>omnia.</span> 
     </span>
    </p>

    <p class='ocr_par' dir='ltr' id='par_1_7' title="bbox 100 2131 1563 2593">
     <span class='ocr_line' id='line_1_31' title="bbox 169 2131 1562 2186; baseline 0.001 -15"><span class='ocrx_word' id='word_1_224' title='bbox 169 2131 248 2185; x_wconf 91' lang='lat'><strong>[5.]</strong></span> <span class='ocrx_word' id='word_1_225' title='bbox 287 2132 342 2172; x_wconf 91' lang='lat' dir='ltr'>In</span> <span class='ocrx_word' id='word_1_226' title='bbox 372 2131 451 2172; x_wconf 91' lang='lat' dir='ltr'>hac</span> <span class='ocrx_word' id='word_1_227' title='bbox 482 2131 616 2172; x_wconf 87' lang='lat' dir='ltr'>Febre</span> <span class='ocrx_word' id='word_1_228' title='bbox 646 2131 842 2185; x_wconf 89' lang='lat' dir='ltr'>pellenda</span> <span class='ocrx_word' id='word_1_229' title='bbox 869 2131 986 2172; x_wconf 90' lang='lat' dir='ltr'>hunc</span> <span class='ocrx_word' id='word_1_230' title='bbox 1015 2131 1122 2171; x_wconf 91' lang='lat' dir='ltr'>mihi</span> <span class='ocrx_word' id='word_1_231' title='bbox 1156 2145 1331 2184; x_wconf 90' lang='lat' dir='ltr'>scopum</span> <span class='ocrx_word' id='word_1_232' title='bbox 1360 2146 1562 2186; x_wconf 88' lang='lat' dir='ltr'>propono,</span> 
     </span>
     <span class='ocr_line' id='line_1_32' title="bbox 103 2198 1563 2253; baseline 0 -14"><span class='ocrx_word' id='word_1_233' title='bbox 103 2202 153 2239; x_wconf 89' lang='lat' dir='ltr'>ut</span> <span class='ocrx_word' id='word_1_234' title='bbox 184 2198 473 2239; x_wconf 84' lang='lat' dir='ltr'>exundantem</span> <span class='ocrx_word' id='word_1_235' title='bbox 504 2199 662 2240; x_wconf 90' lang='lat' dir='ltr'>scilicet</span> <span class='ocrx_word' id='word_1_236' title='bbox 693 2199 810 2239; x_wconf 89' lang='lat' dir='ltr'>illam</span> <span class='ocrx_word' id='word_1_237' title='bbox 839 2199 1019 2252; x_wconf 89' lang='lat' dir='ltr'>pituitae</span> <span class='ocrx_word' id='word_1_238' title='bbox 1050 2198 1286 2249; x_wconf 86' lang='lat' dir='ltr'>colluviem,</span> <span class='ocrx_word' id='word_1_239' title='bbox 1315 2199 1368 2240; x_wconf 92' lang='lat' dir='ltr'>ob</span> <span class='ocrx_word' id='word_1_240' title='bbox 1400 2199 1563 2253; x_wconf 85' lang='lat' dir='ltr'>hyemis</span> 
     </span>
     <span class='ocr_line' id='line_1_33' title="bbox 105 2266 1563 2321; baseline 0.002 -15"><span class='ocrx_word' id='word_1_241' title='bbox 105 2266 345 2320; x_wconf 86' lang='lat' dir='ltr'>analogiam</span> <span class='ocrx_word' id='word_1_242' title='bbox 385 2271 642 2320; x_wconf 89' lang='lat' dir='ltr'>congestam,</span> <span class='ocrx_word' id='word_1_243' title='bbox 674 2268 1014 2308; x_wconf 87' lang='lat' dir='ltr'>venae-sectione</span> <span class='ocrx_word' id='word_1_244' title='bbox 1053 2267 1265 2317; x_wconf 86' lang='lat' dir='ltr'>revellam,</span> <span class='ocrx_word' id='word_1_245' title='bbox 1299 2272 1341 2308; x_wconf 89' lang='lat' dir='ltr'>et</span> <span class='ocrx_word' id='word_1_246' title='bbox 1381 2268 1563 2321; x_wconf 87' lang='lat' dir='ltr'>repetita</span> 
     </span>
     <span class='ocr_line' id='line_1_34' title="bbox 105 2334 1561 2388; baseline 0.001 -13"><span class='ocrx_word' id='word_1_247' title='bbox 105 2334 288 2375; x_wconf 86' lang='lat' dir='ltr'>catharsi</span> <span class='ocrx_word' id='word_1_248' title='bbox 327 2334 574 2375; x_wconf 89' lang='lat' dir='ltr'>subducam.</span> <span class='ocrx_word' id='word_1_249' title='bbox 638 2334 758 2375; x_wconf 86' lang='lat' dir='ltr'>Haec</span> <span class='ocrx_word' id='word_1_250' title='bbox 792 2339 841 2375; x_wconf 91' lang='lat' dir='ltr'>ut</span> <span class='ocrx_word' id='word_1_251' title='bbox 871 2336 990 2385; x_wconf 90' lang='lat' dir='ltr'>fiant,</span> <span class='ocrx_word' id='word_1_252' title='bbox 1021 2334 1096 2375; x_wconf 91' lang='lat' dir='ltr'>ubi</span> <span class='ocrx_word' id='word_1_253' title='bbox 1130 2335 1317 2388; x_wconf 89' lang='lat' dir='ltr'>primum</span> <span class='ocrx_word' id='word_1_254' title='bbox 1358 2349 1561 2386; x_wconf 87' lang='lat' dir='ltr'>accersor,</span> 
     </span>
     <span class='ocr_line' id='line_1_35' title="bbox 106 2402 1561 2456; baseline 0.001 -13"><span class='ocrx_word' id='word_1_255' title='bbox 106 2403 358 2456; x_wconf 85' lang='lat' dir='ltr'>sanguinem</span> <span class='ocrx_word' id='word_1_256' title='bbox 379 2417 402 2444; x_wconf 90' lang='lat' dir='ltr'>e</span> <span class='ocrx_word' id='word_1_257' title='bbox 422 2402 594 2444; x_wconf 91' lang='lat' dir='ltr'>brachio</span> <span class='ocrx_word' id='word_1_258' title='bbox 615 2403 763 2444; x_wconf 82' lang='lat' dir='ltr'>dextro</span> <span class='ocrx_word' id='word_1_259' title='bbox 785 2403 838 2443; x_wconf 88' lang='lat' dir='ltr'>ad</span> <span class='ocrx_word' id='word_1_260' title='bbox 859 2404 1005 2444; x_wconf 90' lang='lat' dir='ltr'>uncias</span> <span class='ocrx_word' id='word_1_261' title='bbox 1026 2417 1177 2445; x_wconf 87' lang='lat' dir='ltr'>novem</span> <span class='ocrx_word' id='word_1_262' title='bbox 1194 2403 1259 2444; x_wconf 83' lang='lat' dir='ltr'>vel</span> <span class='ocrx_word' id='word_1_263' title='bbox 1280 2403 1425 2444; x_wconf 87' lang='lat' dir='ltr'>decem</span> <span class='ocrx_word' id='word_1_264' title='bbox 1446 2404 1561 2444; x_wconf 87' lang='lat' dir='ltr'>mitti</span> 
     </span>
     <span class='ocr_line' id='line_1_36' title="bbox 100 2471 1562 2526; baseline 0 -14"><span class='ocrx_word' id='word_1_265' title='bbox 100 2471 244 2526; x_wconf 82' lang='lat' dir='ltr'>jubeo.</span> <span class='ocrx_word' id='word_1_266' title='bbox 305 2472 387 2513; x_wconf 89' lang='lat' dir='ltr'>Die</span> <span class='ocrx_word' id='word_1_267' title='bbox 423 2476 626 2526; x_wconf 89' lang='lat' dir='ltr'>sequente</span> <span class='ocrx_word' id='word_1_268' title='bbox 660 2471 862 2512; x_wconf 87' lang='lat' dir='ltr'>blandam</span> <span class='ocrx_word' id='word_1_269' title='bbox 897 2472 1013 2512; x_wconf 91' lang='lat' dir='ltr'>illam</span> <span class='ocrx_word' id='word_1_270' title='bbox 1048 2472 1266 2526; x_wconf 87' lang='lat' dir='ltr'>potionem</span> <span class='ocrx_word' id='word_1_271' title='bbox 1296 2472 1562 2526; x_wconf 86' lang='lat' dir='ltr'>purgativam</span> 
     </span>
     <span class='ocr_line' id='line_1_37' title="bbox 105 2538 1064 2593; baseline 0.002 -15"><span class='ocrx_word' id='word_1_272' title='bbox 105 2538 211 2578; x_wconf 90' lang='lat' dir='ltr'>mihi</span> <span class='ocrx_word' id='word_1_273' title='bbox 231 2539 276 2579; x_wconf 89' lang='lat' dir='ltr'>in</span> <span class='ocrx_word' id='word_1_274' title='bbox 297 2539 416 2593; x_wconf 67' lang='lat' dir='ltr'>praxi</span> <span class='ocrx_word' id='word_1_275' title='bbox 435 2539 687 2580; x_wconf 87' lang='lat' dir='ltr'>familiarem</span> <span class='ocrx_word' id='word_1_276' title='bbox 708 2539 909 2580; x_wconf 85' lang='lat' dir='ltr'>exhibeo:</span> <span class='ocrx_word' id='word_1_277' title='bbox 941 2544 1064 2590; x_wconf 91' lang='lat' dir='ltr'>ut,—</span> 
     </span>
    </p>
   </div>
   <div class='ocr_carea' id='block_1_6' title="bbox 107 2643 1560 2915">
    <p class='ocr_par' dir='ltr' id='par_1_8' title="bbox 107 2643 1560 2915">
     <span class='ocr_line' id='line_1_38' title="bbox 107 2643 1047 2689; baseline 0 -11"><span class='ocrx_word' id='word_1_278' title='bbox 107 2643 241 2684; x_wconf 81' lang='lat' dir='ltr'>[Form.</span> <span class='ocrx_word' id='word_1_279' title='bbox 262 2648 379 2689; x_wconf 85' lang='lat' dir='ltr'>lOl.]S</span> <span class='ocrx_word' id='word_1_280' title='bbox 429 2644 469 2688; x_wconf 72' lang='lat' dir='ltr'>R</span> <span class='ocrx_word' id='word_1_281' title='bbox 496 2645 789 2680; x_wconf 82' lang='lat' dir='ltr'>Taniarindorum</span> <span class='ocrx_word' id='word_1_282' title='bbox 807 2646 1047 2685; x_wconf 85' lang='lat' dir='ltr'>semiunciam,</span> 
     </span>
     <span class='ocr_line' id='line_1_39' title="bbox 449 2690 1152 2742; baseline -0.003 -5"><span class='ocrx_word' id='word_1_283' title='bbox 449 2690 455 2696; x_wconf 37' lang='grc' dir='ltr'><em>Ι</em></span> <span class='ocrx_word' id='word_1_284' title='bbox 503 2703 681 2737; x_wconf 81' lang='lat' dir='ltr'>Foliorum</span> <span class='ocrx_word' id='word_1_285' title='bbox 701 2703 838 2736; x_wconf 87' lang='lat' dir='ltr'>Sennae</span> <span class='ocrx_word' id='word_1_286' title='bbox 855 2702 1037 2736; x_wconf 85' lang='lat' dir='ltr'>drachmas</span> <span class='ocrx_word' id='word_1_287' title='bbox 1053 2701 1152 2742; x_wconf 84' lang='lat' dir='ltr'>duas,</span> 
     </span>
     <span class='ocr_line' id='line_1_40' title="bbox 504 2758 1075 2803; baseline -0.007 -9"><span class='ocrx_word' id='word_1_288' title='bbox 504 2760 720 2794; x_wconf 83' lang='lat' dir='ltr'>Rhabarbari</span> <span class='ocrx_word' id='word_1_289' title='bbox 737 2758 1075 2803; x_wconf 82' lang='lat' dir='ltr'>scsquidrachmam3</span> 
     </span>
     <span class='ocr_line' id='line_1_41' title="bbox 292 2813 1560 2863; baseline -0.004 -11"><span class='ocrx_word' id='word_1_290' title='bbox 292 2818 413 2863; x_wconf 89' lang='lat' dir='ltr'>Coque</span> <span class='ocrx_word' id='word_1_291' title='bbox 425 2818 616 2851; x_wconf 78' lang='lat' dir='ltr'>sufficiente</span> <span class='ocrx_word' id='word_1_292' title='bbox 626 2818 821 2862; x_wconf 80' lang='lat' dir='ltr'>quantitate</span> <span class='ocrx_word' id='word_1_293' title='bbox 833 2827 944 2861; x_wconf 85' lang='lat' dir='ltr'>aquae</span> <span class='ocrx_word' id='word_1_294' title='bbox 954 2815 998 2849; x_wconf 88' lang='lat' dir='ltr'>ad</span> <span class='ocrx_word' id='word_1_295' title='bbox 1010 2815 1130 2849; x_wconf 86' lang='lat' dir='ltr'>uncias</span> <span class='ocrx_word' id='word_1_296' title='bbox 1140 2820 1223 2854; x_wconf 86' lang='lat' dir='ltr'>tres;</span> <span class='ocrx_word' id='word_1_297' title='bbox 1247 2814 1402 2848; x_wconf 77' lang='lat' dir='ltr'>colatura</span> <span class='ocrx_word' id='word_1_298' title='bbox 1416 2813 1560 2847; x_wconf 68' lang='lat' dir='ltr'>dissolve</span> 
     </span>
     <span class='ocr_line' id='line_1_42' title="bbox 502 2874 672 2915; baseline 0 -7"><span class='ocrx_word' id='word_1_299' title='bbox 502 2874 672 2915; x_wconf 84' lang='lat' dir='ltr'>Maunac,</span> 
     </span>
    </p>
   </div>
   <div class='ocr_carea' id='block_1_7' title="bbox 194 2957 1463 2993">
    <p class='ocr_par' dir='ltr' id='par_1_9' title="bbox 194 2957 1463 2993">
     <span class='ocr_line' id='line_1_43' title="bbox 194 2957 1463 2993; baseline -0.003 -2"><span class='ocrx_word' id='word_1_300' title='bbox 194 2965 204 2981; x_wconf 69' lang='grc' dir='ltr'><strong>Γ</strong></span> <span class='ocrx_word' id='word_1_301' title='bbox 231 2961 279 2991; x_wconf 83' lang='lat' dir='ltr'>Cf.</span> <span class='ocrx_word' id='word_1_302' title='bbox 301 2963 420 2991; x_wconf 68' lang='lat' dir='ltr'>observ.</span> <span class='ocrx_word' id='word_1_303' title='bbox 442 2962 524 2991; x_wconf 66' lang='lat' dir='ltr'>Med.</span> <span class='ocrx_word' id='word_1_304' title='bbox 543 2961 562 2991; x_wconf 83' lang='lat' dir='ltr'>i.</span> <span class='ocrx_word' id='word_1_305' title='bbox 586 2962 608 2990; x_wconf 68' lang='lat'>1¹.</span> <span class='ocrx_word' id='word_1_306' title='bbox 624 2962 683 2990; x_wconf 82' lang='lat'>38:</span> <span class='ocrx_word' id='word_1_307' title='bbox 711 2960 740 2989; x_wconf 84' lang='lat' dir='ltr'>ii.</span> <span class='ocrx_word' id='word_1_308' title='bbox 757 2961 784 2990; x_wconf 77' lang='grc'>2.</span> <span class='ocrx_word' id='word_1_309' title='bbox 808 2960 831 2990; x_wconf 89' lang='lat' dir='ltr'>l.</span> <span class='ocrx_word' id='word_1_310' title='bbox 1051 2964 1062 2977; x_wconf 72' lang='lat'>⁵</span> <span class='ocrx_word' id='word_1_311' title='bbox 1089 2958 1137 2988; x_wconf 80' lang='lat' dir='ltr'>Cf.</span> <span class='ocrx_word' id='word_1_312' title='bbox 1156 2957 1281 2988; x_wconf 78' lang='lat' dir='ltr'>forrum.</span> <span class='ocrx_word' id='word_1_313' title='bbox 1300 2958 1328 2993; x_wconf 88' lang='lat' dir='ltr'>S,</span> <span class='ocrx_word' id='word_1_314' title='bbox 1347 2958 1399 2991; x_wconf 76' lang='lat'>24,</span> <span class='ocrx_word' id='word_1_315' title='bbox 1416 2957 1463 2987; x_wconf 66' lang='grc' dir='ltr'>δὶς·</span> 
     </span>
    </p>
   </div>
   <div class='ocr_carea' id='block_1_8' title="bbox 1581 233 1755 306">
    <p class='ocr_par' dir='ltr' id='par_1_10' title="bbox 1581 233 1755 306">
     <span class='ocr_line' id='line_1_44' title="bbox 1615 233 1720 264; baseline -0.01 0"><span class='ocrx_word' id='word_1_316' title='bbox 1615 233 1720 264; x_wconf 61' lang='lat' dir='ltr'>Posi·-</span> 
     </span>
     <span class='ocr_line' id='line_1_45' title="bbox 1581 284 1755 306; baseline 0 -1"><span class='ocrx_word' id='word_1_317' title='bbox 1581 284 1755 306; x_wconf 71' lang='lat' dir='ltr'>scmr&#39;rum</span> 
     </span>
    </p>
   </div>
   <div class='ocr_carea' id='block_1_9' title="bbox 1581 322 1764 327">
    <p class='ocr_par' dir='ltr' id='par_1_11' title="bbox 1581 322 1764 327">
     <span class='ocr_line' id='line_1_46' title="bbox 1581 322 1764 327; baseline 0 0"><span class='ocrx_word' id='word_1_318' title='bbox 1581 322 1764 327; x_wconf 95' lang='lat' dir='ltr'> </span> 
     </span>
    </p>
   </div>
   <div class='ocr_carea' id='block_1_10' title="bbox 1582 2151 1758 2225">
    <p class='ocr_par' dir='ltr' id='par_1_12' title="bbox 1582 2151 1758 2225">
     <span class='ocr_line' id='line_1_47' title="bbox 1583 2151 1752 2181; baseline 0.006 -1"><span class='ocrx_word' id='word_1_319' title='bbox 1583 2154 1613 2180; x_wconf 85' lang='lat' dir='ltr'>et</span> <span class='ocrx_word' id='word_1_320' title='bbox 1631 2151 1752 2181; x_wconf 84' lang='lat' dir='ltr'>curatio</span> 
     </span>
     <span class='ocr_line' id='line_1_48' title="bbox 1582 2194 1758 2225; baseline 0.011 -2"><span class='ocrx_word' id='word_1_321' title='bbox 1582 2194 1758 2225; x_wconf 82' lang='lat' dir='ltr'>traduntur.</span> 
     </span>
    </p>
   </div>
  </div>
 </body>
</html>
