1985 3308
416 136 501 174 488
833 135 1091 178 THOMAE
1126 135 1469 178 SYDENHAM

212 251 396 283 DsNom:
420 239 535 283 Cum
555 242 699 296 itaque
720 243 940 285 Librarius
962 258 1115 286 novam
1136 244 1414 285 Tractatuum
1435 257 1627 285 meorum
1650 243 1881 285 editionem

213 295 390 369 Ifossnssgsso
415 323 464 350 eo
494 315 686 365 tempore
717 312 974 363 sollicitaret,
1006 313 1145 352 visum
1175 318 1237 353 est
1270 312 1560 365 conjecturam
1590 316 1696 352 tunc
1725 326 1879 362 meam,
1938 338 1948 348 .

414 377 460 418 in
495 393 578 432 qua
609 393 678 420 me
705 379 1015 420 hallucinatum
1050 379 1181 419 fuisse
1204 380 1293 433 jam
1329 379 1478 429 sentio,
1510 379 1557 419 in
1588 379 1725 421 forma
1757 379 1879 421 Post-

415 446 560 500 scripti
586 447 756 501 publico
783 447 907 488 dareg
921 465 931 497 ;
963 448 1009 487 in
1043 461 1170 501 quem
1202 446 1375 500 quidem
1402 461 1586 488 errorem
1618 461 1687 488 me
1710 447 1880 489 induxit

413 514 567 569 ingens
599 529 828 557 consensus
851 529 934 569 quo
959 515 1107 556 Febris
1134 515 1239 556 haec
1269 529 1367 556 cum
1400 516 1514 556 dicta
1543 516 1617 556 illa
1647 516 1878 570 Peripneu-

413 583 582 624 monica
610 583 851 624 luculenter
875 583 1168 634 conveniebat,
1192 597 1300 637 quae
1330 584 1450 624 nulla
1480 598 1569 625 non
1598 583 1752 638 hyeme
1780 583 1878 626 sub-

412 651 513 691 inde
546 651 740 692 occurrit.
802 651 864 691 At
891 665 990 691 cum
1023 656 1184 692 aestate
1217 651 1554 705 superveniente,
1582 666 1690 706 quae
1723 652 1879 694 Febres
1935 681 1953 699 ..s

412 719 505 759 illas
526 719 931 772 Peripneumonicas
963 719 1125 760 solebat
1155 719 1318 773 fugare,
1340 719 1445 761 haec
1475 720 1754 761 nihilominus
1784 733 1878 775 per-

413 792 634 837 severaret,
666 787 811 828 statim
843 787 994 828 erroris
1025 788 1111 829 mei
1139 789 1438 839 commonitus,
1470 788 1651 830 Febrem
1684 788 1795 830 hanc
1825 789 1879 830 ad

411 868 565 895 novam
587 854 951 896 Constitutionem
972 856 1252 909 redigendam
1274 857 1449 898 omnino
1471 857 1631 897 censui.

211 929 294 969 Ejus
306 939 393 969 sym·
478 922 557 976 [5.]
598 923 894 978 Symptomata
925 924 1120 978 diligenti
1153 930 1363 979 quantum
1393 926 1513 978 potuj
1541 924 1744 979 indagine
1765 940 1877 968 com-

208 978 362 1012 pt⁰m³‘³'
412 991 634 1045 prehensa,
656 992 762 1034 haec
788 993 876 1033 fere
908 997 1022 1044 sunt,
1046 998 1088 1034 et
1114 993 1217 1034 olim
1245 993 1390 1034 fuere:
1423 1007 1549 1047 aeger
1577 1007 1654 1047 per
1673 993 1784 1035 vices
1811 1009 1878 1036 ca-

411 1060 500 1101 lore
522 1065 564 1101 et
584 1060 742 1114 frigore
762 1066 956 1102 tentatur
968 1078 980 1112 3
1013 1075 1316 1115 saepenumero
1333 1065 1375 1102 et
1392 1066 1519 1115 caput
1541 1066 1583 1102 et
1605 1066 1722 1103 artus
1739 1062 1880 1105 dolere
1937 1116 1940 1117 ⁷

413 1130 629 1183 queritur3
661 1130 808 1184 pulsus
834 1145 1035 1171 sanorum
1061 1130 1204 1184 pulsui
1230 1144 1320 1170 non
1351 1129 1554 1170 absimilis
1586 1135 1674 1181 est3
1707 1132 1881 1185 sanguis
1934 1135 1948 1161 '-

413 1213 436 1239 e
467 1199 586 1239 venis
619 1199 797 1240 eductus
829 1200 1150 1254 pleuriticorum
1183 1199 1438 1253 sanguinem
1464 1199 1581 1240 haud
1609 1215 1705 1242 raro
1735 1215 1880 1242 aemu-

411 1266 525 1307 latur
539 1283 552 1317 3
585 1281 710 1321 aeger
730 1273 779 1308 ut
800 1268 1032 1322 plurimum
1052 1267 1216 1309 laborat
1237 1268 1357 1319 tussi,
1382 1282 1488 1322 quae
1511 1268 1695 1322 quidem,
1719 1275 1881 1324 quanto

413 1336 466 1377 ab
487 1336 640 1392 hyeme
661 1337 832 1390 longius
854 1337 1016 1377 invadit
1037 1337 1225 1387 morbus,
1247 1342 1370 1377 tanto
1398 1337 1536 1388 citius,
1558 1352 1647 1379 una
1667 1352 1766 1380 cum
1787 1340 1879 1381 aliis

414 1406 708 1460 symptomatis
732 1406 1128 1460 peripneumoniam
1155 1406 1305 1446 mitem
1330 1410 1372 1445 et
1398 1405 1501 1446 boni
1522 1407 1651 1448 moris
1673 1407 1880 1449 comitan-

412 1475 542 1524 tibus,
563 1475 735 1515 recedit.
798 1475 930 1515 Dolor
961 1474 1117 1514 collum
1139 1478 1180 1514 et
1201 1474 1344 1513 fauces
1370 1473 1454 1526 (hic
1474 1487 1572 1514 vero
1599 1474 1730 1515 levior
1751 1489 1878 1528 quam

412 1543 459 1583 in
481 1543 666 1596 angina,)
693 1542 770 1582 sub
801 1542 988 1596 primum
1012 1541 1149 1582 morbi
1180 1541 1389 1581 insultum
1412 1541 1665 1595 quandoque
1686 1548 1878 1596 occupat.

413 1611 573 1662 Febris,
595 1612 767 1652 tametsi
789 1621 958 1664 prorsus
987 1610 1190 1651 continua
1223 1610 1289 1660 sit,
1322 1623 1445 1662 saepe
1475 1614 1622 1650 tamen
1655 1611 1882 1652 exacerba-

410 1680 549 1721 tiones
575 1679 894 1720 molestissimas
919 1679 1148 1732 ingruente
1180 1683 1304 1718 nocte
1336 1683 1545 1731 apportat,
1567 1692 1657 1719 non
1685 1679 1808 1720 aliter
1831 1693 1880 1721 ac

413 1749 449 1788 si
482 1748 638 1802 duplex
668 1748 777 1788 foret
810 1748 1007 1797 tertiana,
1043 1748 1127 1787 sive
1161 1746 1420 1799 quotidiana.
1482 1746 1625 1799 Aeger
1651 1747 1801 1801 jugem
1832 1747 1879 1788 in

411 1817 522 1857 lecto
553 1815 814 1865 decubitum,
839 1814 1154 1868 quantumlibet
1182 1814 1392 1854 lexissime
1425 1814 1624 1868 stragulis
1655 1819 1880 1869 coopertus

414 1884 482 1934 sit,
515 1898 603 1924 non
637 1883 727 1923 sine
763 1897 919 1936 magno
956 1897 1031 1923 suo
1070 1882 1259 1936 periculo
1301 1883 1517 1936 experitm·
1531 1900 1544 1932 3
1588 1883 1723 1924 Febre
1764 1884 1880 1925 em‘m

415 1952 566 1992 exinde
586 1951 633 1991 in
653 1950 874 1991 cerebrum
894 1964 1026 2001 versa,
1048 1951 1115 1991 vel
1136 1946 1186 1990 in
1215 1964 1335 1990 coma
1356 1951 1423 1990 vel
1442 1950 1488 1990 in
1507 1951 1738 2004 phrenesin
1757 1951 1880 1994 facile

414 2020 588 2061 incidit:
621 2024 663 2059 et
689 2020 753 2071 (ut
777 2033 925 2059 verum
955 2019 1119 2071 fatear,)
1153 2018 1215 2059 ita
1239 2018 1434 2072 proclivis
1459 2024 1523 2059 est
1548 2019 1593 2059 in
1620 2020 1700 2060 hoc
1730 2021 1881 2063 morbo

416 2089 469 2129 ad
492 2088 723 2142 phrenesin
752 2088 906 2141 lapsus,
927 2092 977 2127 ut
1001 2101 1203 2141 persaepe
1235 2102 1311 2127 sua
1342 2092 1505 2140 sponte,
1527 2088 1648 2128 nulla
1673 2089 1880 2142 ejusmodi

416 2158 516 2198 data
555 2172 670 2207 ansa,
704 2156 816 2196 illico
850 2155 1064 2209 subrepat.
1126 2156 1185 2196 At
1221 2170 1309 2195 non
1342 2169 1390 2196 eo
1424 2155 1796 2210 excandescentiae
1837 2162 1880 2198 et

415 2226 567 2266 furoris
600 2224 790 2266 ascendit
814 2224 1023 2278 phrenitis
1063 2224 1110 2264 in
1139 2224 1220 2263 hac
1242 2223 1390 2274 Febre,
1421 2228 1549 2276 atque
1590 2223 1663 2264 1113
1694 2238 1778 2277 qua
1807 2237 1878 2264 va-

415 2295 531 2335 110113
563 2299 689 2347 atque
722 2292 813 2333 aliis
844 2292 1034 2333 febribus
1065 2291 1247 2345 correpti
1277 2291 1473 2332 laborant
1487 2309 1498 2341 3
1533 2291 1724 2345 quinimo
1754 2305 1881 2346 aeger

415 2363 558 2417 potius
589 2361 819 2414 tranquille
855 2361 1020 2411 delirat,
1052 2361 1289 2413 incongrua
1321 2359 1502 2400 subinde
1533 2359 1744 2400 effutiens.
1808 2359 1878 2401 Ab

416 2430 715 2484 intempestivo
756 2428 1044 2469 cardiacorum
1076 2443 1159 2468 usu
1199 2433 1240 2468 et
1281 2428 1489 2481 regimine
1522 2427 1648 2481 paulo
1681 2427 1880 2469 calidiore

417 2501 635 2554 pctechiae
672 2499 838 2552 saepius
867 2498 1147 2548 efflorescunt,
1180 2502 1221 2538 et
1254 2497 1300 2537 in
1330 2497 1574 2551 junioribus
1606 2497 1742 2538 calido
1771 2503 1880 2539 tem-

418 2575 665 2624 peramento
693 2568 895 2623 praeditis
922 2569 1114 2608 maculae
1148 2568 1278 2608 etiam
1310 2582 1561 2621 purpureae,
1597 2567 1879 2608 certissimum

420 2653 610 2679 summae
640 2637 988 2678 inflammationis
1020 2636 1227 2677 indicium
1257 2640 1347 2677 tam
1377 2636 1423 2676 in
1453 2636 1533 2677 hoc
1564 2650 1691 2690 quam
1720 2635 1766 2676 in
1797 2636 1880 2678 alio

422 2707 566 2759 quovis
587 2705 833 2746 morborum
855 2710 1077 2745 acutorum
1107 2718 1274 2758 genere.
1337 2703 1606 2758 Quandoque
1634 2703 1878 2757 eruptiones

422 2776 601 2813 militm-es
626 2775 745 2827 (quas
766 2775 947 2826 vocant,)
971 2773 1018 2813 in
1047 2773 1312 2827 superficiem
1340 2772 1523 2826 corporis
1549 2784 1592 2812 se
1614 2770 1878 2824 dispergunt,

422 2842 625 2883 morbillis
646 2843 761 2883 haud
783 2843 967 2883 multum
990 2841 1215 2891 absimiles,
1238 2840 1320 2880 nisi
1342 2839 1454 2894 quod
1474 2838 1629 2880 rubent
1651 2838 1799 2891 magiS,
1822 2843 1879 2889 et,

932 2936 946 2954 s
972 2927 1018 2956 Cf.
1040 2937 1109 2967 sup.
1127 2937 1178 2966 pp.
1201 2927 1258 2958 170
1279 2944 1298 2946 ‹-
1313 2926 1378 2956 178.
