1985 3308
298 147 821 197 OBSERVATIONUM
852 155 1228 196 MEDICARUM
1264 161 1293 195 I.
1320 165 1351 195 5.
1493 158 1549 198 83

93 258 371 302 subducenda
401 265 464 301 est
497 261 700 301 materiae
732 260 910 301 Febrilis
945 275 1040 314 pars
1077 261 1229 314 aliqua,
1263 276 1345 314 quo
1375 261 1549 302 liberius
1591 268 1730 300 Pennas

93 332 236 368 cortex
265 342 340 369 suo
360 328 567 381 fungatiu·
593 342 793 368 munere:
827 342 924 368 cum
952 329 1067 369 enim
1095 328 1147 369 ab
1169 334 1349 382 utraque
1370 329 1549 369 labefac-
1571 311 1753 383 ξζζὲἓῖζΜ

93 398 211 434 tetur
232 395 528 448 quadantenus
554 396 799 436 oeconomia
820 395 1016 448 corporis,
1039 409 1087 436 eo
1113 395 1346 449 promptius
1375 396 1548 436 certius·
1592 397 1726 427 ’61-'64.

92 476 175 514 que
205 463 501 504 recrudescent
531 463 784 517 paroxysmi,
817 469 1091 504 evanescente
1123 463 1249 504 semel
1283 463 1466 517 pulveris
1496 463 1550 504 vi.

94 530 207 570 Mihi
228 531 355 571 etiam
377 531 511 583 magis
533 545 556 571 e
576 545 621 570 re
642 531 731 571 fore
752 531 919 572 videtur
939 536 987 572 ut
1010 532 1262 584 sanguinem
1285 531 1398 572 dicto
1419 531 1551 571 medi-

94 598 258 638 camine
299 598 455 639 sensim
490 598 765 652 longioreque
798 613 823 639 a
854 600 1115 653 paroxysmis
1145 599 1368 640 intervallo
1403 599 1552 639 leviter

92 665 342 716 inficiamus,
367 681 493 719 quam
526 671 575 706 ut
606 680 693 707 uno
724 667 898 707 omnino
926 667 1015 708 ictu
1042 682 1343 722 paroxysmmn
1365 667 1456 721 jam
1486 667 1551 706 in-

92 737 279 773 stantem
299 738 516 775 tentemus
533 733 757 775 confodere
773 751 780 774 :
813 735 892 775 hoc
909 735 1022 775 enim
1038 740 1162 789 pacto
1183 739 1225 776 et
1239 736 1333 789 plus
1349 734 1552 788 temporis
1576 738 1580 742 ’

95 801 279 842 remedio
323 802 570 842 conceditur
614 816 696 855 quo
737 816 862 842 suum
902 816 1007 856 opus
1056 803 1223 856 plenius
1264 803 1467 853 absolvat,
1509 807 1552 843 et

95 868 278 908 evitatur
305 868 504 922 quicquid
525 868 569 908 id
599 874 663 909 est
692 870 868 922 periculi
899 869 1012 923 quod
1040 884 1166 922 aegro
1192 870 1350 924 poterit
1375 870 1475 911 oriri
1501 884 1550 911 ex

95 935 237 976 subito
257 936 339 977 isto
361 941 488 989 atque
509 936 806 990 intempestivo
827 937 954 977 nimis
977 938 1226 988 sufflamine,
1250 952 1333 991 quo
1354 952 1551 992 paroxys-

94 1016 210 1043 mum
255 1003 344 1056 jam
383 1003 712 1045 invalescentem
755 1009 882 1058 atque
927 1005 1044 1046 omni
1094 1019 1138 1046 se
1178 1019 1257 1059 ope
1307 1010 1551 1046 exerentem

94 1084 298 1111 conamur
328 1072 576 1124 opprimere.
642 1071 879 1123 Postremo,
911 1072 1108 1113 brevibus
1132 1073 1225 1113 istis
1255 1073 1456 1126 temporis
1487 1073 1551 1113 in-

93 1138 278 1179 tervallis
313 1138 568 1192 repetendus
601 1144 664 1179 est
704 1140 853 1192 pulvis,
890 1144 939 1180 ut
979 1155 1067 1181 non
1102 1140 1297 1193 protinus
1330 1145 1551 1181 evanescat

95 1206 245 1259 prioris
267 1205 378 1247 dosis
397 1206 530 1246 virtus
552 1211 781 1260 antequam
803 1208 938 1248 altera
961 1207 1235 1249 exhibeatur:
1269 1207 1415 1248 crebra
1437 1207 1552 1248 enim

93 1273 345 1326 repetitione
380 1273 462 1314 ista
498 1273 634 1326 εὐεξία
666 1275 843 1316 tandem
875 1275 1207 1329 recuperabitur,
1243 1275 1467 1329 profligato
1507 1275 1553 1316 in

94 1341 276 1382 solidum
304 1341 466 1383 morbo.
546 1341 654 1396 [35]
700 1342 782 1382 His
813 1343 1023 1384 adductus
1058 1343 1296 1384 rationibus
1326 1343 1438 1383 hanc
1474 1356 1553 1396 ego

94 1409 344 1450 methodum
375 1409 550 1450 caeteris
579 1415 816 1463 antepono:
858 1409 1087 1450 Peruviani
1117 1410 1284 1450 corticis
1311 1410 1440 1450 uncia
1465 1424 1554 1450 una

97 1491 195 1518 cum
231 1477 398 1532 syrupix
429 1491 621 1518 rosarum
655 1477 883 1518 rubrarum
924 1478 1061 1518 unciis
1097 1477 1262 1518 duabus
1298 1477 1553 1527 misceatur3

93 1558 218 1599 aeger
249 1559 346 1586 vero
382 1545 667 1599 quantitatem
701 1545 822 1586 nucis
852 1545 1097 1587 moschatae
1132 1544 1314 1600 majoris,
1350 1559 1474 1586 mane
1509 1550 1552 1586 et

93 1626 198 1664 sero,
231 1613 418 1667 quotidie
447 1613 631 1664 devoret,
661 1613 809 1654 diebus
841 1628 866 1654 a
899 1613 1086 1667 genuino
1119 1627 1372 1668 paroxysmo
1397 1612 1553 1663 vacuis,

93 1681 229 1721 donec
257 1681 566 1722 confectionem
593 1695 764 1722 omnem
795 1681 1087 1735 absumpserit.
1161 1682 1398 1735 Repetatur
1428 1694 1555 1734 porro

94 1750 147 1791 ad
167 1754 252 1791 tres
269 1750 370 1790 alias
390 1750 513 1801 vices,
536 1750 770 1805 interjectis
792 1764 957 1805 semper
978 1750 1127 1791 diebus
1150 1749 1485 1804 quatuordecim.

157 1818 265 1872 [36.]
308 1819 461 1872 Neque
495 1819 632 1860 fortey
668 1833 766 1860 cum
798 1818 956 1860 minori
987 1818 1130 1859 fructu
1162 1818 1357 1871 usurpari
1397 1817 1553 1872 poterit
1573 1830 1664 1860 Idem
1677 1831 1756 1861 etin

94 1890 238 1926 cortex
257 1886 327 1926 hic
346 1886 393 1926 in
413 1886 637 1937 Tertianis,
656 1901 739 1939 qua
758 1886 929 1937 Vernis,
948 1900 1031 1939 qua
1050 1885 1400 1936 Autumnalibus,
1424 1899 1552 1939 quam
1571 1873 1740 1910 Tertianis‚

1569 1916 1758 1956 quaVernis,

92 1953 138 1992 in
162 1952 393 1994 Quartanis
419 1953 656 1994 adhibetur.
720 1954 804 1994 Sed
836 1954 899 2006 (ut
922 1968 1022 1994 vera
1050 1953 1286 2007 loquamur,
1312 1967 1392 1994 nec
1416 1958 1552 1994 artem
1570 1969 1633 1998 qua
1649 1959 1720 1988 Au-

96 2019 435 2075 ἀπροσδιονύσως
447 2027 460 2043 2
477 2022 769 2074 ostentemus,)
791 2021 825 2061 si
844 2021 998 2061 harum
1019 2021 1220 2061 Febrium
1237 2020 1441 2061 alterutra
1462 2034 1552 2061 cor-
1569 2001 1732 2080 ζᾞῖῃέὲζ,

93 2093 238 2141 reptus
261 2102 385 2141 aeger
404 2088 470 2128 vel
490 2088 630 2128 infans
652 2087 719 2138 sit,
736 2087 801 2128 vel
823 2092 961 2128 aetate
982 2088 1142 2138 floreat,
1157 2087 1355 2128 convenit
1377 2087 1552 2128 omnino
1568 2086 1676 2158 ξιᾞῖ
1685 2097 1748 2169 ἐξ·

97 2156 322 2209 (quantum
344 2170 422 2209 ego
442 2156 649 2196 hactenus
671 2155 844 2196 edoctus
866 2156 989 2207 sum,)
1014 2155 1120 2195 nihil
1143 2155 1552 2195 medicamentorum
1569 2175 1639 2202 test.

94 2224 335 2277 quorumvis
361 2238 450 2278 ope,
474 2229 547 2264 aut
573 2224 682 2265 aeris
711 2238 759 2264 ac
784 2223 948 2264 diaetae
976 2223 1214 2263 mutatione
1244 2222 1384 2263 moliri
1399 2239 1411 2273 5
1442 2223 1552 2263 nihil
1567 2223 1754 2296 {sssinefffitg-

1632 2289 1638 2302 ‚
1739 2284 1752 2290 -

94 2292 207 2332 enim
228 2292 328 2333 hinc
349 2293 451 2333 mali
472 2297 622 2332 natum
642 2292 861 2344 hucusque
882 2291 1086 2341 intellexi,
1101 2290 1134 2331 si
1155 2290 1283 2332 modo
1303 2294 1439 2331 totam
1459 2305 1551 2331 rem
1567 2309 1711 2339 rentibus

93 2359 286 2400 Naturae
316 2359 592 2413 permiserim.
665 2359 719 2400 Id
751 2359 864 2412 quod
894 2372 972 2411 ego
1008 2373 1096 2399 non
1132 2358 1223 2399 sine
1254 2357 1548 2409 admiratione,
1567 2352 1756 2424 ἷῗζῒξξῃὸἐνθ

92 2427 315 2482 praecipue
350 2428 395 2468 in
425 2427 660 2478 infantulis,
695 2441 818 2480 saepe
849 2426 1089 2477 observavi;
1126 2425 1334 2480 sanguine
1364 2440 1549 2480 namque
1565 2437 1631 2466 sive
1648 2436 1754 2468 Quar-

93 2495 369 2549 depuratione
391 2510 466 2537 sua
482 2496 694 2546 defuncto,
712 2495 868 2536 Febres
889 2495 985 2535 illae
1007 2501 1157 2548 sponte
1179 2508 1255 2534 sua
1271 2499 1547 2544 evanuerunt.
1566 2479 1743 2558 {Zssssifflssff'

95 2563 221 2604 Quod
242 2563 276 2604 si
298 2569 454 2614 autem,
472 2578 495 2605 e
516 2563 741 2614 contrario,
756 2563 822 2604 vel
843 2563 1043 2604 strictiori
1066 2562 1206 2615 aliquo
1227 2561 1434 2615 regimine
1455 2566 1548 2602 uta·
1567 2568 1633 2594 tota
1648 2574 1698 2594 res

93 2629 166 2681 ris,
193 2632 259 2672 vel
287 2632 599 2672 medicamenta
626 2630 856 2685 purgantia
887 2630 1067 2671 subinde
1099 2630 1313 2680 adhibeas,
1340 2629 1549 2682 (adhiberi
1565 2607 1752 2690 ῙῙΣῗ-ἓῗῖᾒῖῃ-

95 2698 253 2740 scilicet
294 2700 431 2741 solent
472 2714 521 2740 eo
552 2704 789 2753 praetextu,
826 2703 876 2739 ut
910 2698 1221 2740 obstructiones
1257 2697 1547 2751 expediantur,
1567 2692 1614 2723 da.

137 2796 152 2811 ⁸
177 2799 307 2840 Syrupi]
329 2801 491 2831 Conservae
508 2800 555 2830 ed.
575 2800 636 2832 76.
850 2799 921 2839 quis
942 2810 978 2829 ea
999 2804 1137 2838 nugatur
1153 2809 1232 2839 quae
1255 2798 1294 2828 ad
1309 2808 1376 2828 rem
1399 2808 1548 2838 praesen-

137 2846 150 2866 7
174 2844 280 2882 Neque
294 2842 378 2883 forte
403 2843 472 2883 ξπ]
499 2845 532 2873 Si
558 2845 660 2882 itaque
684 2844 788 2873 harum
850 2847 913 2872 tem
930 2842 1010 2872 nihil
1027 2842 1193 2872 attinent.”
1241 2840 1368 2871 Erasmi
1392 2842 1494 2881 Adag.
1514 2841 1545 2872 ii.

95 2885 234 2915 Febr-ium
251 2888 399 2915 alterutra
416 2886 465 2925 ᾇτ.
483 2886 551 2915 edd.
571 2886 633 2921 ¹66,
652 2886 713 2915 ’68.
851 2887 878 2915 4.
894 2885 962 2919 57.;
992 2884 1151 2921 Gaissord,
1168 2886 1301 2915 Paroem.
1322 2885 1428 2914 Graec.

135 2931 147 2945 ²
171 2925 271 2958 Οὐδὲν
293 2927 368 2968 πρὸς
392 2930 546 2958 Διόνυσον
569 2928 684 2958 dicitur
707 2931 722 2943 “
737 2928 791 2957 ubi
