1985 3308
277 153 799 195 OBSERVATIONUM
832 147 1208 192 MEDICARUM
1241 156 1281 188 V.
1308 160 1341 189 2.
1451 153 1531 191 215

79 264 207 313 atque
228 259 458 300 absurdum
480 259 564 299 sive
585 258 668 298 cibi
689 258 773 298 sive
794 261 919 311 potus
948 270 1082 309 genus
1108 255 1351 309 importune
1372 255 1535 307 flagita-
1585 267 1714 297 Fanms

78 326 166 377 bat,
183 327 408 367 ventriculi
429 327 639 367 fermento
661 340 685 366 a
705 325 853 366 morbo
875 324 1142 365 diuturniore
1162 324 1352 377 impense
1372 322 1532 363 vitiato.
1555 310 1738 382 Ali-2⁵33&

80 394 176 434 Hoc
214 394 261 434 in
296 408 408 443 casu,
441 393 783 447 quandoquidem
818 393 909 446 jam
944 392 1173 432 exhaustae
1213 388 1397 442 corporis
1426 389 1534 429 vires
1576 395 1713 425 ’73-’75.

76 461 306 502 refectione
333 461 507 502 omnino
532 461 787 513 indigerent,
808 459 961 499 lubens
990 473 1040 499 ea
1060 458 1189 499 etiam
1215 456 1401 498 concessi
1427 470 1534 509 quac
1552 453 1695 482 ⁰5b01¹1¹¹¹

76 529 376 582 minus-aegro
406 528 629 569 convenire
655 527 912 577 viderentur,
938 526 1065 567 modo
1094 525 1236 579 palato
1265 524 1402 577 magis
1433 523 1534 564 arri·
1552 505 1714 567 ἕξιιῖεὲῗρε-

78 596 264 638 derentk-
1552 579 1700 651 {233332325

137 663 249 719 [21.]
283 664 436 705 Mense
479 663 731 717 Septembri,
767 663 892 713 1674,
923 662 1060 702 filium
1094 675 1335 702 novennem
1374 659 1535 700 librarii
1553 664 1716 703 quamin-

77 733 297 787 cujusdam
329 732 502 773 aedibus
533 732 638 772 meis
668 732 808 781 vicini,
836 730 1010 772 nomine
1040 729 1144 780 Not,
1173 730 1253 770 hac
1283 728 1418 769 Febre
1448 743 1537 769 una
1554 706 1723 746 dulgentia.

76 813 175 840 cum
208 803 491 853 symptomate
522 798 613 852 jam
646 811 768 851 saepe
798 801 1035 838 memorato
1067 796 1347 844 laborantem,
1378 798 1536 835 tracta-

75 866 188 907 bam.
250 868 452 907 Extracto
469 879 491 905 e
511 865 684 906 brachio
706 865 926 918 sanguine,
945 868 988 904 et
1010 863 1260 918 clysteribus
1281 876 1357 916 per
1376 862 1534 915 primos

77 935 238 989 aliquot
263 934 400 975 morbi
421 934 509 974 dies
537 933 761 974 continuos
786 933 966 985 injectis,
988 931 1381 985 importunissimae
1407 930 1535 970 matri

77 1001 310 1052 obstabam,
330 1015 436 1055 quae
456 1015 546 1042 rem
568 1014 696 1055 ocyus
713 1000 922 1054 expedire¹
940 999 1093 1040 acriter
1111 999 1292 1052 urgebat
1309 1012 1435 1051 quam
1456 1011 1535 1050 ego

76 1083 174 1110 cum
196 1070 331 1109 salute
353 1069 428 1109 filii
449 1073 560 1109 stare
582 1082 702 1122 posse
719 1067 967 1108 arbitrabar.
1030 1067 1153 1107 Datis
1174 1066 1317 1119 itaque
1338 1065 1534 1115 induciis,

75 1136 278 1190 nulloque
308 1136 619 1176 medicamento
655 1135 736 1176 alio
767 1134 990 1188 propinato
1020 1138 1188 1187 praeter
1218 1133 1428 1186 julapium
1460 1131 1534 1172 ali-

76 1203 190 1256 quod
215 1217 238 1244 c
262 1203 518 1257 vulgaribus,
546 1203 674 1256 (quod
694 1202 908 1256 pacandae
931 1201 1102 1254 quidem
1123 1201 1250 1240 matri
1274 1199 1416 1253 potius
1441 1199 1534 1239 des-

76 1270 308 1320 tinabatur,
338 1284 465 1323 quam
493 1270 579 1310 filio
607 1268 902 1320 restituendo,)
927 1268 1196 1321 trigesimum
1227 1266 1392 1307 circiter
1420 1266 1534 1306 diem

75 1338 227 1378 melius
266 1337 423 1378 habere
463 1337 612 1390 coepit,
654 1337 796 1377 edulia
834 1336 950 1376 varia
990 1335 1119 1375 etiam
1161 1334 1344 1375 absurda
1382 1333 1535 1374 misere

77 1405 329 1459 discupiens,
353 1419 532 1458 quorum
559 1419 656 1458 pars
678 1404 819 1458 aliqua
847 1403 1171 1453 concedebatur,
1193 1402 1291 1442 licet
1312 1401 1431 1441 nullo
1453 1400 1534 1440 alio

75 1473 250 1515 nomine
281 1473 455 1514 concedi
486 1472 723 1513 debuisset:
771 1476 897 1525 atque
928 1471 989 1511 ita
1018 1471 1195 1511 tandem
1229 1483 1399 1523 prorsus
1435 1482 1534 1509 con-

76 1542 221 1583 valuit.

141 1609 249 1663 [22]
288 1609 492 1651 Quamvis
532 1612 676 1651 autem
717 1612 863 1662 stupor
902 1607 972 1648 hic
1013 1606 1067 1647 ad
1111 1605 1290 1647 comatis
1331 1604 1534 1646 accedens

75 1682 287 1728 naturam,
322 1677 423 1718 huic
458 1677 583 1718 Febri
624 1677 715 1718 aliis
756 1675 1052 1730 symptomatis
1086 1674 1349 1728 frequentius
1390 1686 1533 1726 super-

76 1745 283 1795 veniebat,
307 1744 559 1798 quandoque
579 1748 726 1785 tamen
751 1744 810 1797 (at
834 1744 1000 1795 rarius,)
1026 1743 1245 1797 phrenesis
1267 1741 1424 1795 absque
1446 1744 1534 1781 stu-

76 1827 176 1866 pore
196 1812 426 1853 nonnullos
445 1811 686 1862 invadebat,
709 1811 755 1852 in
777 1826 861 1866 qua
881 1824 1006 1865 aeger
1026 1810 1234 1851 insomnis
1256 1809 1345 1849 dies
1367 1813 1534 1849 noctes-

78 1894 159 1934 que
195 1880 361 1934 agebat,
394 1880 514 1920 nulla
547 1880 712 1920 ratione
752 1884 918 1933 poterat
953 1879 1057 1932 regi,
1092 1878 1256 1931 aliaque
1291 1876 1534 1930 patiebatur

78 1952 374 2001 symptomata,
410 1947 461 1987 iis
503 1947 668 1997 similia,
703 1961 810 2000 quae
849 1947 916 1987 vel
951 1947 1003 1987 ab
1046 1947 1138 1987 aliis
1173 1945 1376 1994 febribus,
1408 1944 1474 1984 vel
1510 1958 1534 1983 a

77 2015 256 2064 variolis,
279 2015 324 2054 in
349 2014 579 2067 phrenesin
610 2018 724 2054 actos
751 2014 1027 2054 infestabant.
1088 2013 1290 2054 Inducias
1314 2026 1404 2052 non
1433 2011 1535 2051 tulit

79 2087 318 2136 symptoma
330 2082 410 2122 hoc
431 2082 494 2134 (ut
511 2081 673 2122 solebat
688 2082 864 2122 affectus
879 2085 1117 2121 comatosus
1134 2081 1224 2134 jam
1240 2079 1530 2130 memoratus,)

79 2150 212 2191 donec
253 2151 373 2190 fieret
415 2149 607 2202 digestiO,
650 2162 825 2201 aegrum
860 2161 957 2187 vero
999 2147 1114 2186 intra
1148 2159 1302 2199 paucos
1342 2145 1533 2193 tollebat,

77 2218 158 2258 nisi
179 2217 458 2257 inflammatio
479 2216 759 2257 cohiberetur.
819 2215 962 2268 Atque
983 2214 1052 2254 hic
1072 2213 1179 2253 mihi
1200 2212 1412 2266 suppetias
1434 2226 1533 2266 prae
1553 2219 1633 2259 Spir.
1652 2221 1722 2251 vitr.

78 2285 251 2326 caeteris
291 2285 391 2326 tulit
426 2284 581 2325 vitrioli
623 2283 807 2337 spiritus,
845 2296 984 2336 quem,
1020 2286 1115 2335 post
1150 2281 1533 2322 venae-sectionem
1550 2263 1712 2335 ss23{',l‚¹¹}{³{‚

78 2357 205 2407 atque
227 2353 432 2394 enematis
459 2352 588 2393 unius
611 2352 834 2393 alteriusve
859 2351 1146 2405 injectionem,
1169 2349 1390 2391 cerevisiae
1411 2350 1533 2390 tenui
1550 2347 1733 2396 bellaqdmn

76 2420 332 2462 instillatum
351 2435 427 2474 pro
448 2425 554 2474 potu
575 2420 787 2461 ordinario
808 2419 995 2460 concessi
1003 2436 1014 2469 ς
1039 2419 1110 2472 qui
1130 2418 1246 2458 intra
1268 2417 1356 2458 dies
1376 2431 1532 2471 paucos
1549 2400 1694 2463 ἓὲῐξῗὲιιῑρῑ

78 2493 121 2530 et
143 2502 339 2529 somnum
367 2488 632 2539 conciliabat,
655 2493 698 2529 et
723 2488 962 2537 sanitatem,
986 2486 1192 2540 superatis
1222 2485 1530 2540 symptomatis‚

77 2570 203 2610 aegro
218 2557 444 2598 reddebat:
468 2557 581 2611 quod
598 2557 768 2610 quidem
789 2556 907 2596 nulla
924 2555 1005 2595 alia
1027 2554 1228 2595 methodo
1244 2554 1407 2594 efficere
1422 2554 1532 2594 vale-

77 2625 189 2667 bam.
249 2625 393 2679 Atque
427 2625 508 2666 hoc
537 2626 736 2666 reiterata
767 2638 889 2678 saepe
926 2623 1186 2677 experientia
1219 2622 1326 2662 mihi
1362 2621 1532 2662 abunde

77 2693 312 2735 constabat.
799 2702 805 2708 ·

141 2762 249 2816 [23]
287 2762 412 2803 Febri
442 2762 555 2812 huic,
588 2766 809 2812 autumno,
845 2761 969 2811 1675,
996 2764 1045 2800 ὀἵ
1086 2759 1342 2813 dejectiones
1379 2758 1530 2812 dysen-
1549 2764 1710 2813 Dysemc-

77 2830 232 2872 tericae
263 2830 628 2884 superveniebant,
659 2829 910 2884 quandoque
942 2833 983 2868 et
1015 2827 1247 2868 diarrhoea.
1309 2826 1420 2867 Istas
1451 2840 1530 2880 ego
1547 2818 1719 2881 afflixim-

163 2918 179 2940 k
203 2916 251 2947 Cf.
271 2918 398 2948 Disserl.
418 2918 515 2955 Epist.
534 2918 548 2955 ξ
567 2916 615 2947 26.
1024 2912 1031 2932 ¹
1054 2912 1176 2952 turpem]
1193 2914 1298 2942 -ιίἱνί
1315 2912 1360 2942 ed.
1380 2912 1441 2943 76.
