1985 3308
405 148 492 188 448
822 148 1078 189 THOMAE
1112 147 1452 190 SYDENHAM

212 265 267 295 De
285 265 374 295 Pon·
405 253 543 294 multa
556 257 599 295 et
616 253 744 308 longa
758 254 1049 296 observatione
1067 255 1280 305 suffultus,
1294 254 1526 294 maximam
1538 258 1706 307 partem
1719 251 1870 296 *eorum

246 317 350 374 mna.
407 322 479 375 qui
515 321 709 375 Podagra
742 323 915 376 periisse
945 328 1166 376 putantur,
1198 337 1287 363 non
1322 327 1413 362 tam
1441 321 1533 375 ipso
1564 322 1713 363 morbo
1742 337 1870 376 quam

201 367 389 441 ξέζῇῗξζ,
406 390 593 431 sublesta
615 396 742 444 atque
763 391 953 432 indebita
974 391 1256 431 medicatione
1277 389 1408 430 fuisse
1423 395 1680 443 peremptos.
1714 391 1759 430 Si
1777 391 1870 444 quis

202 453 371 526 dffzfti‘g‘ed
407 463 552 499 autem
573 459 858 500 remediorum
871 465 1160 507 externorum,
1177 471 1282 511 quae
1299 471 1375 511 pro
1392 458 1600 511 anodynis
1615 457 1870 499 indubitatis

202 506 386 578 §milpeeis
406 527 634 578 habentur,
651 528 855 568 virtutem
871 527 1050 580 probare
1070 526 1186 577 velit,
1203 540 1291 567 non
1305 527 1452 567 fucum
1467 526 1547 567 sibi
1562 527 1703 577 faciat,
1721 527 1871 568 eadem

202 587 346 613 mantus.
407 595 486 637 sub
520 596 802 636 declinatione
834 594 1076 649 paroxysmi
1105 594 1371 648 particularis
1404 595 1503 648 (quo
1530 599 1721 648 tempore
1753 594 1872 636 dolor

402 664 493 718 jam
526 670 676 717 sponte
705 678 781 703 sua
813 677 1006 703 cessm'us
1035 664 1129 716 est,)
1167 663 1418 716 applicando
1435 679 1446 712 3
1480 663 1584 716 quin
1618 663 1760 716 potius
1791 663 1870 704 sub

204 745 361 776 Remedia
406 733 530 773 initio
565 731 806 786 parox3·smi
841 732 924 772 ista
963 736 1153 785 usurpet,
1189 737 1231 772 et
1273 731 1416 772 statim
1458 731 1705 771 edocebitur
1745 745 1872 784 quam

204 795 394 819 externano-
408 801 639 841 ficulneum
676 801 730 840 sit
763 800 870 840 illud
908 800 1128 850 auxilium,
1167 814 1294 854 quam
1330 814 1440 840 vana
1476 813 1569 853 spes
1587 817 1597 849 ;
1635 813 1734 840 cum
1768 800 1874 840 haec

203 841 272 861 cere
288 841 389 870 quan-

204 874 306 914 doque
318 884 389 913 1³0⁵-
409 871 670 925 epithemata
701 884 855 911 nocere
897 870 1151 924 quandoque
1192 870 1368 924 possint,
1402 869 1601 923 prodesse
1636 884 1870 923 nunquam.

205 922 295 989 ἓξὲξ
306 927 388 989 ἓξὲξ
409 939 506 980 Qua
537 939 589 979 de
620 952 747 979 causa
773 944 940 992 egomet
959 939 1049 992 jam
1081 954 1105 979 a
1120 938 1282 980 ‚multis
1305 938 1428 978 annis
1456 938 1576 978 nulla
1595 937 1783 978 remedia
1803 952 1872 978 ex-

204 1012 313 1043 quam.
406 1010 530 1047 terna
559 1006 736 1047 adhibui
753 1023 763 1056 3
805 1007 1014 1059 pulticula
1040 1021 1091 1047 ex
1119 1021 1228 1060 pane
1260 1006 1515 1059 similiginco
1546 1020 1644 1046 cum
1675 1019 1797 1047 croco
1826 1007 1874 1048 in

406 1074 515 1114 lacte
548 1079 680 1124 cocto,
711 1073 855 1114 addito
883 1079 1030 1127 postea
1061 1075 1153 1116 oleo
1183 1089 1354 1116 rosaceo
1381 1075 1427 1115 in
1452 1089 1588 1128 pauca
1618 1075 1872 1129 quantitate,

406 1142 512 1182 mihi
547 1142 647 1182 olim
678 1156 780 1195 prae
813 1143 989 1183 caeteris
1019 1144 1205 1197 profuit,
1238 1157 1346 1197 quae
1378 1148 1526 1184 tamen
1556 1144 1603 1184 in
1633 1143 1875 1197 paroxysmi
1932 1150 1945 1161 ¹

406 1210 529 1250 initio
559 1210 668 1250 nihil
696 1224 868 1264 prorsus
891 1211 1082 1264 juvabat.
1148 1211 1193 1251 Si
1222 1211 1356 1265 igitur
1384 1212 1503 1253 dolor
1533 1212 1763 1253 admodum
1786 1225 1874 1253 sae·
1943 1254 1949 1267 ι,

406 1280 506 1330 viat,
530 1293 656 1332 aeger
678 1280 837 1320 rectius
867 1280 948 1320 sibi
970 1280 1163 1321 consulet
1185 1294 1228 1320 se
1252 1280 1299 1320 in
1324 1280 1435 1321 lecto
1460 1280 1720 1321 continendo
1741 1280 1876 1321 donec
1935 1280 1945 1290 ²

406 1347 442 1388 is
476 1347 783 1401 aliquantisper
809 1348 1032 1399 remiserit,
1065 1363 1194 1402 quam
1227 1348 1438 1403 anodynis
1474 1353 1651 1390 utatur:
1684 1354 1876 1390 attamen

405 1415 521 1455 haud
542 1415 616 1455 abs
637 1429 683 1456 re
704 1416 833 1456 fuerit
853 1416 1028 1456 laudaui
1047 1417 1284 1470 pauxillum
1309 1416 1473 1469 vesperi
1495 1430 1677 1468 sumere,
1700 1417 1734 1458 si
1756 1417 1876 1458 dolor

407 1483 659 1538 patientiam
681 1484 868 1524 multum
887 1484 1028 1525 xincat
1044 1501 1056 1534 3
1089 1485 1211 1525 aliter
1231 1484 1382 1524 melius
1404 1484 1640 1525 omittetur.

476 1550 615 1605 [68.]b
647 1552 708 1592 At
739 1566 836 1592 vero
867 1566 965 1592 cum
997 1552 1042 1592 in
1067 1553 1253 1593 externis
1281 1552 1528 1606 hujusmodi
1558 1552 1756 1593 remediis
1784 1553 1876 1607 jam

410 1619 502 1670 sim,
533 1619 708 1660 omnino
737 1620 896 1673 aliquid
931 1620 1037 1661 mihi
1071 1621 1301 1661 dicendum
1330 1625 1393 1661 est
1425 1620 1477 1660 de
1508 1635 1654 1661 musco
1691 1620 1876 1674 quodam

410 1687 576 1738 Indico,
609 1689 785 1740 (mooeam
812 1690 994 1741 vocant)
1020 1703 1157 1742 nuper
1184 1688 1332 1741 magni
1361 1688 1548 1729 nominis
1578 1688 1625 1728 in
1656 1688 1876 1743 Podagrae

411 1757 631 1797 curatione
647 1773 658 1805 3
692 1757 726 1797 si
747 1771 900 1810 nempe
921 1772 1018 1810 pars
1044 1758 1196 1797 affecta
1219 1756 1367 1797 eadem
1390 1769 1566 1796 accensa
1586 1756 1734 1797 leviter
1753 1762 1874 1798 ustu-

211 1836 376 1867 Ustulatio
411 1825 536 1866 letus.
613 1826 861 1867 Quamlibet
900 1826 981 1866 hoc
1021 1824 1199 1866 remedii
1241 1838 1376 1877 genus
1418 1824 1539 1864 Indis
1581 1824 1874 1865 Orientalibus

207 1881 307 1920 partis
322 1881 369 1910 af·
413 1898 631 1947 acceptum
661 1894 882 1944 referatur,
905 1899 1032 1948 atque
1057 1893 1289 1947 Europaeis
1320 1892 1550 1933 universim
1580 1892 1778 1933 omnibus
1798 1906 1876 1946 pro

207 1923 356 1953 fectaeHi
383 1941 395 1947 -

207 1935 379 2005 pocrateni)
411 1961 630 2015 incognito
663 1962 884 2013 habeatur,
923 1968 1115 2003 attamen
1156 1961 1383 2011 constabit,
1419 1961 1670 2014 antiquioris
1706 1961 1750 2001 id
1785 1975 1875 2002 esse

209 2018 272 2038 non
288 2008 366 2039 late-
491 2030 499 2036 .
583 2030 589 2036 .
970 2031 976 2038 .
1017 2031 1025 2038 .
1130 2031 1138 2038 .
1227 2031 1233 2038 .
1419 2031 1426 2037 .
1653 2031 1661 2038 .

208 2051 270 2082 bat.
413 2044 502 2071 aex-1
535 2036 664 2071 etlam
698 2031 810 2084 apud
841 2045 932 2081 nos,
966 2032 1029 2071 1111
1069 2046 1142 2085 qiu
1176 2031 1451 2084 Hippocratls
1488 2031 1616 2071 effata
1646 2045 1736 2084 jam
1777 2035 1876 2072 ante

412 2112 546 2138 annos
575 2097 641 2138 bis
668 2098 786 2139 mille
812 2099 946 2139 literis
976 2099 1136 2140 tradita
1165 2099 1345 2140 voluerit
1377 2099 1610 2139 consulere.
1672 2090 1728 2139 In
1755 2113 1875 2153 prae·

410 2166 673 2207 stantissimo
694 2166 767 2207 illo
782 2168 846 2207 De
861 2167 1159 2220 Affectionibus
1179 2167 1301 2217 libro,
1324 2167 1442 2220 (sect.
1462 2167 1623 2220 quinta,
1639 2173 1754 2221 pag.c
1770 2167 1876 2207 mihi

411 2235 525 2287 524.)
561 2235 612 2275 de
642 2235 829 2276 ischiade
861 2250 1005 2289 agens,
1037 2237 1142 2277 haec
1162 2236 1318 2277 habet:
1350 2234 1412 2276 Εἰ
1441 2233 1484 2276 δὲ
1515 2235 1555 2279 ἐς
1586 2234 1629 2276 ἕν
1655 2251 1697 2275 τι
1721 2233 1877 2291 χωρίον

419 2301 726 2358 [καταστηρίξῃ
753 2303 778 2354 ἡ
809 2301 931 2355 ὀδύνη
963 2303 1034 2344 καὶ
1061 2305 1155 2359 στῇ,
1179 2302 1249 2344 καὶ
1274 2307 1386 2346 τοῖσι
1414 2302 1677 2358 φαρμάκοισι
1702 2303 1761 2355 μὴ
1792 2302 1875 2355 ἐξε-

410 2369 628 2421 λαύνηται,
651 2373 806 2412 καῦσαι
827 2371 921 2412 καθ’
948 2371 1084 2413 ὁκοῖον
1110 2371 1162 2413 ἂν
1188 2371 1373 2428 τυνχάνῃ
1395 2371 1523 2412 ἐοῦσα
1547 2370 1573 2422 ἡ
1599 2369 1753 2424 ὀδύνη]
1781 2371 1809 2411 i.
1838 2385 1873 2412 e.

415 2438 533 2484 Quod
554 2439 590 2478 si
611 2440 654 2479 in
674 2453 752 2480 21710
778 2441 913 2493 aliquo
939 2442 1023 2481 loco
1037 2441 1218 2494 firmiter
1239 2441 1467 2480 constiterit
1494 2440 1621 2490 dolor,
1644 2454 1768 2493 neque
1795 2452 1874 2480 me-

411 2505 652 2547 dicamentis
673 2510 913 2560 expellatur,
937 2523 1169 2562 quocunque
1191 2510 1275 2549 loco
1298 2509 1414 2548 dolor
1432 2508 1548 2560 forte
1567 2509 1764 2558 eoetz'terz't,
1787 2521 1873 2548 eum

411 2576 492 2614 Iino
514 2577 638 2616 crudo
659 2577 826 2618 inurito.
885 2578 942 2618 Et
969 2579 1096 2632 paulo
1117 2583 1210 2631 post
1240 2578 1298 2631 [p.
1321 2577 1439 2631 407]
1470 2576 1521 2617 de
1541 2577 1729 2630 podagra
1747 2576 1876 2617 verba

409 2642 592 2684 faciens:
627 2642 839 2700 Ξυμφέρει
865 2643 909 2685 δὲ
933 2644 1004 2686 καὶ
1034 2645 1164 2700 ταύτῃ
1203 2644 1275 2699 [τὰ
1300 2644 1407 2686 αὐτὰ
1427 2643 1455 2685 ἃ
1480 2643 1551 2685 καὶ
1577 2645 1628 2698 τῇ
1654 2641 1872 2699 ἀρθρίτιδι,

411 2709 481 2751 καὶ
500 2712 640 2767 μακρὴ
666 2712 744 2765 μὲν
773 2712 844 2754 καὶ
874 2714 980 2765 αὕτη
1011 2714 1036 2766 ἡ
1065 2716 1210 2758 νοῦσος
1237 2713 1306 2754 καὶ
1333 2712 1542 2761 ἐπίπονος,
1573 2710 1811 2764 θανατώδης
1831 2711 1875 2753 δὲ

411 2776 470 2817 οὕ·
493 2776 544 2829 ἢν
565 2777 608 2820 δὲ
628 2782 739 2821 τοῖσι
760 2779 1030 2823 δακτύλοισιν
1049 2782 1074 2834 ἡ
1096 2780 1217 2832 ὀδύνη
1239 2780 1602 2836 ἐγκαταλείπεται,
1624 2782 1780 2821 καῦσαι
1799 2779 1874 2824 τὰς

433 2881 445 2899 ⁶
492 2883 591 2914 Deest
607 2886 660 2916 hic.
678 2887 740 2918 loci
757 2889 771 2926 ξ
789 2889 829 2918 68
851 2889 882 2918 in
906 2889 952 2920 ed.
970 2890 1022 2920 ’83
1038 2902 1044 2925 ;
1069 2890 1109 2920 cf.
1214 2894 1226 2908 ⁰
1245 2900 1319 2930 pag.
1336 2888 1499 2929 mi111‘524]
1513 2899 1553 2919 sc.
1566 2889 1598 2919 in
1610 2889 1657 2920 ed.
1671 2889 1782 2926 Foes.;
1799 2889 1872 2920 vide

414 2924 514 2956 Tracr.
533 2928 576 2956 II.
595 2930 608 2965 §
628 2931 679 2958 40.
1171 2937 1192 2962 t.
1210 2932 1242 2962 ii.
1260 2942 1291 2972 p.
1307 2932 1369 2962 406
1386 2932 1418 2962 in
1435 2932 1482 2962 ed.
1502 2932 1611 2962 Kiihn.
