<?xml version="1.0" encoding="UTF-8"?>
<!DOCTYPE html PUBLIC "-//W3C//DTD XHTML 1.0 Transitional//EN"
    "http://www.w3.org/TR/xhtml1/DTD/xhtml1-transitional.dtd">
<html xmlns="http://www.w3.org/1999/xhtml" xml:lang="en" lang="en">
 <head>
  <title>
</title>
<meta http-equiv="Content-Type" content="text/html;charset=utf-8" />
  <meta name='ocr-system' content='tesseract 3.04.00' />
  <meta name='ocr-capabilities' content='ocr_page ocr_carea ocr_par ocr_line ocrx_word'/>
</head>
<body>
  <div class='ocr_page' id='page_1' title='image "./thomaesydenhammd00sydeuoft_0444.png"; bbox 0 0 1985 3308; ppageno 0'>
   <div class='ocr_carea' id='block_1_1' title="bbox 199 255 372 328">
    <p class='ocr_par' dir='ltr' id='par_1_1' title="bbox 199 255 372 328">
     <span class='ocr_line' id='line_1_1' title="bbox 224 255 338 285; baseline 0 -1"><span class='ocrx_word' id='word_1_1' title='bbox 224 255 338 285; x_wconf 70' lang='lat' dir='ltr'><em>Epts&#39;r.</em></span> 
     </span>
     <span class='ocr_line' id='line_1_2' title="bbox 199 298 372 328; baseline -0.012 0"><span class='ocrx_word' id='word_1_2' title='bbox 199 298 372 328; x_wconf 58' lang='lat' dir='ltr'><em>Dnmcxr.</em></span> 
     </span>
    </p>
   </div>
   <div class='ocr_carea' id='block_1_2' title="bbox 191 344 375 348">
    <p class='ocr_par' dir='ltr' id='par_1_2' title="bbox 191 344 375 348">
     <span class='ocr_line' id='line_1_3' title="bbox 191 344 375 348; baseline 0 0"><span class='ocrx_word' id='word_1_3' title='bbox 191 344 375 348; x_wconf 95' lang='lat' dir='ltr'><em> </em></span> 
     </span>
    </p>
   </div>
   <div class='ocr_carea' id='block_1_3' title="bbox 391 138 1575 180">
    <p class='ocr_par' dir='ltr' id='par_1_3' title="bbox 391 138 1575 180">
     <span class='ocr_line' id='line_1_4' title="bbox 391 138 1575 180; baseline 0 -1"><span class='ocrx_word' id='word_1_4' title='bbox 391 140 477 179; x_wconf 81' lang='lat'><em>408</em></span> <span class='ocrx_word' id='word_1_5' title='bbox 672 138 807 180; x_wconf 86' lang='lat' dir='ltr'>THO.</span> <span class='ocrx_word' id='word_1_6' title='bbox 843 138 1184 179; x_wconf 84' lang='lat' dir='ltr'>SYDENHAM</span> <span class='ocrx_word' id='word_1_7' title='bbox 1215 138 1575 180; x_wconf 74' lang='lat' dir='ltr'>TRACTATUS.</span> 
     </span>
    </p>
   </div>
   <div class='ocr_carea' id='block_1_4' title="bbox 381 247 1864 2615">
    <p class='ocr_par' dir='ltr' id='par_1_4' title="bbox 381 247 1864 2615">
     <span class='ocr_line' id='line_1_5' title="bbox 392 247 1855 301; baseline -0.001 -13"><span class='ocrx_word' id='word_1_8' title='bbox 392 263 418 288; x_wconf 87' lang='lat' dir='ltr'><em>a</em></span> <span class='ocrx_word' id='word_1_9' title='bbox 459 247 628 288; x_wconf 82' lang='lat' dir='ltr'><em>Natura</em></span> <span class='ocrx_word' id='word_1_10' title='bbox 668 247 814 300; x_wconf 88' lang='lat' dir='ltr'><em>factus</em></span> <span class='ocrx_word' id='word_1_11' title='bbox 863 253 980 301; x_wconf 86' lang='lat' dir='ltr'><em>atque</em></span> <span class='ocrx_word' id='word_1_12' title='bbox 1023 248 1236 300; x_wconf 87' lang='lat' dir='ltr'><em>dispositus</em></span> <span class='ocrx_word' id='word_1_13' title='bbox 1285 250 1372 295; x_wconf 88' lang='lat' dir='ltr'><em>sim,</em></span> <span class='ocrx_word' id='word_1_14' title='bbox 1426 254 1471 286; x_wconf 86' lang='lat' dir='ltr'><em>ut</em></span> <span class='ocrx_word' id='word_1_15' title='bbox 1519 247 1625 301; x_wconf 89' lang='lat' dir='ltr'><em>quod</em></span> <span class='ocrx_word' id='word_1_16' title='bbox 1672 249 1855 301; x_wconf 85' lang='lat' dir='ltr'><em>temporis</em></span> 
     </span>
     <span class='ocr_line' id='line_1_6' title="bbox 392 315 1856 369; baseline -0.001 -13"><span class='ocrx_word' id='word_1_17' title='bbox 392 316 467 356; x_wconf 88' lang='lat' dir='ltr'><em>alii</em></span> <span class='ocrx_word' id='word_1_18' title='bbox 515 316 624 355; x_wconf 81' lang='lat' dir='ltr'><em>libris</em></span> <span class='ocrx_word' id='word_1_19' title='bbox 664 315 848 369; x_wconf 74' lang='lat' dir='ltr'><em>leqendis,</em></span> <span class='ocrx_word' id='word_1_20' title='bbox 890 315 935 353; x_wconf 85' lang='lat' dir='ltr'><em>id</em></span> <span class='ocrx_word' id='word_1_21' title='bbox 981 329 1049 368; x_wconf 73' lang='lat' dir='ltr'><em>eqo</em></span> <span class='ocrx_word' id='word_1_22' title='bbox 1089 329 1199 354; x_wconf 91' lang='lat' dir='ltr'><em>omne</em></span> <span class='ocrx_word' id='word_1_23' title='bbox 1239 316 1494 362; x_wconf 79' lang='lat' dir='ltr'><em>meditationi,</em></span> <span class='ocrx_word' id='word_1_24' title='bbox 1536 316 1757 369; x_wconf 79' lang='lat' dir='ltr'><em>impendere</em></span> <span class='ocrx_word' id='word_1_25' title='bbox 1794 330 1856 355; x_wconf 91' lang='lat' dir='ltr'><em>so-</em></span> 
     </span>
     <span class='ocr_line' id='line_1_7' title="bbox 393 377 1855 440; baseline -0.002 -14"><span class='ocrx_word' id='word_1_26' title='bbox 393 386 523 433; x_wconf 89' lang='lat' dir='ltr'><em>leam;</em></span> <span class='ocrx_word' id='word_1_27' title='bbox 573 400 694 440; x_wconf 88' lang='lat' dir='ltr'><em>neque</em></span> <span class='ocrx_word' id='word_1_28' title='bbox 736 391 818 424; x_wconf 92' lang='lat' dir='ltr'><em>tam</em></span> <span class='ocrx_word' id='word_1_29' title='bbox 859 399 1063 439; x_wconf 79' lang='lat' dir='ltr'><strong><em>quaeram,</em></strong></span> <span class='ocrx_word' id='word_1_30' title='bbox 1105 398 1159 423; x_wconf 86' lang='lat' dir='ltr'><em>an</em></span> <span class='ocrx_word' id='word_1_31' title='bbox 1193 384 1266 422; x_wconf 85' lang='lat' dir='ltr'><em>alii</em></span> <span class='ocrx_word' id='word_1_32' title='bbox 1304 377 1438 423; x_wconf 88' lang='lat' dir='ltr'><em>eadem</em></span> <span class='ocrx_word' id='word_1_33' title='bbox 1478 398 1625 424; x_wconf 82' lang='lat' dir='ltr'><em>mecum</em></span> <span class='ocrx_word' id='word_1_34' title='bbox 1660 390 1855 432; x_wconf 78' lang='lat' dir='ltr'><em>asserant,</em></span> 
     </span>
     <span class='ocr_line' id='line_1_8' title="bbox 393 453 1859 509; baseline -0.001 -15"><span class='ocrx_word' id='word_1_35' title='bbox 393 469 514 509; x_wconf 90' lang='lat' dir='ltr'><em>quam</em></span> <span class='ocrx_word' id='word_1_36' title='bbox 555 460 691 494; x_wconf 88' lang='lat' dir='ltr'><em>utrum</em></span> <span class='ocrx_word' id='word_1_37' title='bbox 735 468 837 507; x_wconf 86' lang='lat' dir='ltr'><em>quae</em></span> <span class='ocrx_word' id='word_1_38' title='bbox 885 467 953 506; x_wconf 77' lang='lat' dir='ltr'><em>eqo</em></span> <span class='ocrx_word' id='word_1_39' title='bbox 994 453 1111 492; x_wconf 87' lang='lat' dir='ltr'><em>trado</em></span> <span class='ocrx_word' id='word_1_40' title='bbox 1152 467 1240 492; x_wconf 89' lang='lat' dir='ltr'><em>cum</em></span> <span class='ocrx_word' id='word_1_41' title='bbox 1281 454 1444 492; x_wconf 85' lang='lat' dir='ltr'><em>veritate</em></span> <span class='ocrx_word' id='word_1_42' title='bbox 1479 455 1724 494; x_wconf 86' lang='lat' dir='ltr'><em>consentiant</em></span> <span class='ocrx_word' id='word_1_43' title='bbox 1736 473 1752 502; x_wconf 90' lang='lat'><em>,·</em></span> <span class='ocrx_word' id='word_1_44' title='bbox 1794 459 1859 493; x_wconf 87' lang='lat' dir='ltr'><em>ut-</em></span> 
     </span>
     <span class='ocr_line' id='line_1_9' title="bbox 386 521 1861 579; baseline -0.001 -15"><span class='ocrx_word' id='word_1_45' title='bbox 386 530 480 579; x_wconf 85' lang='lat' dir='ltr'><em>pote</em></span> <span class='ocrx_word' id='word_1_46' title='bbox 514 525 585 578; x_wconf 90' lang='lat' dir='ltr'><em>qui</em></span> <span class='ocrx_word' id='word_1_47' title='bbox 617 537 794 563; x_wconf 85' lang='lat' dir='ltr'><em>rumores</em></span> <span class='ocrx_word' id='word_1_48' title='bbox 827 528 864 561; x_wconf 91' lang='lat' dir='ltr'><em>et</em></span> <span class='ocrx_word' id='word_1_49' title='bbox 897 521 1008 575; x_wconf 65' lang='lat' dir='ltr'><em>vulfsi</em></span> <span class='ocrx_word' id='word_1_50' title='bbox 1035 521 1225 574; x_wconf 84' lang='lat' dir='ltr'><em>plausum</em></span> <span class='ocrx_word' id='word_1_51' title='bbox 1262 521 1375 561; x_wconf 77' lang='lat' dir='ltr'><em>haud</em></span> <span class='ocrx_word' id='word_1_52' title='bbox 1403 523 1541 576; x_wconf 72' lang='lat' dir='ltr'><em>mayni</em></span> <span class='ocrx_word' id='word_1_53' title='bbox 1561 523 1735 575; x_wconf 85' lang='lat' dir='ltr'><em>faciam.</em></span> <span class='ocrx_word' id='word_1_54' title='bbox 1796 521 1861 562; x_wconf 80' lang='lat' dir='ltr'><em>Et</em></span> 
     </span>
     <span class='ocr_line' id='line_1_10' title="bbox 394 590 1861 646; baseline -0.001 -14"><span class='ocrx_word' id='word_1_55' title='bbox 394 607 489 632; x_wconf 89' lang='lat' dir='ltr'><em>sane</em></span> <span class='ocrx_word' id='word_1_56' title='bbox 521 592 619 646; x_wconf 87' lang='lat' dir='ltr'><em>quid</em></span> <span class='ocrx_word' id='word_1_57' title='bbox 648 592 754 630; x_wconf 88' lang='lat' dir='ltr'><em>tanti</em></span> <span class='ocrx_word' id='word_1_58' title='bbox 785 596 851 637; x_wconf 89' lang='lat' dir='ltr'><em>est,</em></span> <span class='ocrx_word' id='word_1_59' title='bbox 884 591 930 637; x_wconf 88' lang='lat' dir='ltr'><em>si,</em></span> <span class='ocrx_word' id='word_1_60' title='bbox 965 590 1090 644; x_wconf 82' lang='lat' dir='ltr'><em>officio</em></span> <span class='ocrx_word' id='word_1_61' title='bbox 1121 591 1216 629; x_wconf 69' lang='lat' dir='ltr'><em>ciris</em></span> <span class='ocrx_word' id='word_1_62' title='bbox 1246 590 1338 629; x_wconf 89' lang='lat' dir='ltr'><em>boni</em></span> <span class='ocrx_word' id='word_1_63' title='bbox 1358 595 1514 630; x_wconf 89' lang='lat' dir='ltr'><em>strenue</em></span> <span class='ocrx_word' id='word_1_64' title='bbox 1537 591 1790 644; x_wconf 76' lang='lat' dir='ltr'><em>perfunctuS,</em></span> <span class='ocrx_word' id='word_1_65' title='bbox 1822 595 1861 630; x_wconf 87' lang='lat' dir='ltr'><em>et</em></span> 
     </span>
     <span class='ocr_line' id='line_1_11' title="bbox 387 658 1857 714; baseline -0.001 -15"><span class='ocrx_word' id='word_1_66' title='bbox 387 660 548 714; x_wconf 86' lang='lat' dir='ltr'><em>publico</em></span> <span class='ocrx_word' id='word_1_67' title='bbox 585 659 784 698; x_wconf 89' lang='lat' dir='ltr'><em>commodo</em></span> <span class='ocrx_word' id='word_1_68' title='bbox 819 659 937 698; x_wconf 90' lang='lat' dir='ltr'><em>etiam</em></span> <span class='ocrx_word' id='word_1_69' title='bbox 970 671 1057 697; x_wconf 89' lang='lat' dir='ltr'><em>cum</em></span> <span class='ocrx_word' id='word_1_70' title='bbox 1085 658 1250 711; x_wconf 72' lang='lat' dir='ltr'><em>privato</em></span> <span class='ocrx_word' id='word_1_71' title='bbox 1277 658 1423 698; x_wconf 91' lang='lat' dir='ltr'><em>damno</em></span> <span class='ocrx_word' id='word_1_72' title='bbox 1452 660 1677 708; x_wconf 77' lang='lat' dir='ltr'><em>inserviens,</em></span> <span class='ocrx_word' id='word_1_73' title='bbox 1705 658 1857 698; x_wconf 87' lang='lat' dir='ltr'><em>nullam</em></span> 
     </span>
     <span class='ocr_line' id='line_1_12' title="bbox 395 726 1860 781; baseline -0.001 -13"><span class='ocrx_word' id='word_1_74' title='bbox 395 734 525 768; x_wconf 85' lang='lat' dir='ltr'><em>tamen</em></span> <span class='ocrx_word' id='word_1_75' title='bbox 548 728 686 768; x_wconf 69' lang='lat' dir='ltr'><em>exinde</em></span> <span class='ocrx_word' id='word_1_76' title='bbox 709 727 881 781; x_wconf 47' lang='lat' dir='ltr'><em>,qloriam</em></span> <span class='ocrx_word' id='word_1_77' title='bbox 906 731 1095 779; x_wconf 80' lang='lat' dir='ltr'><em>reportem</em></span> <span class='ocrx_word' id='word_1_78' title='bbox 1111 729 1131 765; x_wconf 70' lang='grc'><em>,9</em></span> <span class='ocrx_word' id='word_1_79' title='bbox 1162 740 1249 766; x_wconf 88' lang='lat' dir='ltr'><em>cum</em></span> <span class='ocrx_word' id='word_1_80' title='bbox 1278 726 1335 779; x_wconf 90' lang='lat' dir='ltr'><em>(si</em></span> <span class='ocrx_word' id='word_1_81' title='bbox 1359 741 1440 766; x_wconf 87' lang='lat' dir='ltr'><em>rem</em></span> <span class='ocrx_word' id='word_1_82' title='bbox 1462 732 1563 766; x_wconf 88' lang='lat' dir='ltr'><em>recte</em></span> <span class='ocrx_word' id='word_1_83' title='bbox 1581 726 1860 780; x_wconf 55' lang='lat' dir='ltr'><em>perpendam)</em></span> 
     </span>
     <span class='ocr_line' id='line_1_13' title="bbox 395 794 1862 848; baseline -0.002 -12"><span class='ocrx_word' id='word_1_84' title='bbox 395 796 593 836; x_wconf 85' lang='lat' dir='ltr'><em>consulere</em></span> <span class='ocrx_word' id='word_1_85' title='bbox 614 795 898 835; x_wconf 66' lang='lat' dir='ltr'><em>existimationi</em></span> <span class='ocrx_word' id='word_1_86' title='bbox 916 809 1034 842; x_wconf 90' lang='lat' dir='ltr'><em>meae,</em></span> <span class='ocrx_word' id='word_1_87' title='bbox 1053 795 1124 848; x_wconf 84' lang='lat' dir='ltr'><em>qui</em></span> <span class='ocrx_word' id='word_1_88' title='bbox 1128 795 1220 847; x_wconf 84' lang='lat' dir='ltr'><em>jam</em></span> <span class='ocrx_word' id='word_1_89' title='bbox 1243 808 1356 834; x_wconf 70' lang='lat' dir='ltr'><em>senez·</em></span> <span class='ocrx_word' id='word_1_90' title='bbox 1375 795 1464 842; x_wconf 87' lang='lat' dir='ltr'><em>sim,</em></span> <span class='ocrx_word' id='word_1_91' title='bbox 1481 794 1588 833; x_wconf 79' lang='lat' dir='ltr'><em>brevi</em></span> <span class='ocrx_word' id='word_1_92' title='bbox 1599 794 1766 848; x_wconf 79' lang='lat' dir='ltr'><em>perinde</em></span> <span class='ocrx_word' id='word_1_93' title='bbox 1785 795 1862 833; x_wconf 89' lang='lat' dir='ltr'><em>erit</em></span> 
     </span>
     <span class='ocr_line' id='line_1_14' title="bbox 395 862 1860 916; baseline -0.001 -13"><span class='ocrx_word' id='word_1_94' title='bbox 395 879 444 903; x_wconf 90' lang='lat' dir='ltr'><em>ac</em></span> <span class='ocrx_word' id='word_1_95' title='bbox 477 865 514 903; x_wconf 85' lang='lat' dir='ltr'><em>si</em></span> <span class='ocrx_word' id='word_1_96' title='bbox 544 864 724 903; x_wconf 87' lang='lat' dir='ltr'><em>non-enti</em></span> <span class='ocrx_word' id='word_1_97' title='bbox 762 862 1070 908; x_wconf 87' lang='lat' dir='ltr'><em>consuluissem;</em></span> <span class='ocrx_word' id='word_1_98' title='bbox 1102 862 1201 916; x_wconf 84' lang='lat' dir='ltr'><em>quid</em></span> <span class='ocrx_word' id='word_1_99' title='bbox 1225 864 1326 902; x_wconf 88' lang='lat' dir='ltr'><em>enim</em></span> <span class='ocrx_word' id='word_1_100' title='bbox 1356 863 1456 901; x_wconf 77' lang='lat' dir='ltr'><em>mihi</em></span> <span class='ocrx_word' id='word_1_101' title='bbox 1478 867 1572 916; x_wconf 88' lang='lat' dir='ltr'><em>post</em></span> <span class='ocrx_word' id='word_1_102' title='bbox 1593 862 1739 902; x_wconf 90' lang='lat' dir='ltr'><em>obitum</em></span> <span class='ocrx_word' id='word_1_103' title='bbox 1759 876 1860 916; x_wconf 90' lang='lat' dir='ltr'><em>pro-</em></span> 
     </span>
     <span class='ocr_line' id='line_1_15' title="bbox 393 931 1861 987; baseline -0.002 -14"><span class='ocrx_word' id='word_1_104' title='bbox 393 934 500 973; x_wconf 81' lang='lat' dir='ltr'><em>desse</em></span> <span class='ocrx_word' id='word_1_105' title='bbox 530 938 659 987; x_wconf 87' lang='lat' dir='ltr'><em>queat,</em></span> <span class='ocrx_word' id='word_1_106' title='bbox 686 937 734 972; x_wconf 84' lang='lat' dir='ltr'><em>ut</em></span> <span class='ocrx_word' id='word_1_107' title='bbox 761 937 844 971; x_wconf 88' lang='lat' dir='ltr'><em>octo</em></span> <span class='ocrx_word' id='word_1_108' title='bbox 875 931 1061 971; x_wconf 89' lang='lat' dir='ltr'><em>elementa</em></span> <span class='ocrx_word' id='word_1_109' title='bbox 1096 931 1352 985; x_wconf 81' lang='lat' dir='ltr'><em>alplzabetica</em></span> <span class='ocrx_word' id='word_1_110' title='bbox 1383 932 1423 971; x_wconf 86' lang='lat' dir='ltr'><em>in</em></span> <span class='ocrx_word' id='word_1_111' title='bbox 1453 933 1571 971; x_wconf 92' lang='lat' dir='ltr'><em>istum</em></span> <span class='ocrx_word' id='word_1_112' title='bbox 1599 931 1773 970; x_wconf 78' lang='lat' dir='ltr'><em>ordinem</em></span> <span class='ocrx_word' id='word_1_113' title='bbox 1799 945 1861 970; x_wconf 87' lang='lat' dir='ltr'><em>re-</em></span> 
     </span>
     <span class='ocr_line' id='line_1_16' title="bbox 392 999 1863 1052; baseline -0.003 -11"><span class='ocrx_word' id='word_1_114' title='bbox 392 1002 512 1041; x_wconf 89' lang='lat' dir='ltr'><em>dacta</em></span> <span class='ocrx_word' id='word_1_115' title='bbox 541 1007 586 1041; x_wconf 86' lang='lat' dir='ltr'><em>ut</em></span> <span class='ocrx_word' id='word_1_116' title='bbox 613 1014 750 1041; x_wconf 86' lang='lat' dir='ltr'><em>nomen</em></span> <span class='ocrx_word' id='word_1_117' title='bbox 785 1013 913 1039; x_wconf 83' lang='lat' dir='ltr'><em>meum</em></span> <span class='ocrx_word' id='word_1_118' title='bbox 941 1005 1193 1052; x_wconf 90' lang='lat' dir='ltr'><em>componant,</em></span> <span class='ocrx_word' id='word_1_119' title='bbox 1214 1013 1347 1038; x_wconf 88' lang='lat' dir='ltr'><em>eorum</em></span> <span class='ocrx_word' id='word_1_120' title='bbox 1381 999 1528 1052; x_wconf 73' lang='lat' dir='ltr'><em>linquis</em></span> <span class='ocrx_word' id='word_1_121' title='bbox 1546 1000 1769 1052; x_wconf 84' lang='lat' dir='ltr'><em>jactentur,</em></span> <span class='ocrx_word' id='word_1_122' title='bbox 1790 999 1863 1052; x_wconf 88' lang='lat' dir='ltr'><em>qui</em></span> 
     </span>
     <span class='ocr_line' id='line_1_17' title="bbox 394 1066 1863 1124; baseline -0.003 -14"><span class='ocrx_word' id='word_1_123' title='bbox 394 1084 471 1110; x_wconf 87' lang='lat' dir='ltr'><em>non</em></span> <span class='ocrx_word' id='word_1_124' title='bbox 492 1072 622 1124; x_wconf 73' lang='lat' dir='ltr'><em>maqis</em></span> <span class='ocrx_word' id='word_1_125' title='bbox 648 1069 827 1122; x_wconf 79' lang='lat' dir='ltr'><em>aliquam</em></span> <span class='ocrx_word' id='word_1_126' title='bbox 851 1068 927 1107; x_wconf 87' lang='lat' dir='ltr'><em>mei</em></span> <span class='ocrx_word' id='word_1_127' title='bbox 953 1068 1081 1106; x_wconf 88' lang='lat' dir='ltr'><em>ideam</em></span> <span class='ocrx_word' id='word_1_128' title='bbox 1104 1068 1238 1106; x_wconf 86' lang='lat' dir='ltr'><em>animo</em></span> <span class='ocrx_word' id='word_1_129' title='bbox 1251 1068 1411 1120; x_wconf 80' lang='lat' dir='ltr'><em>possint</em></span> <span class='ocrx_word' id='word_1_130' title='bbox 1435 1066 1629 1120; x_wconf 73' lang='lat' dir='ltr'><em>effinyere,</em></span> <span class='ocrx_word' id='word_1_131' title='bbox 1651 1080 1770 1120; x_wconf 88' lang='lat' dir='ltr'><em>quam</em></span> <span class='ocrx_word' id='word_1_132' title='bbox 1791 1080 1863 1120; x_wconf 74' lang='lat' dir='ltr'><em>eqo</em></span> 
     </span>
     <span class='ocr_line' id='line_1_18' title="bbox 381 1135 1864 1191; baseline -0.002 -14"><span class='ocrx_word' id='word_1_133' title='bbox 381 1138 475 1191; x_wconf 86' lang='lat' dir='ltr'><em>jam</em></span> <span class='ocrx_word' id='word_1_134' title='bbox 511 1151 651 1191; x_wconf 88' lang='lat' dir='ltr'><em>queam</em></span> <span class='ocrx_word' id='word_1_135' title='bbox 689 1137 891 1189; x_wconf 78' lang='lat' dir='ltr'><em>concipere</em></span> <span class='ocrx_word' id='word_1_136' title='bbox 927 1135 1161 1189; x_wconf 87' lang='lat' dir='ltr'><em>qualesnam</em></span> <span class='ocrx_word' id='word_1_137' title='bbox 1199 1135 1357 1174; x_wconf 75' lang='lat' dir='ltr'><em>tandem</em></span> <span class='ocrx_word' id='word_1_138' title='bbox 1393 1135 1454 1174; x_wconf 89' lang='lat' dir='ltr'><em>illi</em></span> <span class='ocrx_word' id='word_1_139' title='bbox 1478 1135 1626 1187; x_wconf 84' lang='lat' dir='ltr'><em>futuri</em></span> <span class='ocrx_word' id='word_1_140' title='bbox 1657 1140 1761 1182; x_wconf 86' lang='lat' dir='ltr'><em>sunt,</em></span> <span class='ocrx_word' id='word_1_141' title='bbox 1792 1135 1864 1188; x_wconf 85' lang='lat' dir='ltr'><em>qui</em></span> 
     </span>
     <span class='ocr_line' id='line_1_19' title="bbox 395 1203 1863 1257; baseline -0.002 -12"><span class='ocrx_word' id='word_1_142' title='bbox 395 1220 524 1245; x_wconf 85' lang='lat' dir='ltr'><em>omnes</em></span> <span class='ocrx_word' id='word_1_143' title='bbox 551 1211 589 1244; x_wconf 89' lang='lat' dir='ltr'><em>et</em></span> <span class='ocrx_word' id='word_1_144' title='bbox 607 1210 781 1244; x_wconf 85' lang='lat' dir='ltr'><em>mortuos</em></span> <span class='ocrx_word' id='word_1_145' title='bbox 806 1204 959 1257; x_wconf 86' lang='lat' dir='ltr'><em>prioris</em></span> <span class='ocrx_word' id='word_1_146' title='bbox 989 1203 1110 1242; x_wconf 86' lang='lat' dir='ltr'><em>seculi</em></span> <span class='ocrx_word' id='word_1_147' title='bbox 1129 1203 1380 1257; x_wconf 74' lang='lat' dir='ltr'><em>iqnorabunt,</em></span> <span class='ocrx_word' id='word_1_148' title='bbox 1402 1209 1440 1242; x_wconf 90' lang='lat' dir='ltr'><em>et</em></span> <span class='ocrx_word' id='word_1_149' title='bbox 1461 1203 1553 1243; x_wconf 87' lang='lat' dir='ltr'><em>aliis</em></span> <span class='ocrx_word' id='word_1_150' title='bbox 1573 1209 1656 1243; x_wconf 89' lang='lat' dir='ltr'><em>tum</em></span> <span class='ocrx_word' id='word_1_151' title='bbox 1682 1203 1863 1242; x_wconf 81' lang='lat' dir='ltr'><em>dialectis</em></span> 
     </span>
     <span class='ocr_line' id='line_1_20' title="bbox 395 1271 1862 1325; baseline -0.001 -13"><span class='ocrx_word' id='word_1_152' title='bbox 395 1279 478 1312; x_wconf 91' lang='lat' dir='ltr'><em>tum</em></span> <span class='ocrx_word' id='word_1_153' title='bbox 514 1272 688 1312; x_wconf 87' lang='lat' dir='ltr'><em>moribus</em></span> <span class='ocrx_word' id='word_1_154' title='bbox 721 1277 896 1319; x_wconf 84' lang='lat' dir='ltr'><em>utentur,</em></span> <span class='ocrx_word' id='word_1_155' title='bbox 927 1285 1006 1325; x_wconf 89' lang='lat' dir='ltr'><em>pro</em></span> <span class='ocrx_word' id='word_1_156' title='bbox 1041 1285 1175 1310; x_wconf 86' lang='lat' dir='ltr'><em>rerum</em></span> <span class='ocrx_word' id='word_1_157' title='bbox 1210 1271 1480 1311; x_wconf 81' lang='lat' dir='ltr'><em>humanarum</em></span> <span class='ocrx_word' id='word_1_158' title='bbox 1520 1272 1693 1311; x_wconf 89' lang='lat' dir='ltr'><em>omnium</em></span> <span class='ocrx_word' id='word_1_159' title='bbox 1725 1272 1862 1311; x_wconf 92' lang='lat' dir='ltr'><em>incon-</em></span> 
     </span>
     <span class='ocr_line' id='line_1_21' title="bbox 395 1339 1863 1394; baseline -0.001 -14"><span class='ocrx_word' id='word_1_160' title='bbox 395 1342 545 1380; x_wconf 81' lang='lat' dir='ltr'><em>stantia</em></span> <span class='ocrx_word' id='word_1_161' title='bbox 567 1356 615 1380; x_wconf 87' lang='lat' dir='ltr'><em>ac</em></span> <span class='ocrx_word' id='word_1_162' title='bbox 636 1340 908 1380; x_wconf 76' lang='lat' dir='ltr'><em>vicissitudine</em></span> <span class='ocrx_word' id='word_1_163' title='bbox 921 1342 940 1380; x_wconf 84' lang='lat'><em>?</em></span> <span class='ocrx_word' id='word_1_164' title='bbox 981 1340 1042 1379; x_wconf 87' lang='lat' dir='ltr'><em>At</em></span> <span class='ocrx_word' id='word_1_165' title='bbox 1063 1354 1251 1394; x_wconf 79' lang='lat' dir='ltr'><em>quorsum</em></span> <span class='ocrx_word' id='word_1_166' title='bbox 1273 1354 1341 1394; x_wconf 72' lang='lat' dir='ltr'><em>eqo</em></span> <span class='ocrx_word' id='word_1_167' title='bbox 1362 1340 1409 1379; x_wconf 90' lang='lat' dir='ltr'><em>de</em></span> <span class='ocrx_word' id='word_1_168' title='bbox 1429 1340 1598 1379; x_wconf 87' lang='lat' dir='ltr'><em>aliorum</em></span> <span class='ocrx_word' id='word_1_169' title='bbox 1606 1339 1765 1393; x_wconf 85' lang='lat' dir='ltr'><em>judicio</em></span> <span class='ocrx_word' id='word_1_170' title='bbox 1784 1339 1863 1379; x_wconf 88' lang='lat' dir='ltr'><em>sol-</em></span> 
     </span>
     <span class='ocr_line' id='line_1_22' title="bbox 397 1407 1859 1462; baseline -0.001 -14"><span class='ocrx_word' id='word_1_171' title='bbox 397 1409 528 1448; x_wconf 89' lang='lat' dir='ltr'><em>licitus</em></span> <span class='ocrx_word' id='word_1_172' title='bbox 554 1410 627 1448; x_wconf 88' lang='lat' dir='ltr'><em>sim</em></span> <span class='ocrx_word' id='word_1_173' title='bbox 643 1411 662 1447; x_wconf 77' lang='lat'><strong><em>?</em></strong></span> <span class='ocrx_word' id='word_1_174' title='bbox 695 1407 742 1448; x_wconf 86' lang='lat' dir='ltr'><em>Si</em></span> <span class='ocrx_word' id='word_1_175' title='bbox 761 1423 843 1447; x_wconf 90' lang='lat' dir='ltr'><em>meo</em></span> <span class='ocrx_word' id='word_1_176' title='bbox 868 1408 1002 1462; x_wconf 88' lang='lat' dir='ltr'><em>aliquo</em></span> <span class='ocrx_word' id='word_1_177' title='bbox 1030 1414 1173 1447; x_wconf 87' lang='lat' dir='ltr'><em>conatu</em></span> <span class='ocrx_word' id='word_1_178' title='bbox 1209 1409 1248 1448; x_wconf 86' lang='lat' dir='ltr'><em>in</em></span> <span class='ocrx_word' id='word_1_179' title='bbox 1267 1408 1539 1462; x_wconf 75' lang='lat' dir='ltr'><em>promovenda</em></span> <span class='ocrx_word' id='word_1_180' title='bbox 1570 1414 1608 1447; x_wconf 85' lang='lat' dir='ltr'><em>et</em></span> <span class='ocrx_word' id='word_1_181' title='bbox 1636 1407 1859 1447; x_wconf 86' lang='lat' dir='ltr'><em>morborum</em></span> 
     </span>
     <span class='ocr_line' id='line_1_23' title="bbox 397 1475 1858 1529; baseline -0.002 -13"><span class='ocrx_word' id='word_1_182' title='bbox 397 1482 436 1516; x_wconf 88' lang='lat' dir='ltr'><em>et</em></span> <span class='ocrx_word' id='word_1_183' title='bbox 453 1477 660 1516; x_wconf 88' lang='lat' dir='ltr'><em>eorundem</em></span> <span class='ocrx_word' id='word_1_184' title='bbox 682 1477 931 1516; x_wconf 82' lang='lat' dir='ltr'><em>curationum</em></span> <span class='ocrx_word' id='word_1_185' title='bbox 948 1477 1112 1515; x_wconf 88' lang='lat' dir='ltr'><em>scientia</em></span> <span class='ocrx_word' id='word_1_186' title='bbox 1128 1475 1422 1529; x_wconf 87' lang='lat' dir='ltr'><em>aliquantulum</em></span> <span class='ocrx_word' id='word_1_187' title='bbox 1436 1475 1858 1528; x_wconf 67' lang='lat' dir='ltr'><em>promeritussuerim‚</em></span> 
     </span>
     <span class='ocr_line' id='line_1_24' title="bbox 399 1543 1861 1597; baseline -0.001 -14"><span class='ocrx_word' id='word_1_188' title='bbox 399 1544 513 1583; x_wconf 78' lang='lat' dir='ltr'><em>haud</em></span> <span class='ocrx_word' id='word_1_189' title='bbox 529 1544 598 1583; x_wconf 89' lang='lat' dir='ltr'><em>diu</em></span> <span class='ocrx_word' id='word_1_190' title='bbox 619 1545 696 1583; x_wconf 89' lang='lat' dir='ltr'><em>ista</em></span> <span class='ocrx_word' id='word_1_191' title='bbox 719 1543 836 1583; x_wconf 89' lang='lat' dir='ltr'><em>laude</em></span> <span class='ocrx_word' id='word_1_192' title='bbox 843 1543 978 1596; x_wconf 88' lang='lat' dir='ltr'><em>fruar</em></span> <span class='ocrx_word' id='word_1_193' title='bbox 991 1561 1006 1584; x_wconf 87' lang='lat'><em>:</em></span> <span class='ocrx_word' id='word_1_194' title='bbox 1039 1549 1157 1597; x_wconf 88' lang='lat' dir='ltr'><em>atque</em></span> <span class='ocrx_word' id='word_1_195' title='bbox 1177 1558 1196 1582; x_wconf 91' lang='lat' dir='ltr'><em>e</em></span> <span class='ocrx_word' id='word_1_196' title='bbox 1217 1544 1381 1591; x_wconf 68' lang='lat' dir='ltr'><em>diverso,</em></span> <span class='ocrx_word' id='word_1_197' title='bbox 1404 1544 1440 1582; x_wconf 89' lang='lat' dir='ltr'><em>si</em></span> <span class='ocrx_word' id='word_1_198' title='bbox 1468 1544 1535 1582; x_wconf 89' lang='lat' dir='ltr'><em>cui</em></span> <span class='ocrx_word' id='word_1_199' title='bbox 1559 1544 1690 1582; x_wconf 88' lang='lat' dir='ltr'><em>minus</em></span> <span class='ocrx_word' id='word_1_200' title='bbox 1714 1543 1861 1596; x_wconf 86' lang='lat' dir='ltr'><em>placu-</em></span> 
     </span>
     <span class='ocr_line' id='line_1_25' title="bbox 398 1611 1861 1665; baseline 0 -14"><span class='ocrx_word' id='word_1_201' title='bbox 398 1613 502 1652; x_wconf 87' lang='lat' dir='ltr'><em>erint</em></span> <span class='ocrx_word' id='word_1_202' title='bbox 521 1626 606 1651; x_wconf 90' lang='lat' dir='ltr'><em>mea</em></span> <span class='ocrx_word' id='word_1_203' title='bbox 627 1612 790 1665; x_wconf 85' lang='lat' dir='ltr'><em>scripta,</em></span> <span class='ocrx_word' id='word_1_204' title='bbox 805 1612 870 1650; x_wconf 68' lang='lat' dir='ltr'><em>viz</em></span> <span class='ocrx_word' id='word_1_205' title='bbox 886 1617 984 1664; x_wconf 90' lang='lat' dir='ltr'><em>puto</em></span> <span class='ocrx_word' id='word_1_206' title='bbox 1001 1625 1061 1650; x_wconf 91' lang='lat' dir='ltr'><em>me</em></span> <span class='ocrx_word' id='word_1_207' title='bbox 1080 1611 1164 1650; x_wconf 87' lang='lat' dir='ltr'><em>alia</em></span> <span class='ocrx_word' id='word_1_208' title='bbox 1186 1611 1417 1651; x_wconf 88' lang='lat' dir='ltr'><em>additurum</em></span> <span class='ocrx_word' id='word_1_209' title='bbox 1433 1628 1445 1658; x_wconf 83' lang='lat'><em>‚·</em></span> <span class='ocrx_word' id='word_1_210' title='bbox 1472 1625 1559 1651; x_wconf 90' lang='lat' dir='ltr'><em>cum</em></span> <span class='ocrx_word' id='word_1_211' title='bbox 1579 1626 1655 1651; x_wconf 85' lang='lat' dir='ltr'><em>non</em></span> <span class='ocrx_word' id='word_1_212' title='bbox 1670 1613 1861 1665; x_wconf 87' lang='lat' dir='ltr'><em>patiatur</em></span> 
     </span>
     <span class='ocr_line' id='line_1_26' title="bbox 398 1678 1861 1727; baseline 0 -8"><span class='ocrx_word' id='word_1_213' title='bbox 398 1681 503 1720; x_wconf 89' lang='lat' dir='ltr'><em>ratio</em></span> <span class='ocrx_word' id='word_1_214' title='bbox 524 1680 710 1719; x_wconf 87' lang='lat' dir='ltr'><em>sanitatis</em></span> <span class='ocrx_word' id='word_1_215' title='bbox 730 1693 848 1727; x_wconf 90' lang='lat' dir='ltr'><em>meae,</em></span> <span class='ocrx_word' id='word_1_216' title='bbox 872 1684 918 1718; x_wconf 87' lang='lat' dir='ltr'><em>ut</em></span> <span class='ocrx_word' id='word_1_217' title='bbox 936 1678 1081 1718; x_wconf 89' lang='lat' dir='ltr'><em>mundo</em></span> <span class='ocrx_word' id='word_1_218' title='bbox 1103 1678 1306 1718; x_wconf 84' lang='lat' dir='ltr'><em>ulteriores</em></span> <span class='ocrx_word' id='word_1_219' title='bbox 1325 1693 1406 1718; x_wconf 89' lang='lat' dir='ltr'><em>rem</em></span> <span class='ocrx_word' id='word_1_220' title='bbox 1429 1678 1618 1718; x_wconf 84' lang='lat' dir='ltr'><em>medicam</em></span> <span class='ocrx_word' id='word_1_221' title='bbox 1648 1680 1861 1719; x_wconf 86' lang='lat' dir='ltr'><em>tractando</em></span> 
     </span>
     <span class='ocr_line' id='line_1_27' title="bbox 397 1746 1858 1801; baseline 0 -14"><span class='ocrx_word' id='word_1_222' title='bbox 397 1747 593 1787; x_wconf 82' lang='lat' dir='ltr'><em>molestias</em></span> <span class='ocrx_word' id='word_1_223' title='bbox 600 1748 820 1800; x_wconf 85' lang='lat' dir='ltr'><em>facessam.</em></span> <span class='ocrx_word' id='word_1_224' title='bbox 869 1746 931 1786; x_wconf 91' lang='lat' dir='ltr'><em>Et</em></span> <span class='ocrx_word' id='word_1_225' title='bbox 943 1747 1122 1800; x_wconf 81' lang='lat' dir='ltr'><em>profecto</em></span> <span class='ocrx_word' id='word_1_226' title='bbox 1143 1747 1205 1786; x_wconf 78' lang='lat' dir='ltr'><em>vel</em></span> <span class='ocrx_word' id='word_1_227' title='bbox 1222 1748 1262 1786; x_wconf 90' lang='lat' dir='ltr'><em>in</em></span> <span class='ocrx_word' id='word_1_228' title='bbox 1283 1747 1355 1786; x_wconf 81' lang='lat' dir='ltr'><em>lzoc</em></span> <span class='ocrx_word' id='word_1_229' title='bbox 1384 1747 1623 1786; x_wconf 89' lang='lat' dir='ltr'><em>Tractatulo</em></span> <span class='ocrx_word' id='word_1_230' title='bbox 1643 1761 1755 1801; x_wconf 89' lang='lat' dir='ltr'><em>quem</em></span> <span class='ocrx_word' id='word_1_231' title='bbox 1763 1749 1858 1801; x_wconf 86' lang='lat' dir='ltr'><em>jam</em></span> 
     </span>
     <span class='ocr_line' id='line_1_28' title="bbox 398 1814 1861 1870; baseline 0.001 -15"><span class='ocrx_word' id='word_1_232' title='bbox 398 1817 479 1864; x_wconf 87' lang='lat' dir='ltr'><em>edo,</em></span> <span class='ocrx_word' id='word_1_233' title='bbox 501 1830 588 1855; x_wconf 90' lang='lat' dir='ltr'><em>cum</em></span> <span class='ocrx_word' id='word_1_234' title='bbox 613 1829 756 1855; x_wconf 89' lang='lat' dir='ltr'><em>manus</em></span> <span class='ocrx_word' id='word_1_235' title='bbox 787 1814 956 1854; x_wconf 86' lang='lat' dir='ltr'><em>tremula</em></span> <span class='ocrx_word' id='word_1_236' title='bbox 977 1815 1175 1854; x_wconf 87' lang='lat' dir='ltr'><em>calamum</em></span> <span class='ocrx_word' id='word_1_237' title='bbox 1204 1830 1335 1869; x_wconf 74' lang='lat' dir='ltr'><em>reqere</em></span> <span class='ocrx_word' id='word_1_238' title='bbox 1362 1816 1550 1870; x_wconf 82' lang='lat' dir='ltr'><em>nequiret,</em></span> <span class='ocrx_word' id='word_1_239' title='bbox 1573 1830 1733 1869; x_wconf 88' lang='lat' dir='ltr'><em>operam</em></span> <span class='ocrx_word' id='word_1_240' title='bbox 1760 1817 1861 1856; x_wconf 74' lang='lat' dir='ltr'><em>milli</em></span> 
     </span>
     <span class='ocr_line' id='line_1_29' title="bbox 398 1883 1859 1932; baseline 0.001 -9"><span class='ocrx_word' id='word_1_241' title='bbox 398 1884 683 1924; x_wconf 85' lang='lat' dir='ltr'><em>commodatam</em></span> <span class='ocrx_word' id='word_1_242' title='bbox 716 1884 766 1923; x_wconf 91' lang='lat' dir='ltr'><em>ab</em></span> <span class='ocrx_word' id='word_1_243' title='bbox 798 1884 1034 1923; x_wconf 87' lang='lat' dir='ltr'><em>amicissimo</em></span> <span class='ocrx_word' id='word_1_244' title='bbox 1065 1884 1150 1922; x_wconf 88' lang='lat' dir='ltr'><em>viro</em></span> <span class='ocrx_word' id='word_1_245' title='bbox 1184 1883 1268 1922; x_wconf 84' lang='lat' dir='ltr'><em>D&#39;¹⁰</em></span> <span class='ocrx_word' id='word_1_246' title='bbox 1289 1883 1474 1923; x_wconf 70' lang='grc' dir='ltr'><em>ιῙοῘιαηηε</em></span> <span class='ocrx_word' id='word_1_247' title='bbox 1505 1883 1661 1932; x_wconf 78' lang='lat' dir='ltr'><em>Drake,</em></span> <span class='ocrx_word' id='word_1_248' title='bbox 1695 1884 1859 1924; x_wconf 90' lang='lat' dir='ltr'><em>Bacca-</em></span> 
     </span>
     <span class='ocr_line' id='line_1_30' title="bbox 399 1950 1857 2005; baseline 0 -13"><span class='ocrx_word' id='word_1_249' title='bbox 399 1952 534 1992; x_wconf 85' lang='lat' dir='ltr'><em>laureo</em></span> <span class='ocrx_word' id='word_1_250' title='bbox 573 1954 614 1992; x_wconf 87' lang='lat' dir='ltr'><em>in</em></span> <span class='ocrx_word' id='word_1_251' title='bbox 655 1951 864 1992; x_wconf 69' lang='lat' dir='ltr'><em>Bledicina</em></span> <span class='ocrx_word' id='word_1_252' title='bbox 909 1966 955 1990; x_wconf 74' lang='lat' dir='ltr'><em>ex</em></span> <span class='ocrx_word' id='word_1_253' title='bbox 994 1950 1104 1990; x_wconf 81' lang='lat' dir='ltr'><em>Aede</em></span> <span class='ocrx_word' id='word_1_254' title='bbox 1150 1950 1302 1991; x_wconf 77' lang='lat' dir='ltr'><em>Christi</em></span> <span class='ocrx_word' id='word_1_255' title='bbox 1339 1951 1453 2004; x_wconf 89' lang='lat' dir='ltr'><em>apud</em></span> <span class='ocrx_word' id='word_1_256' title='bbox 1501 1950 1857 2005; x_wconf 64' lang='lat' dir='ltr'><em>Ca7ztab77yienses,</em></span> 
     </span>
     <span class='ocr_line' id='line_1_31' title="bbox 393 2018 1858 2073; baseline 0.001 -14"><span class='ocrx_word' id='word_1_257' title='bbox 393 2026 538 2073; x_wconf 75' lang='lat' dir='ltr'><em>9ratus</em></span> <span class='ocrx_word' id='word_1_258' title='bbox 569 2033 780 2073; x_wconf 72' lang='lat' dir='ltr'><em>aqnoscere</em></span> <span class='ocrx_word' id='word_1_259' title='bbox 809 2018 922 2057; x_wconf 88' lang='lat' dir='ltr'><em>debeo</em></span> <span class='ocrx_word' id='word_1_260' title='bbox 934 2037 949 2066; x_wconf 89' lang='lat'><em>,·</em></span> <span class='ocrx_word' id='word_1_261' title='bbox 982 2032 1094 2072; x_wconf 85' lang='lat' dir='ltr'><em>quem</em></span> <span class='ocrx_word' id='word_1_262' title='bbox 1119 2018 1275 2072; x_wconf 84' lang='lat' dir='ltr'><em>quidem</em></span> <span class='ocrx_word' id='word_1_263' title='bbox 1296 2020 1424 2058; x_wconf 79' lang='lat' dir='ltr'><em>virum</em></span> <span class='ocrx_word' id='word_1_264' title='bbox 1450 2024 1489 2058; x_wconf 90' lang='lat' dir='ltr'><em>et</em></span> <span class='ocrx_word' id='word_1_265' title='bbox 1514 2021 1673 2059; x_wconf 84' lang='lat' dir='ltr'><em>nativus</em></span> <span class='ocrx_word' id='word_1_266' title='bbox 1704 2034 1858 2060; x_wconf 89' lang='lat' dir='ltr'><em>morum</em></span> 
     </span>
     <span class='ocr_line' id='line_1_32' title="bbox 397 2086 1861 2141; baseline 0.001 -15"><span class='ocrx_word' id='word_1_267' title='bbox 397 2087 547 2126; x_wconf 84' lang='lat' dir='ltr'><em>candor</em></span> <span class='ocrx_word' id='word_1_268' title='bbox 573 2092 611 2126; x_wconf 88' lang='lat' dir='ltr'><em>et</em></span> <span class='ocrx_word' id='word_1_269' title='bbox 642 2088 745 2125; x_wconf 77' lang='lat' dir='ltr'><em>vitae</em></span> <span class='ocrx_word' id='word_1_270' title='bbox 772 2087 978 2139; x_wconf 74' lang='lat' dir='ltr'><em>inteym&#39;tas</em></span> <span class='ocrx_word' id='word_1_271' title='bbox 1009 2086 1181 2125; x_wconf 84' lang='lat' dir='ltr'><em>amicum</em></span> <span class='ocrx_word' id='word_1_272' title='bbox 1207 2100 1404 2140; x_wconf 83' lang='lat' dir='ltr'><em>perquam</em></span> <span class='ocrx_word' id='word_1_273' title='bbox 1436 2087 1702 2141; x_wconf 73' lang='lat' dir='ltr'><em>exoptabilem,</em></span> <span class='ocrx_word' id='word_1_274' title='bbox 1733 2089 1861 2128; x_wconf 86' lang='lat' dir='ltr'><em>animi</em></span> 
     </span>
     <span class='ocr_line' id='line_1_33' title="bbox 397 2152 1857 2209; baseline 0.002 -16"><span class='ocrx_word' id='word_1_275' title='bbox 397 2168 487 2193; x_wconf 77' lang='lat' dir='ltr'><em>vero</em></span> <span class='ocrx_word' id='word_1_276' title='bbox 514 2154 620 2193; x_wconf 86' lang='lat' dir='ltr'><em>dotes</em></span> <span class='ocrx_word' id='word_1_277' title='bbox 647 2159 729 2193; x_wconf 87' lang='lat' dir='ltr'><em>tam</em></span> <span class='ocrx_word' id='word_1_278' title='bbox 759 2167 786 2192; x_wconf 90' lang='lat' dir='ltr'><em>a</em></span> <span class='ocrx_word' id='word_1_279' title='bbox 813 2152 981 2193; x_wconf 80' lang='lat' dir='ltr'><em>Natura</em></span> <span class='ocrx_word' id='word_1_280' title='bbox 1010 2153 1331 2193; x_wconf 83' lang='lat' dir='ltr'><em>subministratae</em></span> <span class='ocrx_word' id='word_1_281' title='bbox 1362 2169 1481 2209; x_wconf 87' lang='lat' dir='ltr'><em>quam</em></span> <span class='ocrx_word' id='word_1_282' title='bbox 1511 2156 1641 2195; x_wconf 91' lang='lat' dir='ltr'><em>studio</em></span> <span class='ocrx_word' id='word_1_283' title='bbox 1668 2156 1857 2204; x_wconf 73' lang='lat' dir='ltr'><em>excultae,</em></span> 
     </span>
     <span class='ocr_line' id='line_1_34' title="bbox 398 2221 1857 2276; baseline 0.001 -14"><span class='ocrx_word' id='word_1_284' title='bbox 398 2223 572 2262; x_wconf 76' lang='lat' dir='ltr'><em>humano</em></span> <span class='ocrx_word' id='word_1_285' title='bbox 595 2223 734 2276; x_wconf 71' lang='lat' dir='ltr'><em>qeneri</em></span> <span class='ocrx_word' id='word_1_286' title='bbox 760 2221 894 2261; x_wconf 88' lang='lat' dir='ltr'><em>utilem</em></span> <span class='ocrx_word' id='word_1_287' title='bbox 926 2221 1139 2260; x_wconf 84' lang='lat' dir='ltr'><em>admodum</em></span> <span class='ocrx_word' id='word_1_288' title='bbox 1167 2221 1331 2261; x_wconf 86' lang='lat' dir='ltr'><em>reddent</em></span> <span class='ocrx_word' id='word_1_289' title='bbox 1359 2228 1397 2262; x_wconf 89' lang='lat' dir='ltr'><em>et</em></span> <span class='ocrx_word' id='word_1_290' title='bbox 1426 2222 1650 2274; x_wconf 76' lang='lat' dir='ltr'><em>beneficum,</em></span> <span class='ocrx_word' id='word_1_291' title='bbox 1673 2224 1742 2263; x_wconf 84' lang='lat' dir='ltr'><em>ubi</em></span> <span class='ocrx_word' id='word_1_292' title='bbox 1770 2239 1857 2264; x_wconf 87' lang='lat' dir='ltr'><em>eam</em></span> 
     </span>
     <span class='ocr_line' id='line_1_35' title="bbox 398 2289 1858 2342; baseline 0.002 -13"><span class='ocrx_word' id='word_1_293' title='bbox 398 2296 524 2330; x_wconf 90' lang='lat' dir='ltr'><em>artem</em></span> <span class='ocrx_word' id='word_1_294' title='bbox 559 2303 733 2329; x_wconf 73' lang='lat' dir='ltr'><em>exercere</em></span> <span class='ocrx_word' id='word_1_295' title='bbox 764 2289 978 2342; x_wconf 86' lang='lat' dir='ltr'><em>placuerit,</em></span> <span class='ocrx_word' id='word_1_296' title='bbox 1016 2302 1137 2342; x_wconf 89' lang='lat' dir='ltr'><em>quam</em></span> <span class='ocrx_word' id='word_1_297' title='bbox 1168 2289 1226 2328; x_wconf 89' lang='lat' dir='ltr'><em>ita</em></span> <span class='ocrx_word' id='word_1_298' title='bbox 1255 2290 1380 2342; x_wconf 85' lang='lat' dir='ltr'><em>probe</em></span> <span class='ocrx_word' id='word_1_299' title='bbox 1416 2291 1541 2330; x_wconf 90' lang='lat' dir='ltr'><em>callet.</em></span> <span class='ocrx_word' id='word_1_300' title='bbox 1603 2291 1672 2330; x_wconf 91' lang='lat' dir='ltr'><em>De</em></span> <span class='ocrx_word' id='word_1_301' title='bbox 1707 2299 1858 2332; x_wconf 88' lang='lat' dir='ltr'><em>caetero</em></span> 
     </span>
     <span class='ocr_line' id='line_1_36' title="bbox 399 2356 1858 2413; baseline 0.001 -16"><span class='ocrx_word' id='word_1_302' title='bbox 399 2357 601 2411; x_wconf 71' lang='lat' dir='ltr'><em>roqandus</em></span> <span class='ocrx_word' id='word_1_303' title='bbox 621 2371 672 2405; x_wconf 89' lang='lat' dir='ltr'><em>es,</em></span> <span class='ocrx_word' id='word_1_304' title='bbox 706 2356 778 2396; x_wconf 77' lang='lat' dir='ltr'><em>Vir</em></span> <span class='ocrx_word' id='word_1_305' title='bbox 804 2356 1110 2410; x_wconf 83' lang='lat' dir='ltr'><em>Spectatissz&#39;me,</em></span> <span class='ocrx_word' id='word_1_306' title='bbox 1133 2362 1178 2396; x_wconf 82' lang='lat' dir='ltr'><em>ut</em></span> <span class='ocrx_word' id='word_1_307' title='bbox 1196 2356 1289 2396; x_wconf 75' lang='lat' dir='ltr'><em>huic</em></span> <span class='ocrx_word' id='word_1_308' title='bbox 1309 2372 1390 2397; x_wconf 86' lang='lat' dir='ltr'><em>meo</em></span> <span class='ocrx_word' id='word_1_309' title='bbox 1410 2359 1451 2397; x_wconf 87' lang='lat' dir='ltr'><em>in</em></span> <span class='ocrx_word' id='word_1_310' title='bbox 1481 2358 1540 2397; x_wconf 88' lang='lat' dir='ltr'><em>Te</em></span> <span class='ocrx_word' id='word_1_311' title='bbox 1554 2358 1692 2413; x_wconf 78' lang='lat' dir='ltr'><em>officio,</em></span> <span class='ocrx_word' id='word_1_312' title='bbox 1713 2361 1751 2399; x_wconf 87' lang='lat' dir='ltr'><em>si</em></span> <span class='ocrx_word' id='word_1_313' title='bbox 1762 2375 1858 2413; x_wconf 92' lang='lat' dir='ltr'><em>per-</em></span> 
     </span>
     <span class='ocr_line' id='line_1_37' title="bbox 400 2424 1858 2479; baseline 0.002 -15"><span class='ocrx_word' id='word_1_314' title='bbox 400 2426 595 2465; x_wconf 85' lang='lat' dir='ltr'><em>molestior</em></span> <span class='ocrx_word' id='word_1_315' title='bbox 616 2425 788 2477; x_wconf 88' lang='lat' dir='ltr'><em>fuerim,</em></span> <span class='ocrx_word' id='word_1_316' title='bbox 825 2425 978 2463; x_wconf 76' lang='lat' dir='ltr'><em>veniam</em></span> <span class='ocrx_word' id='word_1_317' title='bbox 1012 2424 1394 2479; x_wconf 85' lang='lat' dir='ltr'><em>concedas:—quod</em></span> <span class='ocrx_word' id='word_1_318' title='bbox 1425 2431 1555 2466; x_wconf 85' lang='lat' dir='ltr'><em>tamen</em></span> <span class='ocrx_word' id='word_1_319' title='bbox 1588 2441 1665 2466; x_wconf 91' lang='lat' dir='ltr'><em>non</em></span> <span class='ocrx_word' id='word_1_320' title='bbox 1697 2427 1858 2467; x_wconf 85' lang='lat' dir='ltr'><em>aliunde</em></span> 
     </span>
     <span class='ocr_line' id='line_1_38' title="bbox 400 2491 1859 2549; baseline 0.002 -17"><span class='ocrx_word' id='word_1_321' title='bbox 400 2495 512 2532; x_wconf 86' lang='lat' dir='ltr'><em>nasci</em></span> <span class='ocrx_word' id='word_1_322' title='bbox 531 2493 722 2532; x_wconf 60' lang='lat' dir='ltr'><em>existimes</em></span> <span class='ocrx_word' id='word_1_323' title='bbox 743 2491 869 2539; x_wconf 79' lang='lat' dir='ltr'><em>velim,</em></span> <span class='ocrx_word' id='word_1_324' title='bbox 891 2505 1011 2545; x_wconf 85' lang='lat' dir='ltr'><em>quam</em></span> <span class='ocrx_word' id='word_1_325' title='bbox 1033 2506 1078 2530; x_wconf 75' lang='lat' dir='ltr'><em>ex</em></span> <span class='ocrx_word' id='word_1_326' title='bbox 1105 2492 1171 2531; x_wconf 85' lang='lat' dir='ltr'><em>illo</em></span> <span class='ocrx_word' id='word_1_327' title='bbox 1191 2493 1335 2532; x_wconf 81' lang='lat' dir='ltr'><em>bonore</em></span> <span class='ocrx_word' id='word_1_328' title='bbox 1355 2499 1392 2533; x_wconf 90' lang='lat' dir='ltr'><em>et</em></span> <span class='ocrx_word' id='word_1_329' title='bbox 1411 2495 1600 2548; x_wconf 87' lang='lat' dir='ltr'><em>obsequio,</em></span> <span class='ocrx_word' id='word_1_330' title='bbox 1622 2495 1763 2549; x_wconf 88' lang='lat' dir='ltr'><em>quibus</em></span> <span class='ocrx_word' id='word_1_331' title='bbox 1799 2495 1859 2534; x_wconf 84' lang='lat' dir='ltr'><em>Te</em></span> 
     </span>
     <span class='ocr_line' id='line_1_39' title="bbox 401 2561 1161 2615; baseline -0.003 -15"><span class='ocrx_word' id='word_1_332' title='bbox 401 2562 536 2600; x_wconf 85' lang='lat' dir='ltr'><em>merito</em></span> <span class='ocrx_word' id='word_1_333' title='bbox 556 2566 674 2615; x_wconf 86' lang='lat' dir='ltr'><em>atque</em></span> <span class='ocrx_word' id='word_1_334' title='bbox 693 2575 739 2600; x_wconf 70' lang='lat' dir='ltr'><em>ex</em></span> <span class='ocrx_word' id='word_1_335' title='bbox 758 2561 891 2599; x_wconf 88' lang='lat' dir='ltr'><em>animo</em></span> <span class='ocrx_word' id='word_1_336' title='bbox 905 2561 1161 2613; x_wconf 87' lang='lat' dir='ltr'><em>prosequitur</em></span> 
     </span>
    </p>
   </div>
   <div class='ocr_carea' id='block_1_5' title="bbox 1173 2651 1724 2772">
    <p class='ocr_par' dir='ltr' id='par_1_5' title="bbox 1173 2651 1724 2772">
     <span class='ocr_line' id='line_1_40' title="bbox 1284 2651 1701 2701; baseline 0.005 -11"><span class='ocrx_word' id='word_1_337' title='bbox 1284 2651 1378 2691; x_wconf 88' lang='lat' dir='ltr'><em>Tibi</em></span> <span class='ocrx_word' id='word_1_338' title='bbox 1395 2651 1701 2701; x_wconf 79' lang='lat' dir='ltr'><em>addictissimus,</em></span> 
     </span>
     <span class='ocr_line' id='line_1_41' title="bbox 1173 2718 1724 2772; baseline 0.004 -15"><span class='ocrx_word' id='word_1_339' title='bbox 1173 2718 1329 2772; x_wconf 89' lang='lat' dir='ltr'><em>Tuique</em></span> <span class='ocrx_word' id='word_1_340' title='bbox 1349 2719 1724 2768; x_wconf 87' lang='lat' dir='ltr'><em>observantissimus,</em></span> 
     </span>
    </p>
   </div>
   <div class='ocr_carea' id='block_1_6' title="bbox 1243 2786 1794 2828">
    <p class='ocr_par' dir='ltr' id='par_1_6' title="bbox 1243 2786 1794 2828">
     <span class='ocr_line' id='line_1_42' title="bbox 1243 2786 1794 2828; baseline 0.005 -3"><span class='ocrx_word' id='word_1_341' title='bbox 1243 2786 1386 2826; x_wconf 83' lang='lat' dir='ltr'><em>THO.</em></span> <span class='ocrx_word' id='word_1_342' title='bbox 1425 2787 1460 2826; x_wconf 85' lang='lat' dir='ltr'><strong><em>S</em></strong></span> <span class='ocrx_word' id='word_1_343' title='bbox 1465 2787 1794 2828; x_wconf 75' lang='lat' dir='ltr'><em>YDENHAM.</em></span> 
     </span>
    </p>
   </div>
   <div class='ocr_carea' id='block_1_7' title="bbox 542 2843 683 2878">
    <p class='ocr_par' dir='ltr' id='par_1_7' title="bbox 542 2843 683 2878">
     <span class='ocr_line' id='line_1_43' title="bbox 542 2843 683 2878; baseline 0 -7"><span class='ocrx_word' id='word_1_344' title='bbox 542 2843 683 2878; x_wconf 80' lang='lat' dir='ltr'><em>Londini,</em></span> 
     </span>
    </p>
   </div>
   <div class='ocr_carea' id='block_1_8' title="bbox 487 2901 742 2932">
    <p class='ocr_par' dir='ltr' id='par_1_8' title="bbox 487 2901 742 2932">
     <span class='ocr_line' id='line_1_44' title="bbox 487 2901 742 2932; baseline 0.008 -4"><span class='ocrx_word' id='word_1_345' title='bbox 487 2901 564 2929; x_wconf 73' lang='lat' dir='ltr'><em>,Unii</em></span> <span class='ocrx_word' id='word_1_346' title='bbox 581 2903 631 2932; x_wconf 76' lang='lat'><em>21.</em></span> <span class='ocrx_word' id='word_1_347' title='bbox 652 2902 742 2930; x_wconf 66' lang='lat'>1383.</span> 
     </span>
    </p>
   </div>
   <div class='ocr_carea' id='block_1_9' title="bbox 1904 0 1985 3308">
    <p class='ocr_par' dir='ltr' id='par_1_9' title="bbox 1904 0 1985 3308">
     <span class='ocr_line' id='line_1_45' title="bbox 1904 0 1985 3308; baseline 0 0"><span class='ocrx_word' id='word_1_348' title='bbox 1904 0 1985 3308; x_wconf 95' lang='lat' dir='ltr'><em> </em></span> 
     </span>
    </p>
   </div>
  </div>
 </body>
</html>
