1985 3308
400 127 691 170 EPISTOLA
722 127 785 167 II.
818 126 1252 167 RESPONSORIA.
1473 129 1557 169 317

96 239 360 290 potarentur.
424 232 551 276 Quod
572 232 743 286 quidem
764 245 842 284 ego
862 230 1047 271 fidenter
1066 244 1219 280 asser0,
1243 231 1557 283 quantumlibet
1598 243 1652 273 Da
1670 243 1745 273 Lon

95 318 147 345 ex
177 317 295 344 more
324 302 451 343 hodie
480 305 651 355 recepto
682 313 815 353 aquae
846 298 1071 339 minerales
1098 298 1144 338 in
1170 298 1284 339 dieto
1314 311 1415 338 casu
1441 298 1557 338 haud
1575 285 1759 316 stmm.

93 385 190 411 raro
210 370 567 427 praescribantur.

159 438 268 492 [aL]
306 438 460 491 Neque
488 450 583 477 sum
603 435 771 476 nescius
802 438 1012 487 quantum
1034 446 1078 474 se
1098 433 1321 474 venditent
1350 432 1555 486 practico-
1574 441 1692 488 ettaliis
1708 452 1758 490 qs-

93 519 190 546 rum
221 505 419 546 nonnulli
449 504 644 557 inhujus
675 501 970 556 symptomatis
1001 501 1231 551 curatione,
1255 515 1338 554 qua
1366 500 1555 541 breviore
1574 487 1738 562 {ragenn-

91 573 294 626 temporis
316 572 463 625 spatio,
487 586 570 624 qua
590 570 786 612 remediis
815 569 961 622 magni
990 569 1176 609 nominis
1204 573 1246 609 et
1267 569 1396 619 tituli,
1420 568 1554 609 absol-

91 639 228 680 venda
239 656 251 690 ς
283 639 455 679 interim
477 638 769 679 observatione
790 636 885 690 plus
913 636 1014 676 satis
1036 636 1249 689 frequenti
1270 641 1386 677 certo
1409 636 1555 689 depre-

90 706 222 747 hendi
256 705 480 746 materiam
517 719 624 758 quae
660 703 922 745 eliminanda
951 703 1046 754 fuit,
1079 704 1411 757 astringentium
1440 704 1479 744 vi
1509 704 1555 744 in

90 787 263 828 corpore
294 773 514 814 detentam
545 772 778 812 maximum
815 771 951 825 aegris
983 771 1147 812 dedisse
1181 772 1357 823 malum,
1389 785 1441 813 ex
1472 786 1555 825 quo

89 854 289 895 persaepe
322 840 543 893 sanguinis
568 853 753 880 massam
786 839 838 880 de
868 853 978 880 novo
1009 839 1181 880 subiens
1213 839 1349 893 ipsam
1380 839 1553 880 demum

90 909 227 950 Luem
247 908 371 962 parit.
432 907 527 947 Nec
552 907 711 960 majore
739 920 837 946 cum
861 906 1017 956 fructu,
1040 907 1138 947 lieet
1163 906 1350 960 periculo
1373 906 1550 957 minore,
1570 919 1645 949 item
1659 920 1749 959 elig-

90 975 312 1016 decoetum
342 974 558 1027 lignorum
589 973 872 1013 exiccantium
907 979 1160 1027 usurpatum
1196 975 1407 1028 comperi;
1454 990 1549 1028 quo,
1568 962 1726 1035 ἓέῖξὶῖιιζ

89 1043 249 1084 scilicet
271 1041 348 1083 sub
370 1046 594 1095 praetextu
616 1041 918 1094 specifieorum,
940 1046 1035 1081 tum
1055 1041 1300 1082 universum
1325 1041 1439 1094 aegri
1461 1055 1551 1082 cor-

87 1126 181 1165 pus,
202 1116 298 1152 tum
317 1124 418 1164 prae
439 1110 614 1151 caeteris
636 1110 788 1150 affecta
814 1124 923 1162 parS,
941 1110 1197 1164 jampridem
1227 1111 1355 1151 nimis
1375 1111 1551 1152 incales-

88 1180 241 1230 centia,
267 1179 445 1220 ulterius
476 1179 615 1220 adhuc
645 1178 1023 1219 inflammabantur
1038 1195 1049 1229 ;
1081 1193 1393 1233 nonnunquam
1421 1180 1550 1220 etiam

89 1248 379 1298 Gonorrhoea,
402 1261 509 1301 quae
534 1246 659 1300 paulo
681 1251 781 1286 ante
803 1252 1046 1297 evanuerat,
1073 1247 1201 1300 (quod
1220 1261 1290 1288 me
1311 1247 1550 1289 observasse

87 1316 292 1368 memini,)
318 1315 457 1355 denuo
477 1316 524 1355 in
545 1320 773 1367 conspectu
793 1315 962 1368 prodiit.

152 1383 260 1436 [22]
298 1382 738 1423 Animadvertendum
771 1387 834 1422 est
870 1387 1028 1433 autem,
1051 1383 1177 1436 quod,
1212 1384 1246 1424 si
1278 1385 1393 1438 aegri
1427 1386 1548 1438 glans
1568 1396 1745 1427 Methodus

87 1450 308 1504 praeputio
342 1450 617 1503 undiquaque
653 1453 917 1502 contegatur,
952 1454 1079 1503 atque
1115 1450 1307 1503 ejusdem
1340 1465 1414 1492 ora
1447 1466 1547 1505 prae
1565 1440 1697 1470 curandi

86 1517 422 1559 inflammatione
456 1531 591 1571 usque
623 1517 728 1558 adeo
751 1517 929 1568 tumida,
953 1517 1071 1568 dura,
1099 1532 1147 1559 ac
1177 1519 1344 1569 callosa,
1366 1519 1547 1561 reddan-
1564 1481 1731 1564 {izgiifftrio

85 1591 170 1637 tur,
201 1591 250 1627 ut
289 1587 409 1627 nullo
445 1586 571 1627 modo
612 1590 739 1639 queat
773 1585 919 1626 reduci
934 1603 946 1636 3
989 1586 1168 1626 laterem
1206 1587 1318 1627 lavat
1359 1588 1547 1642 quisquis
1565 1573 1754 1640 ἓῗῖζῗζζζ“’

87 1654 407 1696 Gonorrhoeam
431 1653 627 1694 remediis
658 1653 954 1707 purgantibus,
976 1653 1215 1694 fortissimis
1240 1655 1339 1695 licet
1371 1660 1413 1696 et
1445 1670 1547 1709 quo·
1564 1657 1704 1690 matam;

84 1721 188 1763 tidie
210 1722 264 1763 ad
284 1736 489 1763 nauseam
508 1721 711 1775 repetitis,
735 1721 997 1775 aggreditur,
1020 1722 1102 1762 nisi
1124 1722 1273 1763 eodem
1293 1726 1484 1777 tempore
1504 1724 1549 1764 id

85 1795 250 1844 agatur,
275 1795 325 1831 ut
352 1804 449 1844 pars
477 1790 540 1830 ita
564 1790 715 1830 affecta
742 1790 796 1830 ad
824 1794 985 1830 statum
1014 1790 1094 1830 sibi
1120 1791 1361 1832 naturalem
1388 1791 1548 1843 redeat,

86 1857 263 1898 sublatis
284 1863 327 1898 et
348 1857 502 1898 duritie
524 1862 567 1898 et
587 1863 769 1907 tumore,
790 1857 905 1898 unde
929 1858 1228 1899 Gonorrhoeae
1248 1873 1380 1900 novus
1400 1859 1549 1913 utique

84 1925 218 1966 fomes
240 1925 600 1966 subministratur.
663 1925 787 1967 Quod
820 1925 993 1978 quidem
1023 1940 1102 1979 ego
1132 1926 1338 1968 admolior
1363 1928 1457 1969 fotu
1484 1942 1547 1969 se-

87 1998 243 2047 quente
259 2010 327 2034 :—

91 2095 220 2134 [Form.
240 2095 333 2136 63.]⁸
365 2093 406 2144 R
435 2094 577 2128 Radicis
594 2092 775 2133 Althaeae,

439 2151 616 2194 [Radieis]
639 2151 820 2192 Liliorum,
837 2162 906 2185 ana
923 2152 1190 2196 sesqujuneiam‚

436 2208 612 2242 Foliorum
631 2208 784 2248 Malvae‚

437 2265 650 2308 [Foliorum]
672 2264 848 2306 Verbasci,

434 2322 650 2367 [Foliorum]
672 2322 848 2363 Sambuci,

434 2379 650 2421 [Foliorum]
672 2379 898 2424 Hyoscyami‚

433 2436 576 2471 Florum
594 2436 846 2478 Chamaemeli,

434 2494 612 2536 [Florum]
632 2494 795 2535 Meliloti,
813 2506 882 2528 ana
898 2496 1118 2541 manipulum
1138 2509 1260 2537 unum,

435 2552 619 2586 Seminum
638 2551 731 2592 Lini,

431 2608 651 2653 [Seminum]
672 2608 921 2654 Foeuugraeci,
938 2621 1004 2644 ana
1022 2612 1250 2646 semiunciam
1268 2627 1274 2653 ;

267 2667 386 2711 Coque
409 2666 600 2699 sufficiente
626 2667 822 2709 quantitate
847 2679 958 2711 aquae
985 2668 1150 2703 fontanae
1175 2676 1215 2703 ut
1238 2671 1299 2704 fiat
1324 2671 1427 2711 fotus,
1453 2673 1540 2716 parti

265 2724 409 2757 affectae
421 2722 659 2757 admovendus
676 2734 735 2767 per
752 2723 856 2758 horae
876 2725 978 2758 unius
996 2728 1148 2770 spatium
1166 2728 1219 2762 bis
1237 2728 1289 2761 vel
1309 2734 1360 2762 ter
1376 2729 1412 2762 in
1432 2729 1499 2763 (lie.

81 2813 257 2856 Peracta
292 2814 612 2864 fomentatione,
648 2819 813 2867 partem
849 2816 1045 2857 affectam
1081 2818 1172 2859 oleo
1210 2833 1232 2859 e
1269 2820 1427 2861 semine
1463 2821 1539 2862 lini

670 2905 679 2917 ³
706 2900 754 2931 Cf.
774 2901 864 2931 form.
886 2903 955 2931 225.
