1985 3308
194 278 248 308 De
267 278 367 308 Mon-

200 329 253 350 318
273 321 355 351 Em-

200 372 355 393 nemeis.

384 164 440 204 36
787 167 1045 209 THOMAE
1079 169 1419 212 SYDENHAM

386 285 498 313 anno
519 278 592 313 aut
624 278 737 314 certa
765 275 906 328 aliqua
930 290 1140 317 annorum
1172 277 1277 318 serie
1305 276 1496 330 ejusdem
1528 280 1629 316 sunt
1661 273 1842 327 generis,

387 353 499 380 anno
521 341 602 381 alio
623 342 760 395 specie
785 342 837 382 ab
867 343 958 384 aliis
989 344 1059 384 alii
1082 344 1437 398 distinguuntur?
1484 344 1620 385 Nulla
1638 343 1708 383 hic
1737 341 1845 382 mihi

386 422 578 461 unquam
609 410 835 450 methodus
857 425 988 464 aeque
1020 412 1243 453 commoda
1263 418 1327 453 est
1349 413 1437 452 visa
1465 417 1592 465 atque
1619 410 1693 450 illa
1724 423 1844 463 quae,

386 489 461 528 per
482 476 761 518 sufficientem
783 492 994 519 annorum
1015 494 1242 520 numerum
1263 485 1476 533 protensa,
1499 479 1645 520 eodem
1665 478 1758 518 illos
1779 491 1845 518 or-

388 543 487 584 dine
509 543 763 585 describeret
781 560 864 598 quo
886 560 929 587 se
950 547 1131 588 invicem
1148 547 1414 601 excipiebant
1431 554 1473 588 et
1494 546 1843 600 insequebantur.

390 611 516 653 Quod
543 617 592 653 ut
620 613 709 666 jam
738 627 813 666 pro
838 628 932 655 meo
960 615 1132 656 modulo
1161 616 1351 665 efficiam,
1376 615 1613 656 Historiam
1641 619 1684 654 et
1713 613 1845 653 Cura-

389 679 526 720 tiones
540 681 884 733 Epidemicorum
901 683 973 735 qui
990 683 1041 723 ab
1064 697 1177 724 anno
1195 684 1303 723 1661
1325 683 1377 724 ad
1399 697 1560 723 annum
1581 695 1715 735 usque
1734 681 1846 722 1676

392 748 480 800 (per
511 748 753 800 quindecim
774 749 968 790 videlicet
990 764 1201 790 annorum
1222 751 1436 804 spatium‚)
1463 749 1844 803 depopulabantur,

389 828 440 854 cx
468 816 891 866 accuratissimarum,
915 832 1018 870 quas
1049 818 1155 858 mihi
1182 818 1319 858 facere
1346 818 1479 867 licuit,
1503 817 1846 858 observationum

389 883 471 923 fide
493 883 584 923 orbi
606 884 772 925 erudito
799 885 992 926 tradam:
1026 899 1125 925 cum
1156 886 1262 925 mihi
1292 885 1551 939 impossibile
1581 885 1707 939 plane
1731 883 1847 925 vide-

389 954 486 990 atur
502 951 700 991 effectum
721 951 765 991 id
786 952 898 1002 clare,
916 952 981 992 vel
997 966 1142 992 causas
1157 953 1389 993 eorundem
1403 957 1573 993 exortus
1590 951 1847 1005 assignando

390 1031 414 1058 a
444 1018 679 1059 manifestis
716 1019 823 1060 aeris
855 1019 1131 1072 qualitatibus
1163 1020 1421 1074 desumptaS,
1453 1021 1519 1061 vel
1549 1020 1685 1060 multo
1716 1019 1846 1060 etiam

389 1085 531 1126 minus
559 1100 583 1126 a
606 1086 853 1140 particulari
884 1087 1026 1140 aliqua
1056 1087 1269 1141 dyscrasia
1298 1088 1344 1128 in
1376 1088 1584 1142 sanguine
1616 1092 1743 1141 atque
1766 1087 1847 1127 hu-

389 1153 591 1204 moribus,
613 1154 697 1194 nisi
717 1155 762 1194 in
784 1160 994 1208 quantum
1016 1161 1200 1196 secretae
1222 1157 1331 1197 a'e'ris
1357 1156 1606 1197 influentiae
1627 1156 1700 1196 illa
1721 1155 1846 1196 debe-

390 1227 521 1263 retur.
583 1222 700 1265 Qujn
725 1229 767 1264 et
798 1224 933 1277 magis
964 1225 1102 1265 adhuc
1134 1225 1184 1278 (si
1207 1225 1270 1265 fas
1295 1230 1359 1266 est
1391 1225 1557 1278 dicere,)
1588 1224 1847 1278 impossibile

390 1290 518 1331 fuerit
532 1292 743 1332 variorum
758 1292 1103 1345 Epidemicorum
1125 1293 1284 1346 species
1305 1293 1486 1344 tradere,
1505 1293 1577 1346 qui
1599 1307 1623 1333 a
1644 1291 1847 1346 specificis

392 1358 500 1398 acris
517 1359 839 1400 alterationibus
860 1360 1069 1410 oriuntur,
1087 1361 1359 1414 quantumvis
1379 1361 1424 1401 in
1438 1360 1611 1414 proclivi
1630 1359 1737 1400 illud
1758 1373 1847 1400 esse

390 1425 596 1477 videatur,
625 1427 716 1467 istis
747 1427 940 1468 videlicet
972 1429 1043 1481 qui
1059 1428 1242 1480 febrium
1273 1429 1450 1469 nomina
1482 1433 1669 1469 attexere
1701 1428 1847 1468 norint

390 1495 649 1545 notionibus,
686 1496 732 1536 in
773 1497 1060 1550 speculatione
1096 1497 1276 1538 istarum
1312 1497 1615 1538 alterationum
1655 1511 1762 1550 quae
1801 1496 1848 1536 in

393 1563 600 1615 sanguine
631 1563 819 1604 humano
853 1570 979 1618 atque
1021 1566 1110 1618 ejus
1152 1566 1402 1606 humoribus
1435 1580 1510 1619 per
1539 1566 1650 1606 hanc
1680 1565 1848 1605 illamve

391 1630 695 1683 principiorum
731 1631 1104 1684 degenerationem
1145 1633 1242 1683 fieri,
1272 1638 1462 1686 possunt,
1499 1633 1609 1673 male
1643 1632 1846 1672 fundatis.

393 1697 490 1738 Quo
522 1698 692 1751 quidem
722 1704 858 1752 pacto,
881 1713 979 1740 cum
1010 1714 1098 1740 non
1129 1700 1343 1741 Naturam
1374 1714 1614 1754 sequamur,
1643 1699 1849 1753 optimam

392 1832 515 1872 nobis
546 1838 672 1873 erunt
708 1833 952 1874 morborum
990 1835 1147 1887 species
1185 1840 1287 1888 quot
1318 1835 1581 1875 comminisci
1615 1834 1848 1888 placuerit:

393 1912 487 1939 eam
517 1899 640 1939 nobis
670 1900 843 1940 interim
875 1915 1120 1954 arrogamus
1150 1902 1380 1952 licentiam,
1414 1916 1541 1955 quam
1571 1915 1698 1942 nemo
1725 1902 1850 1942 facile

393 1965 592 2007 botanico
613 1968 879 2018 concesserit,
898 1983 922 2008 a
944 1983 1026 2022 quo
1047 1970 1093 2009 in
1115 1969 1392 2010 describenda
1414 1970 1658 2023 plantarum
1673 1969 1852 2010 historia

394 2047 596 2074 sensuum
611 2035 865 2088 requirimus
885 2036 1192 2086 testimonium,
1209 2051 1256 2078 30
1277 2037 1417 2087 fidem,
1432 2052 1520 2078 non
1539 2037 1716 2077 rationis
1737 2051 1850 2078 corn-

393 2101 715 2151 mcntationem,
758 2103 1073 2155 quantumlibet
1112 2104 1195 2144 ista
1234 2105 1391 2158 polleat
1432 2110 1560 2158 atque
1597 2104 1688 2145 aliis
1723 2105 1851 2158 longe

393 2169 632 2209 antecellat.

458 2236 565 2289 [23]
606 2235 737 2278 Haud
757 2238 954 2291 equidem
975 2243 1146 2280 tantum
1167 2240 1272 2280 mihi
1288 2255 1422 2291 sumo,
1436 2245 1486 2281 ut
1506 2254 1574 2280 me
1595 2240 1640 2280 in
1656 2240 1722 2280 his
1744 2253 1852 2294 quae

388 2303 478 2356 jam
499 2304 621 2345 trado
642 2319 813 2346 omnem
834 2306 1060 2348 absolvisse
1080 2322 1309 2348 numerum
1331 2308 1581 2356 existimem,
1599 2307 1709 2348 forte
1729 2322 1784 2348 ne
1804 2308 1851 2348 in

393 2373 653 2413 recensenda
688 2373 859 2426 quidem
893 2375 1091 2415 universa
1120 2375 1464 2428 Epidemicorum
1497 2375 1680 2424 familia;
1713 2375 1851 2416 multo

394 2440 535 2479 minus
565 2441 611 2480 in
641 2455 710 2481 me
742 2442 910 2494 recipio,
933 2447 983 2482 ut
1004 2443 1077 2495 qui
1107 2443 1244 2483 morbi
1276 2443 1440 2497 elapsis,
1464 2443 1515 2483 de
1549 2443 1702 2496 quibus
1726 2443 1850 2484 nobis

395 2520 531 2547 sermo
561 2512 626 2548 est
654 2509 789 2558 annis,
818 2509 966 2550 ordine
993 2510 1105 2549 infra
1131 2510 1310 2551 dicendo
1332 2525 1375 2551 se
1399 2516 1551 2551 mutuo
1579 2515 1849 2564 exceperunt,

393 2575 582 2615 venturis
611 2576 787 2616 saeculis
816 2577 999 2617 eundem
1027 2582 1232 2631 perpetuo
1263 2579 1531 2619 servaverint.
1594 2579 1743 2619 Unum
1770 2579 1850 2619 hoc

394 2642 556 2691 molior,
578 2648 639 2693 ut,
663 2658 745 2696 quo
775 2650 899 2697 pacto
929 2645 1033 2685 haec
1064 2659 1108 2685 se
1144 2659 1209 2685 res
1240 2645 1391 2687 habuit
1421 2661 1568 2700 nuper,
1593 2647 1850 2700 astipulante

395 2722 626 2760 paucorum
658 2712 817 2764 aliquot
846 2726 1057 2753 annorum
1085 2712 1390 2764 observatione,
1421 2728 1628 2763 enarrem,
1652 2714 1765 2766 quod
1795 2714 1850 2754 ad

396 2774 472 2814 has
494 2776 651 2817 scilicet
672 2779 864 2830 regiones
886 2785 1048 2832 spectat
1070 2785 1111 2819 et
1132 2780 1243 2820 hanc
1264 2781 1311 2820 in
1337 2796 1422 2835 qua
1443 2781 1636 2834 degimus
1659 2781 1848 2831 Urbem;

395 2846 445 2881 ut
466 2856 622 2893 mcum,
646 2845 767 2896 quale
785 2846 906 2898 quale
928 2847 995 2896 sit,
1014 2847 1254 2900 symbolum
1271 2848 1485 2889 conferam
1507 2848 1559 2889 ad
1577 2862 1681 2902 opus
1702 2849 1848 2890 incho-

398 2909 570 2959 andum,
608 2912 718 2963 quod
764 2913 812 2963 (si
844 2913 946 2966 quid
982 2927 1059 2965 ego
1090 2914 1322 2967 judicando
1357 2916 1502 2970 valco,)
1537 2916 1582 2955 in
1615 2916 1848 2957 maximum
