1985 3308
212 284 395 312 vsuuomn

216 326 395 356 ReorLAR.

213 368 395 397 Axxomm

239 410 373 441 ’67:652

213 2772 384 2803 Confluen-

212 2815 294 2845 tium
310 2815 375 2845 his-

212 2857 301 2888 toria.

419 168 499 208 122
829 167 1098 221 THOMAE,
1120 167 1460 209 SYDENHAM

416 274 467 314 ad
503 273 617 314 hunc
654 273 764 314 diem
800 275 994 328 pustulae
1035 290 1140 328 quae
1171 276 1321 316 faciem
1356 276 1620 325 obsederant,
1651 275 1786 315 laeves
1819 274 1872 313 ad

415 348 576 383 tactum
597 342 714 382 fuere
735 348 861 395 atque
880 342 1045 392 rubrae,
1058 343 1147 396 jam
1168 356 1264 383 vero
1286 343 1513 395 asperiores
1535 341 1718 382 evadunt
1744 340 1872 393 (quod

417 411 586 465 quidem
607 411 791 463 primum
806 416 867 451 est
888 410 1127 463 incipientis
1144 410 1438 450 matmationis
1458 409 1692 459 indicium,)
1711 413 1752 448 et
1773 407 1871 447 sub-

416 479 579 519 albidae
591 495 602 528 ;
632 479 836 531 paulatim
867 479 1038 531 insuper
1060 491 1229 518 succum
1262 478 1472 530 quendam
1492 477 1669 526 luteum,
1691 475 1826 516 colore
1847 489 1872 514 a

415 547 508 587 favo
535 561 622 586 non
653 546 936 595 abludentem,
960 551 1172 585 evomunt.
1235 544 1372 584 Faciei
1399 544 1570 583 interim
1595 548 1635 583 et
1667 555 1873 582 manuum

416 614 692 654 inflammatio
723 614 776 654 ad
807 627 1020 654 summum
1052 618 1193 653 evecta
1221 612 1392 665 apicem,
1418 612 1599 652 colorem
1627 610 1796 652 exhibet
1827 610 1873 650 in

416 682 681 735 pustulariun
714 682 952 722 interstitiis
994 681 1093 720 satis
1133 679 1342 728 floridum,
1385 684 1425 719 et
1466 693 1656 719 rosarum
1696 679 1874 719 Damas-

417 763 617 789 cenarum
648 748 873 788 aemulum.
934 748 990 788 Et
1022 762 1122 788 sane
1153 762 1235 800 quo
1266 748 1452 787 mitiores
1484 753 1583 786 sunt
1608 747 1804 787 Variolae
1832 750 1874 786 et

418 817 627 869 genuinae
654 816 801 868 magis,
824 830 872 855 eo
898 816 1025 855 etiam
1053 816 1187 867 magis
1217 820 1311 855 tum
1341 815 1454 867 ipsae
1481 814 1687 867 pustulae,
1708 819 1802 854 tum
1833 818 1876 854 et

417 883 524 924 cutis
555 883 601 922 in
631 883 860 922 earundem
887 883 1138 931 interstitiis,
1163 882 1322 921 dietum
1350 882 1530 922 colorem
1561 881 1614 921 ad
1640 881 1781 921 vivum
1805 894 1874 921 ex-

417 951 619 1003 primunt,
643 950 809 1002 qualem
825 949 915 1002 jam
941 948 1151 1001 descripsi.
1215 948 1292 988 Uti
1322 962 1419 988 vero
1441 961 1547 1001 quae
1573 947 1724 987 faciem
1754 961 1874 988 occu-

416 1022 570 1070 parimt
609 1016 816 1070 pustulae,
864 1016 1091 1068 asperiores
1133 1014 1318 1067 quotidie
1365 1027 1412 1054 ac
1450 1014 1586 1066 magis
1631 1013 1760 1053 flavae
1798 1027 1875 1066 pro

416 1085 712 1125 maturationis
733 1085 896 1124 ratione
909 1101 919 1133 3
951 1084 1011 1123 ita
1039 1097 1061 1124 e
1089 1089 1247 1132 contra,
1274 1096 1380 1136 quae
1410 1096 1561 1122 manus
1592 1086 1634 1122 et
1665 1081 1875 1134 reliquum

417 1167 579 1206 corpus,
601 1153 743 1193 minus
764 1166 932 1205 asperae
954 1152 1156 1205 albaeque
1175 1151 1310 1203 magis
1331 1150 1647 1203 conspiciuntur
1666 1149 1815 1190 indies.

483 1221 561 1274 [5.]
600 1221 681 1261 Die
715 1220 939 1260 undecimo
971 1219 1092 1260 faciei
1123 1225 1266 1259 timior
1301 1223 1427 1271 atque
1458 1217 1734 1257 inflammatio
1775 1217 1874 1257 satis

418 1293 560 1341 aperte
586 1287 803 1337 recedunt,
826 1292 867 1327 et
888 1287 1082 1340 pustulae
1102 1291 1192 1326 tam
1218 1285 1338 1326 faciei
1361 1299 1487 1338 quam
1507 1285 1657 1338 reliqui
1678 1285 1873 1338 eorporis,

413 1356 502 1408 jam
523 1355 813 1395 matiuitatem
844 1360 885 1395 et
902 1354 1062 1407 justam
1081 1353 1422 1406 magnitudinem
1443 1352 1630 1405 adeptae,
1656 1353 1779 1405 (quae
1808 1351 1875 1392 his

419 1423 541 1463 annis
572 1422 625 1462 ad
648 1423 787 1476 pisum
815 1422 1159 1476 grandiusculum
1188 1421 1468 1473 ascendebat)
1494 1427 1741 1462 exareseunt
1766 1421 1874 1461 deci-

419 1490 636 1543 dimtque3
669 1496 794 1542 atque
821 1490 865 1529 in
892 1489 971 1529 hac
995 1489 1263 1529 Yariolamm
1285 1489 1421 1541 specie
1449 1488 1515 1528 die
1537 1488 1698 1528 decimo
1725 1492 1875 1540 quarto

418 1557 482 1596 rel
513 1557 675 1597 decimo
706 1557 854 1609 quinto
884 1561 931 1596 ut
962 1556 1191 1609 phu'imum
1227 1556 1419 1596 funditus
1454 1560 1645 1609 pereunt.
1707 1555 1873 1596 Verun-

417 1628 562 1662 tamen
583 1637 789 1662 manuum
815 1622 1022 1675 pustulae,
1044 1629 1303 1663 caeterarum
1330 1623 1516 1676 partium
1539 1624 1719 1678 pustulis
1746 1624 1873 1677 perti·

418 1689 605 1730 naciores
633 1689 892 1742 plerumque,
914 1695 1102 1728 recentes
1131 1689 1267 1728 adhuc
1296 1689 1509 1741 albaeque,
1533 1690 1615 1729 diei
1644 1691 1772 1730 unius
1801 1695 1874 1730 aut

417 1758 588 1797 alterius
609 1771 727 1797 mora
755 1757 846 1797 illas
866 1757 1055 1796 vincunt.
1118 1758 1255 1797 Faciei
1277 1763 1318 1798 et
1350 1759 1500 1811 reliqui
1520 1760 1702 1812 corporis
1727 1764 1873 1812 pustu-

416 1825 480 1865 lae
512 1824 868 1877 desquamatione,
904 1828 945 1864 at
978 1838 1075 1864 vero
1116 1839 1322 1864 manuum
1354 1839 1459 1877 quae
1491 1831 1603 1875 sunt,
1634 1826 1873 1879 diruptione

417 1891 579 1931 abitum
621 1891 700 1930 sibi
738 1896 902 1944 parant.
964 1890 1150 1930 Pustulis
1196 1891 1317 1931 faciei
1358 1892 1588 1932 succedmit
1629 1893 1873 1946 squamulae

415 1960 688 2009 furfuraceae,
716 1973 817 2012 quas
849 1959 1073 2012 aliquando
1101 1959 1315 2012 excipiunt
1347 1960 1489 2000 foveae
1517 1961 1637 2001 cutis
1699 1961 1873 2002 Etenim

415 2027 490 2068 ubi
520 2027 704 2080 primum
738 2026 937 2066 decidunt
961 2026 1168 2078 pustulae,
1204 2026 1323 2066 nulla
1358 2026 1495 2067 adhuc
1526 2027 1573 2066 111
1607 2032 1703 2068 cute
1739 2029 1871 2068 cerni-

415 2101 486 2135 tur
514 2094 790 2147 inaequalitas
802 2111 813 2144 3
846 2099 887 2134 at
912 2107 1008 2134 vero
1036 2093 1280 2147 hujusmodi
1310 2093 1540 2146 squamulis
1572 2095 1873 2148 exurgentibus

415 2161 793 2214 recedentibusque
833 2160 1028 2210 vicissim,
1069 2160 1244 2201 tandem
1288 2166 1541 2201 excavantur
1586 2162 1729 2203 foveae
1767 2163 1872 2203 istae

415 2243 521 2282 quae
556 2242 856 2282 saepenumero
895 2229 942 2268 in
976 2228 1360 2268 convalescentibus
1401 2228 1452 2269 ab
1493 2229 1572 2269 hoe
1611 2231 1759 2270 morbo
1799 2231 1872 2271 diu

415 2297 634 2337 visuntur:
669 2296 856 2350 quamvis
882 2310 976 2336 raro
998 2296 1226 2336 admodum
1246 2295 1442 2336 Variolae
1463 2296 1763 2338 Interstinctae
1787 2298 1873 2338 ulla

416 2364 479 2403 sui
510 2364 705 2417 linquant
733 2364 921 2416 vestigia,
955 2368 1081 2416 atque
1109 2363 1204 2403 illae
1231 2363 1362 2403 ferme
1394 2363 1517 2413 solae,
1544 2378 1650 2416 quae
1679 2378 1750 2405 sex
1777 2379 1870 2418 pos-

413 2432 559 2471 tremis
593 2433 694 2472 anni
723 2432 939 2472 mensibus
980 2432 1194 2480 invasere,
1240 2445 1336 2471 cum
1377 2445 1482 2484 quae
1521 2430 1597 2471 hos
1637 2438 1870 2485 praeverte-

415 2499 514 2549 rint,
540 2500 678 2539 nullas
708 2500 795 2539 euti
822 2505 944 2539 notas
970 2499 1216 2552 imprimant
1244 2499 1326 2538 nisi
1360 2498 1468 2539 forte
1496 2499 1788 2550 confluxerint,
1821 2506 1870 2541 ut

416 2572 561 2618 postea
590 2567 632 2621 [ξ
659 2566 745 2619 10.]
779 2566 954 2606 dicetur.
1017 2566 1281 2606 Deciu'r'ente
1308 2566 1456 2606 morbo
1489 2567 1617 2616 omni,
1650 2581 1774 2620 aeger
1804 2569 1870 2609 vel

417 2634 696 2686 constipatam
719 2647 888 2686 prorsus
908 2633 1036 2673 habet
1059 2633 1211 2683 alvum,
1229 2633 1294 2673 vel
1314 2634 1463 2674 saltem
1480 2634 1690 2675 rarissime
1712 2635 1867 2688 dejicit.

417 2700 561 2752 Atque
581 2701 684 2741 haec
706 2701 757 2741 de
778 2701 960 2741 Variolis
982 2701 1187 2741 Discretis
1209 2700 1322 2741 dicta
1342 2706 1481 2741 sunto.

486 2767 564 2820 [6.]
603 2769 642 2807 2.
678 2768 971 2821 Symptomata
1006 2782 1103 2808 cum
1135 2768 1338 2808 Discretis
1377 2769 1619 2809 communia
1657 2768 1785 2810 habet
1826 2775 1868 2811 et

414 2833 485 2873 illa
497 2834 765 2874 Variolarum
782 2836 938 2888 species
955 2850 1057 2889 quas
1075 2835 1325 2888 Confluentes
1337 2836 1647 2889 appellavimus,
1661 2837 1744 2876 nisi
1757 2837 1868 2890 quod

415 2900 483 2941 1116
505 2903 708 2942 atrociora
726 2903 810 2944 sint
833 2904 975 2944 omnia
987 2921 998 2953 3
1030 2903 1158 2944 febris
1180 2904 1350 2955 scilicet,
1373 2904 1573 2954 anxietas,
1588 2910 1714 2959 atque
1735 2905 1867 2958 aegri-
