1985 3308
258 171 780 217 OBSERVATIONUM
813 167 1188 211 MEDICARUM
1228 169 1291 202 Vl.
1318 174 1350 211 6,
1377 173 1408 202 7.
1469 165 1550 205 265

102 283 299 336 stragulis
326 296 452 336 quam
483 281 634 336 soleret
665 282 901 331 coopertus,
929 277 974 316 in
1002 275 1157 315 lectulo
1186 273 1265 313 levi
1292 271 1455 312 madori
1490 271 1552 310 in-
1603 278 1730 336 Fasms

103 351 276 404 dulgeat
306 364 380 404 per
407 349 568 390 dictum
598 353 778 400 tempus.
843 344 924 384 His
957 343 1102 392 finitis,
1130 342 1163 381 si
1191 339 1386 395 pustulae
1418 337 1554 378 adhuc
1576 320 1766 392 Effiffspsb

102 433 190 459 non
230 419 490 468 evanuerint,
534 415 726 470 sequenti
766 413 990 454 linimento
1029 417 1170 465 partes
1211 410 1384 450 affectae
1430 407 1556 447 inun-

104 492 260 539 gantur
279 503 348 527 :—

107 614 355 659 [F012-m.47.]⁰
386 612 426 662 R
457 613 639 658 Unguenti
658 623 701 646 ex
719 610 940 656 Oxylapatho
958 610 1078 643 uncias
1097 608 1194 649 duas,

456 670 638 715 Unguenti
660 669 796 703 Pomati
816 669 954 702 unciam
973 678 1092 707 unam,

455 727 596 761 Florum
615 726 798 771 Sulphuris
816 724 998 758 drachmas
1016 729 1095 763 tres,

456 784 534 819 olei
551 783 680 818 Rhodii
697 788 814 829 guttas
832 782 949 816 decem
964 795 971 822 3

294 842 374 877 Fiat
389 842 623 877 linimentum.

107 961 401 1002 Veruntamen
428 960 738 1001 medicamenta
766 959 1020 1013 praescripta
1046 956 1161 998 haud
1186 961 1457 1010 usurpentur,
1484 954 1566 995 nisi

106 1029 442 1070 venae-sectione
473 1034 600 1082 atque
630 1027 811 1068 catharsi
838 1027 919 1067 rite
950 1025 1187 1080 praemissis
1201 1042 1211 1075 3
1245 1039 1363 1078 quae,
1395 1023 1566 1064 tametsi

107 1098 243 1138 solum
279 1095 494 1138 adhibitae
524 1096 786 1137 curationem
820 1110 908 1136 non
944 1095 1181 1143 absolvunt,
1213 1107 1387 1146 aegrum
1422 1097 1566 1132 tamen

107 1170 256 1206 contra
294 1164 446 1205 febrim
486 1164 799 1218 praemuniant,
836 1163 889 1204 ob
930 1177 1057 1203 usum
1099 1161 1431 1202 medicaminum
1468 1159 1565 1201 cali-

110 1233 261 1274 dorum
282 1232 384 1274 alias
405 1245 687 1273 occursuram.

172 1299 250 1354 [8.]
289 1299 367 1340 Est
389 1303 431 1340 et
452 1299 534 1339 alia
559 1298 793 1352 eruptionis
819 1299 990 1352 species,
1014 1298 1093 1339 etsi
1114 1297 1255 1338 minus
1282 1297 1491 1350 frequens,
1515 1295 1568 1336 ad

108 1369 228 1422 eujus
248 1366 457 1407 medelam
477 1367 619 1408 nullae
639 1379 809 1420 prorsus
832 1366 1124 1407 evacuationes
1146 1365 1385 1406 conferunt.
1448 1364 1567 1405 Haec

107 1435 279 1477 tametsi
305 1435 351 1475 in
379 1434 470 1475 aliis
499 1434 753 1488 quandoque
782 1434 988 1488 partibus,
1014 1439 1064 1475 ut
1088 1433 1321 1487 plurimum
1348 1438 1494 1473 tamen
1520 1432 1567 1472 in

107 1508 275 1558 pectore
296 1506 482 1556 apparet,
506 1516 553 1544 ac
573 1503 665 1544 loco
687 1503 827 1556 aliquo
849 1502 1130 1543 determinato
1152 1515 1195 1542 se
1216 1501 1322 1555 figit,
1345 1501 1412 1541 vix
1433 1500 1567 1541 cutim

110 1571 438 1626 supereminens,
468 1576 594 1625 atque
623 1571 818 1612 latiorem
853 1571 1065 1611 maculam
1093 1584 1194 1624 prae
1229 1584 1273 1610 se
1302 1570 1455 1620 ferens,
1484 1570 1567 1610 nisi

112 1639 224 1694 quod
237 1639 550 1693 aliquantulum
570 1639 846 1693 porriginosa,
862 1653 909 1679 ae
927 1639 1045 1692 quasi
1061 1638 1311 1689 furfinacea,
1327 1652 1424 1678 cum
1446 1652 1567 1691 squa-

109 1708 235 1748 mulis
262 1708 398 1748 colore
426 1707 479 1748 ad
506 1708 661 1748 flamm
688 1713 888 1761 vergente
912 1708 1071 1758 tinctis,
1095 1707 1293 1748 cernitur.
1358 1707 1453 1747 Hae
1483 1707 1569 1747 sive

112 1775 288 1826 macula,
311 1776 395 1816 sive
421 1775 682 1829 impetigine,
704 1776 887 1829 figente,
910 1783 1035 1829 aeger
1058 1775 1166 1817 bene
1193 1790 1236 1816 se
1256 1775 1398 1826 habet,
1422 1775 1570 1816 eadem

110 1858 207 1885 vero
228 1849 516 1894 evanescente,
542 1845 606 1897 (ut
634 1858 756 1898 saepe
776 1845 854 1898 fit,)
878 1845 1100 1885 lem'culam
1127 1844 1437 1898 aegritudinem
1461 1844 1569 1898 pati-

111 1916 196 1962 tur,
224 1916 349 1964 atque
374 1911 500 1952 urina
525 1912 615 1965 ejus
636 1912 846 1953 turbidior
879 1917 921 1953 et
946 1912 1236 1963 rubicundior,
1262 1912 1336 1953 sed
1368 1912 1422 1953 ad
1446 1913 1570 1953 flave-

114 1978 258 2019 dinem
279 1977 493 2029 accedenS,
515 1979 720 2020 redditur.
767 1980 823 2020 In
842 1980 970 2034 hujus
992 1980 1122 2020 etiam
1142 1980 1318 2021 affectus
1339 1980 1570 2031 curatione,

114 2047 262 2088 eadem
286 2046 364 2096 via,
392 2052 518 2100 atque
543 2046 694 2088 iisdem
718 2052 814 2101 post
842 2047 1136 2089 evacuationes
1164 2048 1421 2088 universales
1446 2048 1572 2101 plane

113 2114 321 2164 remediis,
343 2114 641 2166 insistendum,
665 2129 713 2156 ae
742 2115 789 2156 in
818 2116 988 2169 pruritu
1017 2116 1154 2156 ferino
1184 2116 1311 2157 modo
1345 2116 1481 2166 dicto3
1526 2129 1573 2156 ac

113 2182 289 2237 proinde
321 2182 448 2236 (quod
474 2197 565 2223 non
591 2183 907 2237 omittendum,)
932 2183 1033 2234 vini,
1055 2188 1106 2225 ut
1135 2188 1177 2225 et
1199 2184 1391 2225 carnium
1419 2182 1571 2225 εὐπέπ-

114 2268 208 2302 των,
226 2265 326 2292 usus
343 2251 517 2292 omnino
534 2252 842 2303 concedendus,
857 2265 955 2293 cum
969 2252 1261 2306 refrigerantia
1280 2252 1422 2293 omnia
1437 2252 1573 2305 magis

115 2319 300 2361 officiant
325 2333 451 2372 quam
480 2320 657 2373 prosint.
717 2321 861 2374 Atque
887 2320 948 2361 ita
971 2320 1076 2361 haec
1103 2324 1316 2374 postrema
1340 2320 1574 2374 eruptionis

115 2387 271 2440 speeies
295 2393 481 2439 ematur,
509 2403 615 2443 quae
640 2393 787 2430 tamen
813 2390 1039 2443 aliquando
1065 2404 1153 2431 non
1177 2389 1259 2430 nisi
1285 2389 1403 2443 aquis
1429 2388 1573 2429 ferreis

117 2454 191 2495 diu
211 2456 344 2509 epotis
365 2456 498 2498 cedet.

699 2533 824 2574 CAP.
857 2533 962 2575 VII.
977 2542 996 2569 Ρ

757 2624 938 2678 Αηθὶηα.

176 2777 412 2820 QUOLIBET
446 2780 548 2821 anni
584 2784 773 2835 tempore
809 2781 1068 2835 aggreditur,
1099 2782 1282 2822 maxime
1318 2786 1463 2823 tamen
1502 2782 1575 2824 illo
1594 2792 1749 2831 Tempore

119 2845 230 2899 quod
255 2860 327 2887 ver
351 2852 478 2901 atque
504 2853 709 2890 aestatem
734 2849 969 2903 interjacet,
992 2851 1168 2904 juvenes
1192 2864 1292 2904 prae
1317 2851 1506 2902 cacteris,
1533 2856 1575 2892 et
1594 2846 1647 2865 ver
1664 2841 1761 2875 atque

1594 2884 1745 2909 aestatem

285 2924 300 2939 ⁰
324 2920 372 2950 Cf.
390 2921 481 2951 form.
502 2922 571 2953 175.

290 2967 304 2987 Ρ
326 2963 424 2994 Deest
440 2964 500 2994 hoc
517 2975 583 3005 cap.
603 2965 635 2995 iu
652 2965 722 2996 edd.
741 2965 874 3003 ’66‚’68.
895 2966 943 2996 Cf.
959 2968 1092 2997 Process.
1111 2968 1169 2998 Int.
1190 2977 1216 2997 c.
1239 2969 1284 2998 13.

785 3033 817 3060 M
842 3034 884 3059 m
