1985 3308
254 191 777 233 OBSERVATIONUM
810 191 1186 233 MEDICARUM
1220 196 1271 229 II.
1298 199 1331 230 2.
1451 193 1530 231 115

78 296 215 338 morbi
236 297 517 339 medicatione
540 298 606 339 vel
633 299 851 339 tantillum
878 303 1042 340 versato
1067 312 1155 339 non
1175 300 1314 352 potest
1335 309 1423 337 esse
1445 296 1534 337 ani·
1584 307 1713 340 Fssmus

78 366 358 407 madversum.
402 365 518 408 Quid
533 380 601 406 me
622 366 668 407 in
683 367 762 407 hac
779 380 824 407 re
840 381 941 407 usus
959 371 1085 420 atque
1099 364 1360 419 experientia
1376 363 1532 414 docuit,
1564 349 1607 421 g
1611 360 1733 424 {fg-§¹123

78 433 218 488 palam
246 435 384 488 eloqui
415 448 462 475 ac
487 434 616 475 etiam
647 449 915 489 propugnare
945 449 1034 476 11011
1064 434 1251 475 verebor.
1312 432 1446 473 Multi
1467 446 1536 472 me
1556 434 1739 508 έξέξψὲἑζ-κπ

79 502 256 543 authore
287 502 334 542 in
373 501 525 555 viginti
565 506 748 556 quatuor
786 503 988 543 horarum
1029 501 1299 556 diaphoresin
1341 499 1534 553 001130οῒ1,
1553 489 1722 576 τεςέἑῃᾶζ

77 574 249 612 tantum
271 570 389 611 abest
409 575 459 611 ut
480 584 523 612 se
544 570 696 611 exinde
720 570 942 611 debiliores
964 570 1096 611 factos
1118 574 1408 623 quererentur,
1432 567 1536 621 quin
1556 583 1616 614 tur,
1634 590 1708 610 con-

77 639 218 693 potius
232 643 440 693 quantum
455 639 752 693 supervacanei
765 638 954 680 humoris
966 638 1160 679 sudando
1175 637 1536 686 decessisset‚tan-
1554 625 1702 695 ἷῖἒίξζξῐξι

78 707 258 748 tundem
278 707 376 748 novi
395 707 556 748 roboris
579 707 658 748 sibi
675 707 900 748 accrevisse
915 707 1229 761 profiterentur.
1272 705 1394 746 Circa
1413 704 1537 745 horas
1554 707 1686 765 diapho-

79 780 224 816 autem
257 775 416 829 aliquot
446 776 697 829 posteriores
729 789 851 829 saepe
878 789 966 816 non
994 775 1084 815 sine
1119 778 1290 828 stupore
1323 771 1538 813 observavi
1555 759 1656 830 15ξίἓί]
1660 801 1747 832 ditur

79 857 299 897 erumpere
321 844 517 885 sudorem
539 843 764 898 quendam,
787 843 925 897 priore
945 843 1030 894 illo,
1053 856 1180 896 quem
1209 842 1269 882 vis
1294 840 1536 882 medicami-
1555 853 1666 915 ssegros·

78 925 185 952 num
229 916 501 965 expresserat,
542 912 677 965 magis
722 911 974 962 naturalem,
1017 910 1266 964 genuinum,
1308 909 1535 962 copiosum,
1556 887 1731 960 322¹inssssss

80 979 235 1032 quique
257 979 392 1020 multo
412 980 506 1033 plus
527 979 746 1020 levaminis
769 979 949 1030 afferret,
972 979 1096 1032 plane
1118 992 1166 1018 ac
1194 978 1229 1018 si
1249 990 1345 1018 vere
1367 975 1537 1018 criticus
1555 972 1704 1045 ζζξέεῑνθὸῖ

78 1047 187 1088 foret
209 1061 256 1088 ac
276 1048 409 1088 totius
434 1047 571 1088 morbi
599 1047 890 1088 eradicativus.
952 1047 1084 1087 Porro
1104 1046 1150 1086 in
1176 1059 1342 1086 summo
1374 1044 1538 1085 sudoris
1557 1061 1668 1106 contra

77 1115 220 1168 vigore
236 1115 415 1169 jusculis
432 1129 478 1156 ae
496 1115 721 1156 sorbilibus
738 1115 1028 1156 eonfortativis
1046 1128 1221 1168 aegrum
1238 1113 1421 1163 reficere,
1438 1111 1539 1166 quid
1558 1110 1714 1191 ἶξῒὲῐὲῗξῃ

79 1197 222 1224 80011111
243 1183 385 1224 trahat
407 1183 666 1224 incommodi
690 1197 777 1224 non
798 1183 919 1224 video
936 1199 946 1233 3
978 1182 1156 1236 ideoque
1188 1182 1241 1222 ad
1271 1181 1454 1221 nihilum
1475 1194 1539 1221 re·
1559 1195 1687 1244 sudoris·

79 1251 182 1293 cidit
212 1251 285 1292 illa
315 1252 497 1306 objectio
529 1251 581 1292 de
611 1252 765 1292 virium
796 1251 849 1292 ad
884 1252 1033 1304 longos
1065 1251 1238 1292 sudores
1269 1248 1540 1304 perferendos
1559 1248 1744 1310 ffilf'ssissus‘

78 1319 343 1373 impotentia.
409 1320 453 1359 Si
501 1334 586 1375 qua
624 1319 757 1373 igitur
798 1319 978 1360 defectio
1028 1319 1106 1359 sub
1147 1319 1277 1358 finem
1317 1317 1541 1357 imminere
1560 1323 1732 1373 sorbiiibus

78 1387 283 1438 videatur,
316 1388 473 1441 jusculi
514 1401 564 1428 ex
599 1388 716 1441 pullo
756 1387 990 1438 tantillum,
1035 1387 1226 1427 vitellum
1262 1385 1342 1436 ovi,
1377 1385 1445 1425 vel
1475 1383 1541 1424 his
1560 1366 1738 1439 ξῇῐξζοζὲᾗὶ

81 1456 233 1497 similia
260 1455 420 1497 sorberi
446 1455 661 1510 permitto,
685 1470 794 1511 quae
825 1470 923 1497 cum
951 1455 1153 1496 cardiacis
1181 1459 1223 1495 et
1242 1453 1468 1494 haustibus
1490 1452 1542 1492 ad
1560 1455 1673 1492 potest.

80 1523 278 1565 sudorem
300 1523 642 1565 continuandum
663 1538 714 1565 ex
734 1538 852 1565 more
882 1523 1118 1574 destinatis,
1141 1522 1295 1563 virium
1315 1521 1544 1562 labefacta-

80 1592 189 1633 tioni
219 1591 389 1633 abunde
431 1597 699 1633 succurrunt.
761 1592 988 1633 Caeterum
1019 1591 1065 1632 in
1094 1605 1140 1632 re
1173 1591 1278 1632 adeo
1317 1589 1546 1630 manifesta

80 1674 169 1701 non
195 1674 299 1714 opus
321 1664 385 1701 est
411 1665 461 1701 ut
490 1661 613 1714 plura
638 1664 894 1714 argumenta
916 1660 1140 1700 adducam.
1214 1658 1390 1700 Etenim
1418 1657 1548 1711 (quod

80 1727 209 1782 hujus
236 1741 417 1782 praxetos
442 1728 676 1770 utilitatem
703 1729 844 1783 palam
872 1728 1135 1782 proclamat,)
1161 1727 1302 1768 videre
1334 1730 1410 1777 est,
1434 1725 1548 1779 quod

83 1796 287 1851 quamdiu
316 1810 441 1850 aeger
464 1796 616 1838 sudore
639 1797 805 1848 diffluit,
827 1797 937 1838 bene
964 1811 1007 1838 80
1034 1796 1192 1837 habere
1218 1795 1445 1845 existimet,
1472 1807 1546 1835 ne-

84 1878 165 1918 que
194 1864 337 1905 minus
368 1878 419 1905 ex
449 1865 684 1906 astantium
705 1865 866 1919 judicio
891 1879 958 1906 res
988 1869 1081 1906 tota
1110 1864 1157 1904 in
1176 1863 1285 1905 vado
1312 1861 1548 1904 constituta

81 1932 275 1974 videatur
288 1950 299 1982 3
323 1931 441 1985 atqui
464 1933 780 1986 quamprimum
797 1947 948 1987 corpus
971 1946 1158 1974 arescere
1178 1931 1328 1985 incipit
1350 1944 1397 1972 ac
1419 1930 1547 1970 sudor

85 2001 364 2055 abrumpitur,
397 2002 540 2042 omnia
569 2002 616 2041 in
644 2002 763 2056 pejus
790 2007 933 2053 ruant,
955 2002 1104 2043 morbo
1136 2002 1256 2057 quasi
1285 2000 1546 2055 postliminio

85 2069 305 2111 redeunte.

151 2137 258 2192 [45]
298 2138 377 2177 Per
403 2137 528 2178 horas
556 2152 580 2178 a
601 2137 722 2179 finito
753 2139 904 2180 sudore
925 2139 1079 2192 viginti
1107 2143 1289 2192 quatuor
1316 2151 1469 2178 moneo
1497 2141 1547 2177 ut

85 2207 218 2260 frigus
240 2211 362 2247 caute
384 2206 553 2256 vitetur,
576 2207 793 2248 indusium
823 2212 972 2261 sponte
995 2221 1070 2247 sua
1091 2207 1136 2247 in
1158 2220 1330 2260 corpore
1361 2219 1548 2247 arescere

85 2274 370 2329 permittatur,
392 2275 616 2328 potulenta
641 2276 785 2316 omnia
815 2275 1088 2316 calidiuscule
1116 2275 1383 2324 ham-iantur,
1407 2279 1448 2315 et
1477 2287 1547 2328 zy-

85 2342 282 2396 thogalae
304 2342 432 2382 salvia
448 2343 651 2383 alteratae
672 2357 774 2383 usus
796 2343 1033 2384 etiamnum
1055 2343 1344 2384 continuetur.
1405 2342 1461 2382 In
1483 2355 1545 2382 80-
1565 2353 1726 2384 catharti-

88 2410 236 2464 quenti
256 2410 350 2451 luce
371 2424 597 2451 commune
624 2411 907 2452 catharticum
929 2411 1120 2461 exhibeo,
1144 2425 1194 2451 ex
1216 2409 1450 2450 infusiones
1469 2409 1545 2450 sei·
1564 2406 1643 2469 ξίᾚζὲ
1654 2402 1741 2469 ξξῗῖ·

85 2478 184 2520 licet
200 2479 549 2529 tamarindorum,
567 2479 764 2520 foliorum
786 2493 955 2529 sennae,
971 2478 1230 2527 rhabarbafi,
1254 2492 1351 2518 cum
1373 2492 1544 2528 manna,
1564 2482 1749 2513 hibendum.

87 2551 130 2588 et
162 2561 317 2601 syrupo
345 2561 538 2588 rosarum
570 2547 786 2588 solutivog.
847 2547 991 2601 Atque
1022 2547 1100 2587 hac
1135 2546 1335 2587 medendi
1366 2545 1531 2587 ratione
1566 2535 1672 2566 Mirus

1532 2578 1544 2596 ³
1564 2579 1662 2618 hujus
1683 2589 1750 2608 1110-

88 2629 201 2656 anno
232 2630 257 2656 a
285 2615 410 2656 Peste
441 2616 645 2669 proximo,
668 2616 956 2669 complurimis
979 2615 1114 2656 Febrc
1143 2614 1427 2656 Pestilentiali
1457 2628 1546 2655 cor·
1565 2621 1741 2670 thodisue-

86 2683 216 2737 reptis
257 2683 484 2724 sanitatem
523 2684 704 2735 restitui,
739 2684 843 2725 adeo
877 2689 926 2724 ut
962 2698 1016 2724 ne
1049 2698 1161 2724 unus
1198 2683 1369 2737 quidem
1409 2697 1461 2724 ex
1498 2696 1546 2724 eo
1565 2674 1751 2737 ῗέζξέῥὲε

87 2751 235 2794 morbo
281 2753 388 2793 mihi
429 2752 691 2794 desideratus
732 2752 834 2804 esth,
871 2758 1095 2808 postquam
1136 2753 1315 2794 eandem
1355 2766 1547 2794 exercere
1564 2750 1721 2782 tilentiali.

89 2819 343 2875 inceperam.

136 2919 146 2939 f
165 2933 200 2951 ex
213 2921 301 2962 insus.
320 2921 388 2962 512]
407 2932 467 2952 om.
486 2923 553 2952 edd.
568 2924 630 2958 '68,
649 2923 710 2955 75.
889 2922 901 2942 ¹¹
926 2923 985 2964 est]
1006 2924 1057 2954 Sic
1070 2924 1155 2963 Syd.‚
1167 2923 1282 2954 melius
1294 2926 1332 2954 sit
1350 2923 1418 2954 edd.
1431 2927 1546 2954 recent.
1572 2900 1659 2961 ,fs

133 2969 146 2989 Β
171 2965 218 2994 Cf.
237 2966 361 2995 sermm.
379 2967 408 3002 8,
428 2967 468 2995 24
484 2967 541 2996 &tu
1514 2963 1569 3005 ,s
