1985 3308
231 278 286 307 Di:
303 277 393 308 Pon-

261 329 366 350 ΔΕΚΑ.

219 388 278 408 nec
294 383 366 408 ante

217 420 301 450 diem
317 422 404 450 14²=¹¹¹¹

219 468 324 493 castra
333 473 401 494 mo-

216 510 303 536 vent.

216 809 254 840 In
271 810 370 840 inter-

214 853 306 882 vallis
315 859 402 884 artus

215 900 290 924 sunt
307 906 381 925 con-

215 938 316 967 tracti.

216 1083 346 1116 Quanto

215 1128 316 1167 magis
332 1139 383 1158 ae-

213 1179 270 1207 ger
285 1171 397 1201 ambu-

213 1211 308 1241 lando
323 1224 377 1253 pe-

213 1253 268 1284 des
280 1255 386 1286 firina-

213 1305 246 1325 re
257 1303 386 1328 conten—

213 1338 271 1375 dit,
287 1345 374 1371 tanto

212 1382 397 1420 periculosi—

212 1433 249 1452 us
267 1426 367 1456 morbi

211 1465 312 1497 fomes
333 1469 398 1498 vis-

214 1509 338 1540 ceribus

213 1550 368 1584 imminet.

214 1603 375 1636 Venarum

215 1646 360 1678 haemor-

212 1689 361 1721 rho'iduin

211 1731 399 1768 dolore‚ruc-

210 1777 246 1802 tu
262 1775 388 1805 nidoro-

213 1825 256 1851 so,
273 1819 395 1857 appeti-

211 1862 262 1888 tus
281 1870 368 1899 pros-

211 1902 395 1933 trationein-

212 1943 353 1976 festatur.

214 1985 316 2016 Urina
331 1988 370 2017 il-

210 2027 274 2057 lam
291 2029 363 2059 imi-

209 2075 385 2111 taturquae

209 2113 241 2142 in
259 2114 381 2145 diabete

207 2158 349 2186 excerni-

210 2202 270 2227 tur.
290 2199 373 2229 Dor-

211 2250 283 2270 sum
300 2242 395 2272 aliae-

211 2292 272 2321 que
290 2291 394 2323 partes

209 2325 342 2356 moleste

206 2369 362 2406 pruriunt.

210 2542 343 2575 Dolores
360 2547 392 2577 in

208 2592 379 2619 metatarso

207 2627 372 2660 lancinan-

210 2674 298 2705 tes‚ct
308 2682 395 2712 spas-

210 2721 253 2740 ml
271 2723 301 2742 111
325 2721 392 2745 ten-

209 2753 336 2785 dhnbus

208 2799 372 2827 musculo-

208 2847 279 2868 rum
291 2841 394 2878 tibiae,

209 2886 244 2909 ut
262 2891 392 2921 aegrum

206 2921 370 2955 invadunt.

423 162 509 200 414
837 163 1092 205 THOMAE
1126 163 1469 204 SYDENHAM

423 266 680 319 cupaverint,
702 281 790 308 non
811 273 910 309 ante
933 268 1045 309 diem
1070 269 1282 309 decimum
1303 273 1503 323 quartum
1524 274 1661 308 eastra
1680 271 1877 308 movent:

422 333 559 386 primo
581 335 633 375 ad
654 335 759 376 haec
780 341 854 376 aut
875 337 1061 378 seeundo
1087 342 1182 390 post
1205 337 1429 389 appulsum
1451 336 1530 386 die,
1553 349 1690 390 aeger,
1711 341 1878 389 praeter

423 399 622 451 dolorem,
651 402 876 455 aliqualem
904 404 1032 444 etiam
1059 403 1370 456 aegritudinem
1397 402 1570 456 patitur,
1598 408 1724 456 atque
1752 403 1878 444 simul

421 469 708 510 omnimodam
729 471 941 523 appetitus
961 471 1302 524 prostrationem.

486 536 564 589 [8.]
603 536 837 588 Postremo,
860 552 970 588 eum,
995 543 1224 590 antequam
1253 537 1414 577 malum
1441 550 1576 590 usque
1604 537 1709 577 adeo
1735 536 1876 577 ineru-

421 603 585 654 duerat,
608 618 733 657 aeger
752 619 840 645 non
862 606 997 646 solum
1014 605 1278 659 longioribus
1299 605 1512 645 frueretur
1531 618 1878 658 paroxysmorum

420 672 666 723 intervallis,
690 673 763 713 sed
784 673 912 713 etiam
939 673 1121 714 durante
1147 674 1229 714 ista
1248 673 1562 713 intermissione
1587 678 1702 713 recte
1722 673 1878 714 valeret

418 743 508 779 tam
530 739 707 779 artubus
724 753 851 793 quam
872 740 1033 793 reliquo
1055 754 1240 794 corpore,
1258 740 1532 781 facultatibus
1554 740 1732 794 singulis
1753 745 1878 781 natu-

418 807 576 847 ralibus
603 807 739 848 officio
766 822 842 848 suo
869 808 1011 849 debite
1035 809 1340 862 fungentibus,
1373 810 1463 863 jam
1492 814 1608 849 artus
1635 808 1764 849 habet
1790 809 1878 850 fere

418 875 690 928 undiquaque
725 880 963 917 contractos
1004 882 1131 930 atque
1171 877 1409 930 impeditos,
1445 877 1507 917 ita
1546 881 1607 926 ut,
1645 876 1878 930 quamlibet

418 947 529 983 stare
549 943 694 996 possit,
712 943 821 984 forte
843 944 973 985 etiam
989 945 1294 997 aliquantisper
1313 943 1552 997 procedere,
1571 957 1716 996 gressu
1731 947 1877 984 tamen

417 1014 478 1055 ita
498 1015 763 1056 claudicante
785 1030 833 1057 ac
853 1017 1109 1070 permolesto
1129 1016 1329 1069 prorepit,
1347 1020 1396 1055 ut
1418 1015 1547 1055 etiam
1569 1028 1667 1053 cum
1688 1013 1878 1054 ambulet

418 1082 631 1135 quiescere
652 1083 845 1123 videatur
857 1101 868 1133 3
902 1088 957 1134 et,
981 1085 1015 1123 si
1036 1084 1151 1123 ultra
1170 1083 1277 1122 vires
1300 1082 1516 1122 ambulare
1539 1081 1773 1134 perstiterit
1793 1095 1877 1134 quo

417 1150 594 1203 pedibus
625 1151 782 1191 rectius
810 1151 960 1201 valeat,
991 1156 1151 1204 quanto
1182 1149 1317 1202 magis
1347 1149 1459 1203 ipsos
1488 1148 1746 1189 ambulando
1777 1161 1875 1189 eon-

416 1218 557 1258 firmat
598 1222 641 1258 et
677 1218 811 1258 dolori
851 1218 1098 1272 excipiendo
1138 1217 1280 1258 minus
1322 1216 1525 1257 obnoxios
1564 1215 1718 1265 reddit,
1753 1219 1876 1257 tanto

416 1285 554 1326 morbi
589 1285 734 1336 fomes,
764 1301 987 1340 nunquam
1017 1300 1091 1340 per
1121 1286 1202 1326 hoc
1238 1299 1364 1326 omne
1393 1284 1663 1325 intervalhnn
1692 1283 1876 1337 perfecte

417 1351 656 1405 dissipatus,
678 1352 906 1392 w‘seeribus
931 1352 1206 1406 periculosius
1234 1352 1444 1402 imminet,
1466 1366 1564 1392 cum
1591 1352 1637 1391 in
1660 1351 1788 1405 pedes
1814 1350 1876 1391 ita

415 1419 546 1459 libere
574 1425 757 1473 nequeat
785 1420 960 1471 effundi,
994 1421 1067 1473 qui
1096 1421 1175 1460 hoc
1203 1419 1341 1460 morbi
1368 1424 1557 1473 tempore
1584 1419 1653 1459 vix
1683 1433 1875 1472 unquam

417 1487 570 1527 doloris
612 1493 712 1528 sunt
753 1495 956 1542 expertes,
990 1489 1063 1529 sed
1098 1489 1337 1529 sensatione
1379 1488 1518 1541 aliqua
1552 1488 1646 1541 plus
1682 1488 1875 1528 minusve
1918 1475 1924 1484 ¹

415 1554 594 1595 molesta
627 1561 832 1609 perpetuo
872 1561 1110 1597 tentantur.
1179 1557 1257 1610 [9.]
1307 1556 1555 1597 Quinetiam
1596 1556 1742 1596 multis
1783 1556 1875 1596 aliis

416 1623 709 1675 symptomatis
730 1623 958 1664 infestatur
984 1638 1121 1678 aeger,
1144 1629 1192 1664 ut
1214 1638 1418 1664 venarum
1443 1623 1874 1664 liaemorrho'l'dalium

416 1689 570 1739 dolore,
598 1695 723 1730 ructu
750 1691 948 1732 nidoroso
985 1693 1066 1732 cibi
1093 1693 1183 1746 jam
1213 1692 1461 1732 manducati
1493 1698 1535 1732 et
1565 1692 1611 1732 in
1639 1692 1874 1733 ventriculo

414 1759 695 1810 putrescentis
718 1766 891 1812 gustum
918 1760 1139 1810 referente,
1163 1761 1326 1813 quoties
1347 1761 1412 1800 vel
1434 1760 1592 1813 aliquid
1614 1773 1636 1800 e
1658 1759 1874 1814 dyspeptis

415 1825 699 1877 assumpserit,
716 1826 781 1865 vel
802 1840 895 1866 eam
916 1832 1086 1867 tantum
1104 1827 1185 1867 cibi
1203 1827 1487 1880 quantitatem
1510 1842 1617 1881 quae
1639 1841 1741 1868 sano
1758 1841 1871 1868 com-

414 1891 532 1944 petit.
594 1892 824 1944 Appetitus
855 1894 1043 1946 languet,
1072 1894 1138 1933 uti
1169 1899 1211 1934 et
1242 1899 1382 1934 totmn
1416 1908 1579 1948 corpus,
1601 1910 1700 1949 prae
1730 1896 1875 1950 inopia

414 1959 653 2012 spirituum.
714 1961 910 2014 Denique
934 1962 1029 2003 ideo
1056 1967 1227 2003 tantum
1253 1963 1355 2003 vivit
1380 1968 1428 2003 ut
1455 1963 1724 2004 calamitosus
1751 1964 1806 2004 sit
1830 1969 1873 2005 et

412 2025 552 2075 miser,
574 2039 663 2066 non
688 2031 737 2066 ut
758 2028 866 2068 vitae
892 2028 1116 2070 dulcedine
1137 2030 1201 2070 vel
1226 2031 1453 2071 minimum
1479 2032 1658 2072 fruatur.
1721 2031 1871 2083 Urina,

413 2106 540 2144 quam
563 2093 680 2146 prius
701 2094 1006 2146 coloratiorem,
1033 2097 1215 2137 maxime
1239 2097 1284 2137 in
1312 2098 1585 2152 paroxysmis,
1608 2102 1651 2139 et
1671 2098 1717 2138 in
1738 2112 1874 2152 pauca

413 2159 649 2211 quantitate
685 2161 845 2202 solebat
880 2163 1068 2213 reddere,
1101 2165 1190 2218 jam
1226 2164 1343 2204 illam
1378 2170 1467 2205 tam
1508 2166 1644 2206 colore
1678 2166 1873 2207 imitatur

413 2240 540 2279 quam
575 2227 694 2281 copia
730 2243 836 2281 quae
870 2231 917 2270 in
948 2231 1114 2272 diabete
1151 2233 1403 2273 excernitur.
1466 2233 1652 2274 Dorsum
1682 2234 1871 2288 aliaeque

410 2299 552 2347 partes
572 2296 748 2337 moleste
769 2298 982 2350 pruriunt,
1004 2299 1186 2338 maxime
1208 2298 1285 2339 sub
1307 2299 1456 2339 horam
1477 2299 1626 2340 somni.

477 2361 584 2415 [10.]
624 2363 676 2403 Id
698 2364 825 2405 etiam
846 2365 892 2405 in
913 2366 992 2406 hoc
1013 2366 1173 2417 morbo,
1193 2367 1357 2419 quoties
1374 2367 1465 2420 jam
1486 2367 1772 2409 confirmatior
1793 2372 1869 2419 est,

410 2429 667 2471 incommodi
689 2432 853 2483 accidit,
878 2434 988 2487 quod
1018 2434 1070 2474 ab
1093 2434 1354 2484 oscitatione,
1376 2435 1584 2488 imprimis
1611 2449 1710 2477 vero
1730 2441 1869 2477 matu-

409 2496 513 2547 tina,
546 2498 779 2551 ligamenta
813 2501 969 2541 ossium
1006 2502 1224 2542 metatarsi
1254 2502 1528 2543 vehementer
1561 2503 1868 2554 convelluntur,

410 2579 507 2605 cum
539 2580 666 2607 sensu
697 2569 815 2621 quasi
845 2570 1140 2611 coarctationis
1168 2571 1234 2611 vel
1265 2572 1586 2624 compressionis
1616 2572 1869 2613 fortissimae

411 2652 435 2678 a
461 2653 593 2680 manu
616 2641 766 2681 valida.
829 2641 1097 2696 Quandoque
1125 2644 1252 2684 etiam
1280 2644 1398 2684 nulla
1425 2645 1674 2686 oscitatione
1701 2659 1868 2699 praece-

411 2706 551 2758 dente,
584 2722 709 2762 aeger
735 2710 824 2763 jam
856 2725 899 2751 se
931 2725 1079 2752 somno
1110 2713 1382 2754 committens
1413 2713 1546 2754 ictum
1578 2714 1697 2767 quasi
1727 2714 1868 2755 clavae

409 2778 687 2816 mctatarsum
718 2776 1026 2831 confringentis
1058 2779 1285 2833 derepente
1316 2781 1594 2834 persentiscit,
1623 2781 1739 2823 unde
1769 2796 1868 2823 cum

410 2839 570 2891 ejulatu
611 2844 925 2897 expergiscitur.
1001 2846 1213 2888 Tendines
1258 2849 1547 2889 musculorum
1588 2863 1695 2902 quae
1740 2849 1866 2890 tibias

410 2908 659 2951 suffulciunt
691 2912 871 2953 subinde
897 2928 1063 2967 spasmo
1088 2916 1375 2969 com’ipiuntur
1398 2917 1458 2957 ita
1486 2917 1570 2957 acri
1599 2922 1641 2958 et
1668 2918 1864 2968 violento,
