1985 3308
389 178 475 218 354
805 178 1061 220 THOMAE
1097 177 1442 219 SYDENHAM

190 295 244 324 Βι-
261 294 372 325 Vnu-
392 285 560 336 citatus,
582 290 645 326 est
666 285 1006 339 praecavendus,)
1033 285 1116 325 duo
1149 288 1248 325 sunt
1271 283 1389 337 quasi
1411 282 1604 323 cardines
1625 281 1671 322 in
1696 283 1849 336 quibus

188 338 373 411 οζῗυξξξ“
393 353 530 394 01111118
559 353 685 407 hujus
710 353 847 393 morbi
871 353 1032 393 curatio
1052 352 1259 401 vertitur3
1293 350 1635 403 quandoquidem
1661 364 1767 403 quae
1798 364 1849 391 ex

393 435 442 462 eo
478 421 673 462 oriuntur
708 421 831 470 mala,
866 420 979 473 quod
1016 420 1183 472 utrique
1215 418 1315 458 huic
1348 417 1580 457 discrimini
1620 432 1708 457 non
1749 418 1849 458 satis

392 494 695 539 occurreretur,
717 488 887 528 funesta
916 487 989 527 illa
1009 490 1294 540 symptomata
1324 485 1505 525 invitant
1527 484 1679 538 quibus
1700 485 1848 525 Vario-

392 557 530 597 larum
564 556 782 609 tragoedia
814 554 1057 595 absolsitur.
1120 552 1329 594 Quocirca
1361 566 1457 592 cum
1487 553 1736 605 praecipuae
1768 552 1849 593 hae

391 624 551 665 fuerint
571 624 850 664 indicationes
871 622 1095 671 curativae,
1111 620 1186 660 ubi
1206 621 1256 660 iis
1277 620 1403 660 modo
1421 620 1511 673 jam
1531 620 1689 660 tradito
1710 619 1849 660 fecero

393 692 505 742 satis,
523 692 629 731 nihil
651 691 830 744 amplius
851 689 955 729 mihi
975 692 1107 729 restat
1129 688 1342 741 agendum
1358 704 1369 738 ς
1400 687 1446 727 111
1463 693 1671 741 quantum
1689 687 1849 728 scilicet

393 759 589 799 Medicus
611 773 717 807 sum,
736 771 823 797 non
844 770 941 797 vero
962 756 1242 796 formularum
1262 755 1524 796 medicarum
1543 755 1848 808 praescriptor;

393 841 495 879 quas
517 841 595 879 ego
617 826 734 875 duas,
757 825 841 865 sive
863 828 985 874 artes,
1009 823 1092 864 sive
1115 823 1238 873 dotes,
1262 823 1346 864 sive
1368 823 1496 863 etiam
1508 823 1760 875 provincias,
1779 837 1849 876 ap-

391 894 548 947 pellare
568 893 711 943 libeat,
732 897 825 933 toto
847 892 962 932 coelo
984 905 1008 932 a
1029 905 1071 931 se
1092 891 1273 931 1111166111
1294 891 1450 932 distare
1471 891 1664 931 arbitror.

190 962 348 1011 13181οὛ
457 959 564 1013 [43]
605 959 754 999 Unum
785 958 949 1012 adjicio,
973 958 1006 998 si
1034 958 1282 1012 epispastico
1313 973 1418 1012 opus
1449 958 1590 1009 fuerit,
1617 959 1662 999 id
1686 972 1850 1012 peram-

189 1011 358 1077 ΞΕΞΡΞῘῙΪ
392 1028 511 1081 plum
527 1033 569 1067 et
591 1027 692 1067 satis
714 1041 808 1067 acre
830 1026 944 1079 aegri
958 1026 1124 1067 nuchae
1141 1026 1439 1080 applicandum
1454 1043 1466 1077 3
1499 1027 1611 1080 quod
1626 1027 1685 1067 ita
1701 1041 1849 1080 oppor-

186 1090 340 1171 ἓξὲξ·
393 1102 500 1138 tuno
517 1100 708 1150 tempore
728 1095 819 1135 fieri
840 1094 979 1144 debet,
995 1098 1044 1134 ut
1061 1108 1200 1147 neque
1215 1098 1484 1147 praemature
1505 1093 1746 1147 appositum
1766 1093 1852 1133 vim

188 1174 276 1211 dum,
396 1163 688 1217 epispasticam
710 1168 810 1202 ante
832 1162 944 1202 diem
965 1161 1253 1211 undecimum,
1275 1162 1322 1201 in
1344 1175 1426 1215 quo
1448 1161 1499 1201 de
1522 1175 1688 1201 summa
1707 1174 1851 1201 rerum

395 1231 547 1284 agitur,
577 1230 787 1279 amiserit3
820 1243 958 1283 neque
990 1229 1036 1269 in
1067 1243 1166 1270 eum
1192 1230 1333 1282 ipsum
1364 1229 1478 1269 diem
1506 1229 1734 1283 rejiciatm·,
1768 1243 1853 1283 quo

388 1299 478 1351 jam
499 1299 661 1339 tardius
679 1298 906 1339 adveniens
922 1298 993 1338 illo
1006 1297 1209 1350 temporis
1231 1297 1408 1337 articulo
1425 1296 1570 1336 obesse
1591 1295 1734 1349 possit,
1752 1309 1853 1348 prae

392 1367 529 1407 calore
565 1372 606 1406 et
642 1371 764 1406 aestu
795 1379 921 1418 quem
957 1365 1156 1419 sanguini
1185 1364 1390 1418 imprimit
1421 1377 1521 1404 cum
1552 1363 1668 1404 febre
1702 1377 1851 1404 secun-

393 1434 509 1474 daria
528 1434 596 1474 vix
616 1434 707 1486 pari
728 1433 871 1473 Marte
887 1438 992 1473 tunc
1009 1432 1256 1473 decertanti.
1317 1431 1686 1485 Opportunissime
1707 1431 1854 1484 itaque

393 1501 672 1554 applicabitur
687 1500 983 1554 epispasticum
997 1505 1123 1541 nocte
1139 1500 1211 1540 illa
1227 1513 1334 1553 quae
1355 1514 1555 1552 magnam
1571 1500 1709 1540 morbi
1724 1500 1852 1540 crisin

392 1569 618 1622 praecedit,
641 1582 739 1609 mox
770 1568 821 1608 ab
844 1572 1059 1621 assumpto
1080 1567 1336 1621 paregorico,
1360 1567 1473 1620 quod
1493 1572 1597 1607 tunc
1624 1573 1714 1608 erat
1736 1567 1857 1608 exhi-

193 1642 221 1666 Εἴ
238 1646 351 1676 quam-
392 1636 594 1677 bendum.
657 1635 864 1689 Apposito
888 1648 963 1688 per
985 1635 1029 1675 id
1059 1635 1260 1688 temporis
1285 1635 1543 1684 vesicatorio,
1571 1634 1701 1685 dolor,
1725 1649 1853 1688 quem

191 1680 307 1709 obrem.
393 1702 583 1756 ejusdem
603 1716 767 1742 morsus
790 1702 963 1752 adferet,
985 1716 1155 1755 prorsus
1181 1702 1345 1742 desinet
1371 1707 1470 1742 ante
1493 1702 1605 1743 diem
1624 1702 1747 1743 illum
1769 1718 1852 1757 quo

393 1785 518 1823 aeger
537 1771 603 1811 vel
623 1770 934 1823 agonizaturus,
958 1774 1000 1809 et
1025 1768 1227 1810 materiae
1254 1769 1449 1822 peccanti
1471 1783 1519 1809 6ο
1548 1769 1639 1822 ipso
1659 1774 1852 1823 tempore

394 1838 564 1878 dabitur
594 1838 730 1878 exitus
763 1851 845 1891 quo
877 1851 925 1878 eo
957 1842 1020 1877 est
1051 1851 1156 1890 opus
1188 1837 1241 1877 ad
1260 1838 1469 1878 vincenda
1497 1838 1609 1878 mala
1633 1839 1715 1879 ista
1744 1853 1851 1892 quae

393 1906 514 1946 illum
536 1906 647 1946 diem
668 1905 995 1959 praestolantur.
1047 1904 1143 1945 Hoc
1165 1904 1281 1945 enim
1300 1905 1488 1958 primum
1507 1911 1698 1959 tempore
1723 1906 1852 1960 (quod

394 1973 438 2012 in
458 1973 585 2026 hujus
610 1971 748 2012 morbi
768 1971 946 2012 historia
973 1971 1160 2025 [Observ.
1183 1973 1299 2013 Med.
1321 1973 1380 2013 iii.
1403 1975 1443 2014 2.
1469 1975 1536 2024 14,
1559 1975 1614 2014 22
1637 1973 1730 2027 &c.]
1757 1974 1851 2015 fuse

394 2040 578 2093 deduxi)
613 2040 752 2089 facies,
788 2052 895 2092 quae
929 2039 1137 2080 hactenus
1172 2039 1503 2093 inturgescebat,
1531 2041 1623 2094 jam
1658 2041 1849 2082 detume—

394 2121 507 2147 scere
528 2107 689 2160 incipit,
713 2111 755 2147 et
778 2106 981 2157 salivatio,
1005 2121 1112 2160 quae
1136 2107 1358 2163 hucusque
1377 2109 1504 2163 pleno
1532 2122 1656 2149 amne
1676 2108 1850 2159 fluebat,

394 2175 645 2225 decrescere,
679 2175 939 2216 condensato
962 2176 1053 2230 jam
1090 2179 1132 2216 et
1167 2189 1256 2216 non
1289 2175 1373 2216 nisi
1407 2189 1532 2229 aegre
1565 2180 1745 2226 excreto,
1778 2176 1851 2229 qui

393 2258 488 2284 eam
508 2243 732 2293 excitabat,
754 2243 944 2283 humore.
1008 2243 1071 2283 Ut
1102 2256 1201 2283 vero
1222 2242 1457 2292 mittamus,
1481 2241 1778 2296 epispasticum
1799 2242 1850 2282 il-

391 2311 467 2352 lud
486 2316 581 2352 tum
601 2311 725 2352 faciei
746 2310 1121 2360 detumescentiae,
1143 2315 1238 2351 tum
1269 2310 1398 2351 etiam
1430 2309 1681 2350 imminutae
1703 2309 1848 2350 saliva-

391 2379 512 2429 tioni,
530 2379 829 2434 quadantenus
851 2378 1065 2428 substitui,
1082 2378 1192 2419 febri
1211 2378 1386 2431 insuper
1407 2377 1679 2418 secundariae
1699 2377 1849 2431 perdo-

392 2447 573 2488 mandae
595 2448 862 2500 aliquatenus
884 2445 1083 2486 conducit
1097 2462 1108 2495 3
1135 2459 1241 2498 quae
1257 2458 1373 2485 nunc
1393 2444 1595 2498 temporis
1615 2443 1848 2494 invalescit,

393 2514 600 2566 sanguine
617 2513 737 2567 quasi
752 2513 904 2554 obruto
921 2517 964 2553 et
984 2513 1155 2566 penitus
1176 2513 1334 2553 infecto
1354 2513 1470 2567 puris
1487 2513 1607 2566 copia
1627 2527 1651 2553 a
1669 2512 1851 2554 totidem

194 2588 255 2636 nie
273 2590 349 2637 ¹?'”⁰
394 2581 640 2622 abscessulis
671 2585 862 2634 resorpta
876 2597 888 2630 ;
920 2580 1024 2621 adeo
1045 2585 1094 2621 ut
1121 2580 1168 2621 in
1193 2579 1390 2620 omnibus
1416 2579 1503 2620 fere
1529 2593 1632 2633 quos
1658 2593 1851 2633 unquam

191 2637 359 2712 ziffisrgsoeat
393 2650 571 2690 tractavi
585 2649 768 2690 Variolis
788 2649 1043 2699 laborantes,
1061 2648 1367 2689 observaverim
1382 2648 1553 2702 pulsum
1573 2647 1618 2687 in
1639 2661 1763 2700 carpo
1784 2660 1848 2688 sa-

393 2717 569 2758 lientem
586 2731 710 2771 aegre
726 2717 884 2771 percipi
899 2730 1020 2770 posse
1036 2716 1116 2757 hoc
1131 2721 1335 2770 tempore,
1348 2720 1448 2756 utut
1464 2715 1584 2756 facile
1601 2729 1645 2755 se
1659 2719 1700 2755 et
1715 2714 1849 2768 pridie

394 2785 522 2838 hujus
544 2785 638 2835 diei,
662 2790 704 2826 et
725 2785 926 2839 postridie
949 2784 1090 2835 etiam,
1114 2784 1247 2838 digito
1268 2783 1521 2838 exploratori
1541 2796 1584 2823 se
1605 2782 1813 2836 proderet.

193 2856 318 2887 Alfium
331 2856 381 2887 in-
461 2852 569 2905 [44]
611 2852 695 2893 Sed
732 2853 845 2893 inter
882 2866 932 2892 ea
963 2865 1070 2905 quae
1102 2866 1127 2892 a
1156 2852 1293 2906 capite
1325 2851 1409 2892 sive
1444 2850 1635 2891 derivant
1666 2850 1751 2890 sive
1782 2863 1850 2890 re-

193 2909 378 2982 ἓξζξᾎζῗ,
398 2919 572 2969 vellunt,
605 2919 713 2960 nihil
746 2933 878 2973 aeque
909 2919 1015 2960 mihi
1045 2919 1211 2961 videtur
1241 2918 1406 2974 operari
1435 2932 1483 2959 ac
1514 2917 1660 2958 allium
1689 2916 1848 2971 pedum
