1985 3308
377 148 464 188 280
788 148 1046 191 THOMAE
1079 148 1419 190 SYDENHAM

176 269 230 301 De
241 270 358 301 Mona.
379 255 476 309 (nisi
502 256 595 310 quis
624 261 857 310 postremas
878 257 954 297 has
978 257 1167 309 Duplices
1192 257 1407 296 Tertianas
1434 255 1556 295 malit
1585 255 1830 309 appellare3)

192 314 344 388 ᾖξ’-Ἓξ·
375 328 418 365 et
452 324 623 378 pariter,
657 324 782 378 quod,
814 325 913 366 licet
948 324 1173 365 Tertianae
1205 323 1576 376 Quotidianaeque
1607 324 1834 377 aliquando

173 400 473 459 {nummi-cum
504 398 643 452 rigore
678 404 804 451 atque
835 398 1006 439 horrore
1037 397 1297 446 invadenteS,
1331 395 1616 449 subsequente
1646 397 1832 450 primum

173 470 304 519 dian-aez
329 475 359 501 et
375 466 525 516 calore,
559 479 658 507 mox
692 466 822 506 etiam
853 465 1018 515 sudore,
1056 464 1232 505 tandem
1265 464 1310 503 in
1351 463 1596 505 omnimoda
1631 464 1836 522 ἀπυρεξίᾳ

172 514 358 588 ,Ἑοᾞῗνξξζῂ
375 533 631 584 desinerent,
674 538 801 585 atque
841 539 935 587 post
982 537 1138 573 statam
1178 531 1400 584 periodum
1446 544 1593 585 aegros
1634 532 1686 573 de
1726 546 1834 575 novo

174 608 339 659 Canii-acts
374 601 651 651 lacesse1·ent;
698 615 752 642 ne
785 601 900 641 hunc
942 600 1112 653 quidem
1145 600 1235 653 jam
1271 612 1433 640 morem
1466 599 1690 641 servabant
1722 600 1836 641 ultra

171 657 346 725 {Ucefflssfg'
374 670 550 710 tertium
601 673 850 723 quartumve
891 681 1190 721 paroxysmum
1204 683 1216 716 ;
1262 667 1446 707 maxime
1486 667 1521 708 si
1561 681 1686 722 aeger
1725 669 1835 710 lecto

172 737 249 785 adep
266 748 356 777 prae-
374 737 652 786 addiceretur,
675 741 718 776 et
745 736 972 789 assumptis
999 734 1202 775 cardiacis
1223 733 1494 775 calidioribus
1523 736 1650 775 oleum
1677 737 1834 777 camino

171 781 342 853 ἷὲξῃῃζῖἶζζῃ
377 804 506 858 (quod
533 804 683 856 aiunt,)
713 802 955 843 addida-iti.
1017 803 1173 843 Postea
1199 815 1297 843 vero
1319 802 1464 843 Febris
1492 802 1597 844 haec
1627 816 1677 844 eo
1700 817 1834 858 usque

170 864 341 896 iucrudue-
373 872 501 912 etiam
531 876 697 925 praeter
717 871 904 911 indolem
927 885 1049 911 suam
1069 870 1408 920 incrudescebat,
1422 875 1471 911 ut
1500 871 1834 913 Intermissionis

170 913 358 980 {Zigssriiwto
373 939 464 980 loco
487 939 797 980 Remissionem
824 943 996 980 tantum
1019 952 1146 992 aegro
1168 937 1418 979 concederet
1434 955 1446 988 3
1478 943 1520 979 et
1541 939 1678 992 magis
1697 939 1834 981 indies

169 991 357 1066 ξξζξξῖξζζῗί
373 1007 427 1048 ad
441 1007 754 1048 Continuarum
771 1007 954 1061 speciem
969 1007 1185 1058 accedenS,
1204 1011 1319 1048 tacto
1333 1007 1506 1048 cerebro
1522 1007 1698 1048 tandem
1718 1007 1835 1049 haud

171 1061 300 1109 banui'r.
371 1089 526 1129 paucos
548 1076 818 1129 extingueret
831 1075 864 1116 k.

167 1130 217 1203 ᾖξε
226 1131 355 1207 ᾗθὲζιζ
435 1144 542 1198 [13]
581 1144 858 1185 Cur-ationem
890 1144 1003 1198 quod
1034 1149 1209 1198 spectat,
1227 1145 1318 1198 jam
1347 1159 1370 1185 a
1399 1144 1546 1185 multis
1575 1145 1698 1186 annis
1727 1145 1834 1187 mihi

168 1217 319 1299 {ngrifflgo
370 1212 560 1253 innotuit
582 1227 709 1266 quam
727 1212 780 1253 sit
801 1212 1086 1266 periculosum
1103 1227 1196 1253 eam
1212 1212 1259 1252 in
1274 1212 1484 1252 Tertianis
1501 1217 1544 1253 et
1561 1212 1833 1254 Quotidianis

169 1302 255 1332 rifica
272 1314 328 1333 cu-
374 1283 509 1335 (quae,
535 1296 633 1322 cum
654 1287 846 1323 recentes
875 1282 961 1322 sint
989 1282 1241 1335 nullumque
1269 1287 1421 1335 typum
1442 1281 1632 1332 indutae,
1652 1282 1699 1322 in
1721 1281 1833 1323 Con-

167 1345 342 1429 ἷξὲῑῑῗὲθζὲ-
370 1350 583 1390 tinuitatis
599 1350 752 1391 vicinia
773 1350 912 1391 adhuc
931 1350 1138 1403 haerent)
1159 1364 1234 1404 per
1251 1350 1473 1390 sudorifica
1488 1350 1628 1391 moliri
1645 1367 1653 1391 :
1685 1364 1832 1404 quam-

165 1431 340 1462 rieulosum
372 1418 431 1457 xis
453 1418 567 1457 enim
595 1418 866 1457 notissimum
898 1418 952 1457 sit
975 1417 1102 1457 simul
1129 1431 1227 1458 cum
1259 1417 1411 1457 sudore
1439 1422 1742 1471 prorumpente
1767 1417 1831 1458 in-

169 1478 230 1508 est;
369 1484 667 1540 quietudinem
703 1489 830 1538 atque
867 1484 948 1524 alia
984 1490 1269 1538 symptomata
1309 1483 1455 1525 statim
1492 1498 1752 1535 evanescere,
1789 1489 1833 1526 et

368 1550 601 1607 α’πυρεξίαν
631 1552 866 1602 succedere,
901 1557 944 1592 et
972 1566 1023 1592 ex
1050 1552 1328 1606 consequenti
1358 1552 1458 1593 huic
1488 1553 1711 1606 paululum
1744 1566 1832 1594 esse

368 1619 694 1673 indulgendum,
718 1620 867 1660 saltem
896 1633 983 1660 non
1005 1633 1094 1660 esse
1125 1619 1419 1661 obsistendum
1450 1633 1705 1673 paroxysmo
1734 1620 1831 1661 fati-

367 1693 512 1728 scente
528 1705 539 1738 ;
574 1693 720 1728 tamen
747 1692 811 1728 est
844 1689 1243 1742 compertissimum,
1267 1688 1393 1741 quod,
1424 1689 1458 1728 si
1485 1688 1603 1742 justo
1624 1689 1831 1743 copiosius

166 1764 210 1794 ita
226 1765 311 1814 enim
368 1756 562 1797 eliciatur
593 1756 733 1807 sudor,
761 1770 868 1809 quac
894 1756 1211 1797 intermittebat
1240 1756 1388 1797 Febris
1414 1757 1506 1810 jam
1527 1757 1576 1797 fit
1598 1756 1830 1808 Continua,

165 1813 322 1880 ffffeffif
325 1819 354 1838 r·
368 1838 589 1878 aegerque,
625 1829 831 1878 tanquam
864 1825 1027 1865 incerto
1061 1825 1176 1865 aleae
1212 1838 1326 1874 casu,
1363 1825 1409 1864 in
1442 1825 1552 1866 vitae
1588 1824 1831 1867 discrimine

167 1891 278 1964 ἓθῑπξὸ
295 1894 329 1923 fit
368 1898 559 1934 versatur
574 1909 584 1942 ;
616 1892 685 1933 hic
716 1897 918 1942 servatiu’,
940 1893 1050 1946 perit
1078 1892 1161 1933 ille.
1226 1893 1352 1933 Ratio
1381 1896 1444 1933 est
1465 1892 1582 1943 haec,
1609 1893 1707 1945 (nisi
1736 1907 1832 1934 mea

166 1941 345 2021 Αἰῖιὲἰίἳα
367 1974 436 2001 me
456 1960 566 2000 fallit
593 1961 864 2014 conjectura,)
890 1960 1003 2013 quod
1025 1961 1183 2000 scilicet
1211 1960 1452 2001 istiusmodi
1472 1961 1668 2014 profusus
1689 1960 1829 2011 sudor,

165 2016 316 2072 ejusden'i.
367 2043 465 2069 cum
495 2029 697 2068 materiae
718 2028 890 2078 febrilis,
913 2029 1156 2082 paroxysmi
1179 2028 1315 2069 calore
1344 2042 1393 2069 eo
1420 2042 1557 2084 usque
1585 2033 1754 2070 evectae
1780 2034 1831 2070 ut

361 2097 452 2150 jam
471 2110 546 2150 per
570 2095 940 2149 dcspumationem
971 2097 1065 2150 ejici
1086 2097 1231 2150 possit,
1253 2096 1430 2137 modum
1451 2101 1667 2150 exuperet,
1691 2102 1829 2138 exter-

365 2163 529 2204 minata
549 2178 599 2204 ea
618 2169 738 2217 parte
761 2178 868 2217 quae
895 2164 1023 2205 unico
1043 2178 1294 2219 paroxysmo
1322 2163 1562 2218 respondet,
1589 2164 1642 2205 de
1666 2165 1830 2218 reliquo

366 2232 567 2286 sanguini
586 2232 855 2273 incendendo
880 2233 1158 2287 impenditur.
1222 2233 1366 2287 Hujus
1386 2233 1531 2286 itaque
1553 2232 1743 2273 methodi
1763 2233 1828 2273 in-

366 2301 606 2351 efficaciam,
643 2306 686 2341 et
727 2301 907 2342 aliarum
941 2301 1268 2342 evacuationum
1303 2301 1681 2353 (venae-sectionis,
1711 2301 1829 2342 verbi

165 2261 287 2291 Venae-

164 2304 261 2334 sectio
276 2310 305 2335 ct

407 2411 414 2431 i
439 2415 457 2429 “
475 2413 593 2443 Oleum
631 2413 711 2443 adde
741 2413 900 2449 camin0‚’'
935 2413 1064 2452 (Horat.

367 2457 429 2485 Sat.
446 2455 476 2486 ii.
493 2457 520 2486 3.
540 2456 627 2495 321.)
646 2456 666 2485 i.
685 2466 710 2486 e.
728 2455 992 2495 wnalofomenhwn,
1005 2458 1064 2487 vel-

365 2504 398 2528 nt
415 2500 597 2535 alimoniam,
619 2500 824 2538 suppeditare.
871 2499 920 2530 Cf.
939 2499 1068 2529 Erasmi

367 2543 467 2580 Adag.
487 2541 505 2571 ἱ.
524 2542 551 2572 2.
576 2542 604 2571 9.

410 2581 423 2601 ¹‘
448 2584 531 2614 Add.
563 2584 612 2613 ed.
634 2585 689 2613 '80
719 2594 800 2623 quae
824 2589 1003 2623 sequuntur
1016 2596 1069 2613 :—

367 2626 430 2655 Hic
445 2632 542 2655 antem
559 2628 616 2655 lor-i
631 2629 779 2664 affirmare
796 2629 878 2662 libet,
894 2638 936 2657 me
950 2638 984 2657 ne
1001 2629 1067 2657 uni-

368 2679 431 2697 cam
443 2671 559 2707 quidem
573 2670 697 2699 Febrem
707 2680 763 2708 per
775 2671 826 2699 hos
837 2671 900 2699 dies
910 2681 975 2700 vere
991 2671 1066 2699 Con·

368 2712 481 2740 tinaanz
500 2713 607 2741 vidisse
624 2723 762 2750 unquam,
776 2711 927 2750 nisisorte
944 2723 976 2742 re
992 2714 1068 2742 male

365 2761 453 2791 gesta
471 2755 499 2782 ιή
513 2764 614 2783 earnm
632 2756 753 2784 classem
761 2753 863 2793 faerit
879 2760 1000 2789 evecta,-
1024 2757 1069 2785 rel

368 2805 427 2824 una
466 2801 541 2825 esset
575 2796 857 2826 Intercurrentimn
891 2799 963 2827 mihi
1000 2799 1065 2827 dic-

369 2841 477 2872 tarum,
494 2839 574 2877 quod
588 2840 702 2868 scilice!
719 2838 876 2878 onmisere
888 2851 965 2869 anno
981 2842 1065 2870 inra-

369 2881 480 2909 drrvnt.
521 2882 568 2910 Ila
584 2883 783 2919 pertinaciter
798 2884 870 2911 leave
888 2884 1067 2913 constitutio

368 2921 537 2960 hujusmodi
556 2923 827 2953 Inlcrmillcntibns
839 2923 990 2963 favebam
1014 2937 1065 2955 (⁸11-

1117 2414 1174 2454 jus
1190 2420 1269 2444 certe
1285 2416 1365 2444 acies
1378 2417 1466 2453 prins
1478 2419 1521 2444 es!
1538 2416 1723 2444 retundenda
1738 2425 1828 2454 quam

1129 2458 1293 2487 Continuat?
1305 2459 1465 2495 epidemice
1479 2459 1619 2496 grassari
1631 2455 1732 2495 fuert't
1748 2459 1825 2488 inte-

1123 2511 1223 2539 grum.
1249 2500 1368 2529 Etenim
1380 2502 1410 2529 in
1421 2502 1476 2529 hac
1494 2501 1636 2530 febrium
1646 2502 1744 2538 specie
1756 2500 1825 2530 Na-

1128 2547 1197 2573 tura
1211 2544 1280 2581 plns
1295 2540 1531 2581 satissestinare
1549 2544 1676 2578 videtur,
1693 2547 1722 2572 et
1737 2553 1828 2582 agen·

1127 2586 1160 2614 di
1176 2587 1356 2615 vehementia
1364 2585 1452 2625 justo
1467 2587 1558 2615 citius
1578 2589 1710 2623 tempora
1729 2589 1824 2615 mate—

1129 2630 1193 2657 riae
1224 2629 1389 2665 rtzorI2fflcae
1418 2628 1611 2667 subigendae,
1639 2638 1705 2657 mox
1734 2629 1825 2657 etiam

1128 2672 1356 2708 despumandae,
1383 2671 1485 2699 debita
1511 2680 1689 2708 percurrere
1701 2682 1710 2699 .-
1748 2671 1828 2709 quod

1127 2715 1158 2742 in
1175 2714 1380 2751 Depuraloria
1396 2723 1480 2742 secas
1500 2714 1622 2748 accidit,
1641 2714 1670 2741 in
1692 2722 1750 2751 qua
1769 2723 1825 2742 mm

1128 2757 1186 2785 nisi
1198 2760 1265 2794 post
1288 2755 1351 2785 dies
1375 2757 1515 2785 tredecim
1540 2756 1585 2784 rel
1602 2756 1825 2793 quatuordecim

1126 2803 1273 2837 apparent
1288 2800 1376 2837 signa
1399 2799 1542 2827 materiae
1557 2796 1682 2835 febrilis
1707 2799 1825 2827 landem

1126 2846 1290 2875 conc-orsae,
1305 2851 1361 2879 per
1375 2842 1496 2870 sudores
1511 2841 1645 2876 subinde,
1662 2841 1708 2869 vel
1722 2841 1825 2878 polius

1123 2894 1178 2921 per
1201 2881 1350 2918 διαπνοήν
1368 2884 1461 2922 paulo
1480 2884 1653 2921 pleniorem,
1666 2883 1824 2912 eliminan-

1127 2927 1191 2955 dae.
