1985 3308
213 246 268 276 Dr.
324 275 328 278 .

171 289 316 319 ULCERE

160 332 326 362 VnsmAss.

156 1062 263 1092 Morbi
271 1072 341 1102 spe-

154 1105 229 1140 cies,
239 1110 270 1134 et
285 1105 340 1135 de-

156 1148 293 1189 scriptio.

160 1744 334 1773 CURATIO.

350 133 435 172 604
767 133 1024 174 THOMAE
1059 133 1399 175 SYDENHAM

732 238 946 281 [Foliorum]
966 239 1164 280 Saniculae,

736 298 952 340 [Foliorum]
974 298 1203 343 Plantaginis‚
1220 309 1288 332 ana
1304 297 1502 343 manipulos
1517 309 1599 337 sex;

544 355 752 390 Incidantur
772 356 949 396 minutim,
968 360 1002 389 et
1027 354 1243 389 destinentur
1266 356 1303 389 in
1320 355 1406 389 Vini
1434 355 1528 396 Albi,
1545 361 1580 389 et
1604 355 1733 396 Laetis,
1751 366 1819 390 ana

541 413 639 447 libris
657 418 816 458 quatuor,
834 418 869 446 et
885 412 1067 446 eliciantur
1084 412 1300 446 solummodo
1316 413 1424 447 librae
1441 417 1590 457 quatuor
1605 424 1666 457 pro
1685 424 1759 447 usu.

357 492 490 536 [Form.
508 492 608 538 255]
661 491 701 540 R
731 492 888 526 Pulveris
905 491 1047 526 Radicis
1064 491 1272 526 Consolidae
1290 492 1448 537 Majoris,

732 550 880 584 Gummi
896 549 1049 590 Arabici,
1066 561 1135 584 ana
1151 551 1292 584 unciam
1310 561 1431 591 unam,

731 606 894 641 Sacchari
912 606 1051 640 Penidii
1068 607 1188 641 uncias
1205 607 1310 648 duas;

545 663 624 697 Fiat
641 664 772 709 pulvis:
799 664 914 708 capiat
931 663 1108 698 cochleare
1124 675 1234 698 unum
1250 666 1304 699 bis
1320 665 1357 699 in
1375 665 1442 698 die.

949 792 1079 834 CAP.
1113 795 1231 835 LVI.

397 903 460 942 De
481 902 696 942 Asthmate
716 901 938 941 inveterato
960 902 1003 941 in
1023 901 1076 941 iis
1097 902 1165 954 qui
1187 901 1418 954 Sanquineo
1445 901 1772 953 Temperamento

925 969 1115 1022 praediti
1135 973 1243 1009 sunt.

418 1059 677 1101 DIVIDITUR
697 1059 744 1100 in
770 1063 856 1100 tres
885 1059 1066 1113 species:
1104 1059 1391 1113 Dyspnoeam,
1414 1073 1521 1113 quae
1553 1058 1732 1100 difficilis
1757 1063 1821 1100 est

360 1129 594 1184 respiratio,
615 1128 662 1168 in
684 1143 767 1182 qua
795 1127 980 1169 crebrior
1008 1127 1261 1181 densiorque
1293 1132 1356 1168 est
1384 1127 1556 1182 spiritus
1581 1128 1747 1178 tractio,
1771 1141 1822 1168 ex

360 1198 547 1238 infarctu
577 1197 832 1251 pulmonum
862 1196 953 1236 sine
982 1200 1162 1237 stertore
1183 1195 1364 1236 oriunda
1376 1213 1388 1246 3
1419 1196 1616 1246 Asthma,
1637 1195 1714 1236 ubi
1742 1195 1824 1235 fre-

363 1281 496 1321 quens
518 1270 560 1307 et
581 1279 740 1319 magna
758 1265 993 1319 respiratio,
1010 1264 1057 1305 in
1079 1279 1162 1318 qua
1183 1264 1473 1318 diaphragma,
1490 1263 1674 1305 musculi
1692 1263 1824 1304 inter-

362 1335 554 1385 costales,
571 1339 668 1374 tum
689 1334 819 1374 etiam
840 1333 1093 1383 abdominis,
1111 1333 1319 1374 violenter
1339 1338 1578 1383 moventur,
1601 1346 1699 1373 cum
1721 1336 1824 1372 ster-

362 1409 455 1444 tore
488 1407 530 1443 et
564 1402 711 1452 sibilo;
758 1402 819 1455 (in
853 1402 992 1456 priore
1029 1402 1167 1455 specie
1204 1401 1444 1442 substantia
1478 1402 1744 1454 pulmonum,
1780 1400 1827 1440 in

362 1471 594 1525 posteriore
624 1470 831 1511 bronchia
861 1470 1147 1524 oppilantur3)
1183 1475 1226 1510 et
1258 1469 1592 1523 Orthopnoeam‚
1625 1482 1731 1522 quae
1763 1472 1827 1509 est

363 1539 550 1580 maxima
590 1538 778 1592 spirandi
814 1537 1051 1588 difficultas,
1084 1537 1162 1578 sub
1195 1552 1278 1591 qua
1314 1543 1584 1591 aegrotantes
1619 1544 1708 1577 non
1742 1536 1827 1576 nisi

365 1611 562 1652 sedentes
593 1615 635 1651 et
663 1614 804 1651 erecta
831 1610 989 1650 cervice
1016 1609 1222 1663 respirare
1252 1614 1430 1662 possunt
1444 1626 1455 1660 3
1487 1609 1669 1650 musculi
1695 1608 1825 1650 etiam

364 1679 546 1733 pectoris
567 1682 610 1719 et
632 1678 900 1732 scapularum
920 1678 1195 1718 vehementer
1216 1678 1500 1731 exagitantur.

422 1747 630 1787 Mittatur
661 1745 834 1799 sanguis
857 1759 879 1786 e
899 1745 1073 1786 brachio
1097 1746 1244 1786 dextro
1273 1745 1326 1786 ad
1347 1745 1495 1785 uncias
1522 1745 1682 1786 decem.
1743 1743 1826 1785 Die

365 1814 560 1868 sequenti
577 1819 717 1854 sumat
734 1814 959 1854 Potionem
976 1813 1253 1867 Purgativam
1270 1814 1567 1864 Communem,
1586 1826 1693 1867 quae
1707 1826 1826 1866 repe-

364 1888 482 1924 tatur
501 1882 630 1923 tertia
652 1895 818 1935 quaque
841 1881 908 1922 die
929 1896 1004 1935 per
1026 1881 1130 1922 duas
1149 1881 1250 1921 alias
1271 1882 1396 1922 vices.

422 1951 585 1992 Diebus
608 1965 632 1991 a
651 1950 905 2004 purgatione
926 1949 1067 1990 vacuis
1090 1955 1231 1990 sumat
1253 1949 1475 2004 sequentia
1490 1966 1559 1991 :——

367 2041 502 2086 [Form.
521 2041 620 2082 256]
649 2039 690 2089 Ra
720 2040 902 2074 Seminum
914 2041 1015 2074 Anisi
1029 2040 1253 2074 subtilissime
1267 2041 1522 2084 pulveratorum
1538 2039 1720 2074 drachmas
1732 2038 1830 2081 duas,
1892 2031 1900 2043 ⁸

717 2111 797 2133 cum
817 2099 1009 2132 sufficiente
1026 2099 1225 2143 quantitate
1243 2098 1400 2132 Balsami
1419 2098 1609 2139 Locatelli3

555 2158 661 2192 Fiant
677 2158 805 2203 pilulae
822 2169 863 2192 ex
879 2158 1025 2202 singulis
1039 2157 1213 2191 drachmis
1226 2168 1305 2190 sex:
1332 2158 1447 2202 capiat
1463 2163 1530 2191 tres
1542 2169 1646 2191 mane
1659 2162 1693 2191 et
1706 2157 1830 2202 quinta

554 2216 805 2262 pomeridiana,
815 2214 1066 2260 superbibcndo
1082 2214 1227 2248 Decocti
1241 2215 1362 2248 Amaii
1375 2215 1449 2248 sine
1466 2215 1696 2259 purgantibus
1708 2214 1829 2248 uncias

554 2280 702 2318 quatuor
718 2273 839 2307 calide.

429 2354 475 2394 Si
496 2358 781 2408 symptomata
803 2353 941 2394 adhuc
965 2357 1182 2404 maneant,
1204 2357 1422 2407 repetatur
1453 2353 1505 2394 de
1527 2368 1636 2394 novo
1662 2353 1830 2407 integer

369 2436 601 2475 processus.

948 2577 1078 2620 CAP.
1113 2577 1257 2620 LVII.

948 2686 1018 2726 De
1040 2686 1250 2739 Paralysi.

432 2776 602 2816 SExscs
632 2780 675 2817 et
698 2780 841 2818 motus
872 2776 918 2817 in
946 2777 1140 2830 partibus
1173 2790 1281 2830 quae
1311 2775 1566 2826 afficiuntur,
1595 2775 1660 2816 vel
1691 2774 1829 2826 simul,

373 2844 438 2883 vel
473 2844 678 2885 alterutra
706 2849 877 2885 tantum
908 2844 1100 2896 facultas,
1134 2848 1208 2885 aut
1243 2857 1413 2897 prorsus
1449 2843 1727 2897 extinguitur,
1759 2846 1833 2883 aut

374 2911 559 2951 vitiatmn
