1985 3308
405 145 799 188 DISSERTATIO
830 144 1240 185 EPISTOLARIS.
1464 148 1548 188 357

92 268 219 307 quam
253 253 463 307 plerisque
495 266 642 293 eorum
683 249 755 304 qui
794 254 1000 291 sanantur
1035 250 1172 291 solent
1211 250 1390 303 prodire.
1453 252 1548 293 Hac
1567 261 1620 292 Dr:
1639 262 1748 292 νηι-

90 322 276 375 primum
316 326 440 362 nocte
482 319 626 374 syrupi
660 318 712 359 de
751 318 943 359 meconio
982 318 1151 359 unciam
1186 333 1318 358 unam
1352 319 1398 359 in
1439 333 1548 373 aqua
1566 305 1751 377 ⁰331?ae-

90 388 243 428 florum
282 388 519 441 paralyseos
558 385 848 440 propinabam,
891 385 1068 438 singulis
1113 385 1309 439 deinceps
1350 387 1547 427 noctibus

89 455 392 507 repetendam3
425 453 653 495 suadebam
686 453 814 494 etiam
848 457 897 493 ut
930 466 1018 493 non
1054 452 1144 492 aliis
1177 453 1388 506 stragulis,
1420 468 1547 507 quam

91 522 244 575 quibus
275 536 402 562 sanus
434 526 684 571 assueverat,
705 526 920 574 tegeretur
935 536 946 570 ;
977 524 1026 560 ut
1049 520 1227 574 jusculis
1258 521 1473 561 avcnaceis
1505 526 1547 562 et

89 589 343 639 hordeaceis,
365 603 674 642 nonnunquam
696 588 823 629 etiam
845 601 969 641 pomo
990 592 1122 638 cocto,
1142 592 1380 628 vesceretur
1391 605 1403 639 3
1435 602 1547 630 cere-

88 656 235 696 visiam
266 656 394 696 etiam
425 662 600 697 tenuem
632 656 834 697 hauriret.
895 655 976 696 Die
1011 659 1158 696 octavo
1189 656 1335 696 allium
1364 655 1547 697 incisum

89 728 132 765 et
155 738 298 777 panno
325 724 438 764 lineo
462 724 674 765 inclusum
704 724 862 777 pedum
883 724 1039 778 plantis
1070 724 1369 778 applicandum
1391 726 1545 776 curavi,

89 796 132 832 et
151 792 442 832 renovandum
464 792 650 845 quotidie
673 792 805 832 donec
827 797 945 832 extra
966 792 1100 832 aleam
1121 792 1383 833 consisteret.
1445 793 1547 834 Post

88 859 192 900 haec
223 873 300 913 pro
335 860 655 912 augescentium
686 860 956 913 pustularum
993 860 1116 913 genio
1152 861 1295 900 omnia
1325 860 1546 911 cedebant,

89 941 222 980 usque
252 927 306 967 ad
334 927 545 968 decimum
578 927 717 977 diem;
750 942 833 980 quo
853 934 1043 980 tempore
1073 941 1199 968 mane
1225 942 1323 968 cum
1349 928 1545 978 invisens,

88 994 184 1035 licet
200 995 466 1035 mediocriter
482 1009 525 1035 80
540 994 729 1045 haberet,
743 995 870 1035 febris
885 1000 1030 1035 tamen
1047 995 1318 1036 secundariae
1335 996 1547 1049 quendam

90 1062 209 1115 quasi
228 1062 501 1116 prodromum
523 1062 793 1115 deprehendi,
817 1077 915 1103 cum
937 1063 1169 1116 jactatione
1200 1063 1380 1116 aliquali.
1442 1064 1547 1104 Mox

88 1129 232 1182 itaque
251 1130 478 1183 procellam
499 1130 656 1170 veritus
676 1130 986 1180 imminentem,
1000 1130 1294 1183 paregoric‘um
1316 1145 1443 1184 supra
1456 1131 1547 1172 lau-

90 1197 238 1237 datum
262 1197 307 1253 [§
330 1199 386 1238 36
408 1198 488 1251 sq.]
527 1198 712 1249 exhibui,
736 1213 760 1238 a
791 1212 873 1252 quo
893 1199 1123 1251 tranquilla
1144 1198 1287 1239 omnia
1307 1204 1349 1238 ct
1370 1205 1545 1252 pacata;

90 1264 236 1306 eadem
253 1270 377 1306 nocte
399 1266 543 1320 syrupi
564 1265 615 1306 dc
635 1266 827 1307 meconio
845 1266 1153 1319 sesquiunciam
1170 1267 1428 1319 praescripsi.
1475 1268 1547 1308 Se-

90 1338 248 1385 quente
264 1347 427 1384 aurora,
449 1333 547 1386 (diei
563 1334 721 1374 scilicet
737 1333 982 1386 undecimi,)
1000 1348 1111 1384 cum,
1128 1339 1222 1387 post
1240 1335 1549 1376 exolescentem

89 1401 174 1440 vim
192 1401 378 1454 anodyni
395 1402 508 1454 quod
522 1402 723 1442 hesterna
737 1406 862 1442 nocte
879 1406 1125 1454 sumpserat,
1135 1403 1225 1455 jam
1242 1402 1293 1441 de
1309 1416 1417 1442 novo
1439 1407 1549 1444 esset

89 1468 366 1522 irrequietior,
398 1469 576 1509 diacodii
605 1469 761 1509 iterum
792 1469 1104 1522 sesquiunciam
1135 1469 1346 1522 extemplo
1378 1470 1548 1523 ingessi,

87 1536 250 1590 vesperi
278 1537 382 1577 item
411 1537 692 1587 tantundem,
725 1541 852 1590 atque
883 1537 1063 1577 eandem
1088 1536 1210 1577 dosin
1230 1551 1356 1577 mane
1387 1541 1429 1577 et
1455 1551 1549 1578 sero

88 1608 138 1644 ut
166 1608 399 1645 assumeret
429 1604 618 1658 quotidie
648 1605 936 1655 consulebam,
966 1604 1100 1645 donec
1131 1604 1305 1645 omnino
1337 1605 1549 1646 convales-

89 1676 215 1712 ceret.
276 1672 425 1712 Paruit
458 1686 607 1725 aeger3
638 1686 777 1726 neque
813 1672 985 1725 aliquod
1016 1686 1094 1712 nos
1126 1671 1278 1712 deinde
1310 1677 1550 1726 symptoma

89 1740 304 1791 exterruit,
326 1740 410 1781 nisi
440 1740 553 1794 quod
572 1740 696 1780 urina
726 1740 764 1781 ei
792 1739 1045 1794 quandoque
1072 1739 1417 1793 supprimeretur,
1445 1740 1548 1792 (ma-

88 1807 177 1848 lum
193 1808 432 1861 junioribus
451 1808 532 1848 1100
552 1808 598 1848 111
613 1808 762 1849 morbo
782 1808 1018 1860 familiare,)
1040 1822 1167 1861 quam
1187 1812 1333 1848 tamen
1355 1808 1548 1861 genubus

88 1874 258 1915 innixus
287 1875 333 1914 in
363 1876 472 1915 lecto
496 1875 713 1916 reddebat.
776 1875 1056 1929 Ptyalismum
1083 1875 1195 1928 quod
1220 1880 1395 1928 spectat,
1418 1890 1548 1929 quan-

89 1943 245 1983 tumvis
267 1943 417 1983 salivae
438 1943 557 1996 copia
575 1943 787 1996 frequenti
807 1943 1100 1997 anodynorum
1129 1944 1175 1983 in
1204 1948 1294 1983 tam
1320 1944 1440 1996 larga
1459 1944 1549 1984 dosi

90 2010 339 2064 repetitione
375 2011 689 2063 aliquantulum
724 2010 1058 2063 interciperetur,
1090 2015 1236 2052 tamen
1270 2011 1459 2064 longiore
1495 2012 1547 2052 ab

90 2092 237 2119 eorum
257 2092 338 2118 usu
359 2078 578 2118 intervallo
597 2077 796 2131 pituitam
824 2083 1070 2118 concoctam
1097 2078 1331 2128 excreabat,
1355 2092 1402 2119 ac
1422 2078 1548 2119 facies

89 2159 322 2199 manusque
344 2145 486 2186 debito
510 2151 701 2199 tempore
730 2160 806 2199 pro
826 2146 932 2186 votis
963 2145 1314 2186 intumescebant.
1375 2146 1456 2186 Dic
1478 2146 1547 2187 dc·

89 2213 199 2254 cimo
231 2218 376 2254 octavo
409 2227 431 2253 0
466 2214 574 2254 lecto
606 2214 819 2267 surgebat,
854 2218 896 2253 et
932 2217 1037 2253 tunc
1069 2213 1254 2266 primum
1279 2213 1495 2266 jusculum
1526 2228 1548 2255 0

88 2281 303 2334 puHorum
330 2281 527 2322 carnibus
558 2281 846 2334 indulgebam‚
881 2296 906 2321 a
937 2295 1020 2334 quo
1051 2295 1125 2334 per
1146 2281 1299 2334 gradus
1330 2281 1464 2321 indies
1495 2282 1549 2322 ad

89 2348 247 2389 victum
287 2354 538 2390 consuetum
582 2349 761 2390 redibat.
843 2349 924 2389 Die
964 2349 1161 2389 vicesimo
1201 2349 1336 2402 primo
1378 2350 1547 2402 sanguis

89 2415 340 2457 mittebatur
371 2430 394 2457 0
432 2417 605 2458 brachio
646 2417 794 2458 dextro
835 2417 889 2457 ad
922 2417 1068 2457 uncias
1104 2421 1212 2466 octo,
1247 2416 1319 2470 qui
1358 2417 1546 2469 plau-iti-

91 2497 236 2524 corum
276 2484 525 2537 sanguinem
565 2485 872 2535 aemulabatur,
914 2489 956 2525 et
995 2484 1109 2538 puris
1149 2484 1236 2524 fere
1275 2484 1409 2524 instar
1444 2491 1544 2525 erat.

91 2551 285 2605 Denique
306 2552 360 2592 ad
381 2558 561 2606 quatuor
580 2553 702 2604 vices,
726 2553 860 2606 spatio
880 2552 1142 2605 interposito,
1164 2557 1371 2605 purgatus
1391 2552 1485 2592 fuit.

154 2618 262 2673 [47.]
302 2619 386 2660 Hic
407 2620 678 2671 subinnuam,
701 2621 814 2674 quod
836 2621 998 2674 quotics
1024 2621 1070 2660 in
1091 2620 1156 2660 his
1182 2620 1358 2673 pagellis
1379 2619 1466 2660 dics
1492 2620 1544 2661 ab
1563 2634 1712 2666 Variolae

89 2685 304 2727 invasione
329 2687 459 2739 (verbi
476 2687 623 2740 gratia,
640 2692 810 2738 sextum,
826 2688 1091 2737 undecimum,
1109 2689 1204 2739 etc.)
1224 2687 1543 2738 nominaverim,
1563 2677 1738 2750 ἱεῖξζῇῑᾚξζ

90 2769 176 2795 11011
198 2755 258 2796 ita
278 2756 409 2809 accipi
428 2756 473 2796 id
488 2756 625 2806 velim,
649 2757 767 2810 quasi
782 2757 976 2797 Variolae
994 2756 1267 2796 Confluentes
1287 2755 1413 2796 tertio
1434 2769 1543 2796 nun-
1562 2765 1620 2798 tes,
1639 2762 1714 2811 licqt

90 2836 217 2875 quam
247 2837 333 2863 non
364 2823 431 2864 die
462 2829 756 2877 erumperent3
789 2838 885 2864 cum
917 2823 1017 2863 satis
1048 2823 1176 2863 sciam
1202 2822 1455 2876 quandoque
1484 2822 1545 2864 ita
1562 2809 1598 2834 ut
1612 2805 1716 2844 th’

1561 2857 1664 2883 mum,
1678 2858 1741 2878 non

90 2889 288 2940 accidere,
311 2891 438 2931 etiam
470 2892 513 2931 111
545 2891 594 2931 118
620 2891 690 2944 qui
711 2892 774 2932 vel
805 2891 985 2931 maxime
1014 2891 1247 2940 confluunt,
1269 2895 1317 2931 ut
1348 2891 1543 2944 pustulae
1558 2893 1754 2922 tamensem-
