1985 3308
512 117 852 161 PROCESSUS
886 118 1160 159 INTEGRI.
1482 121 1565 159 547

171 228 250 283 [6.]
291 228 336 269 Si
358 226 625 282 superveniat
652 225 774 266 iliaca
796 225 947 279 passio,
969 223 1280 278 praescribatur
1302 224 1398 264 salis
1426 224 1565 265 absin·
1586 235 1639 266 Dr.
1652 236 1768 267 Ferme

105 295 186 337 thii
217 296 438 350 scrupulus
467 309 580 336 unus
612 308 662 335 ex
695 293 903 335 cochleari
932 307 1020 334 uno
1051 293 1166 333 succi
1198 292 1408 332 limonum
1438 306 1564 333 manc
1585 278 1767 351 ἕζζῖζζῧῖι

104 368 146 404 et
179 378 271 405 sero
284 382 295 414 ς
345 362 609 405 intermediis
637 361 898 416 temporibus
934 360 1156 414 capiantur
1195 373 1328 412 aquae
1363 359 1563 400 menthae
1583 364 1767 414 ss‘llssssd‘g-

104 431 338 472 stillatitiae
368 431 459 472 sine
490 431 688 471 saccharo
714 428 948 470 cochlearia
977 428 1136 482 aliquot
1160 427 1226 468 bis
1252 440 1415 480 quaque
1443 426 1559 467 hora.
1580 422 1770 504 {Jssssssssjjisst

103 499 221 540 Dum
245 500 349 541 haec
377 500 501 549 fiunt,
525 499 691 539 catulus
712 497 856 538 vivens
877 496 993 538 nudo
1017 496 1156 538 ventri
1175 495 1468 536 indesinenter
1495 509 1562 535 ac·
1691 488 1712 493 '⁵
1765 489 1770 499 '

102 567 288 608 cumbat.
340 567 572 620 Postquam
589 566 708 606 dolor
729 579 826 606 cum
847 565 1011 606 vomitu
1030 578 1106 618 per
1125 563 1306 604 biduum
1321 563 1563 604 triduumve

102 635 338 685 cessaverit,
356 634 605 675 exhibeatur
626 633 854 686 pilularum
870 633 1113 674 cochiarum
1133 632 1343 685 majorum
1365 630 1566 671 drachma

101 717 189 743 una
218 703 265 742 in
295 716 404 755 aqua
433 702 635 742 menthae
664 700 826 742 soluta:
858 714 937 741 nec
962 700 1242 742 removendus
1269 699 1435 741 catulus
1464 703 1564 740 ante

100 769 329 823 pilularum
350 783 489 809 usum.

163 837 243 891 [7.]
279 836 351 877 Ad
385 836 610 877 recidivam
646 836 980 890 praecavcndam
1015 836 1212 890 persistat
1243 836 1289 876 in
1327 850 1408 876 usu
1443 849 1560 889 prae·
1581 842 1766 890 qui-‹ladm-

100 904 238 946 dictae
263 918 396 958 aquae
427 918 502 957 per
528 904 706 957 longum
727 909 908 958 tempus,
932 909 973 945 et
1003 904 1225 958 duplicatis
1246 904 1398 957 pannis
1428 903 1561 944 lancis
1578 885 1765 967 ξιὲἔςᾞεη,

100 977 291 1014 ventrem
313 987 338 1013 a
357 972 512 1026 frigore
536 972 752 1013 defendat.
1545 974 1554 982 ²
1579 970 1662 1000 dam.

696 1180 821 1221 CAP.
854 1180 942 1220 ΙΙΙ..

311 1289 375 1328 De
395 1288 522 1328 Febre
544 1288 819 1328 Pestilentialz‘
838 1300 1035 1328 annorum
1059 1287 1183 1338 1665,
1211 1287 1335 1328 1666.

155 1377 269 1418 Posr
295 1378 705 1418 venae-sectionemg
736 1377 781 1416 in
814 1377 922 1418 lecto
955 1376 1265 1427 celebrandam,
1295 1391 1420 1430 aeger
1452 1381 1556 1418 stra·
1576 1387 1750 1420 Commo.

97 1444 207 1498 gulis
243 1445 460 1495 obruatur,
495 1449 537 1485 et
569 1444 723 1485 lacinia
756 1444 880 1485 lanea
912 1444 1098 1497 sincipiti
1134 1445 1355 1498 alligetur3
1386 1449 1494 1496 tum,
1524 1446 1558 1485 si

96 1512 279 1553 vomitus
300 1527 389 1553 non
410 1512 533 1563 adsit,
555 1512 635 1553 hoc
655 1512 721 1552 vel
742 1512 878 1552 simile
898 1511 1170 1566 hydroticum
1191 1512 1342 1553 exhibe
1358 1529 1427 1554 :—

98 1610 230 1663 [Form.
252 1619 376 1662 148.]11
406 1621 447 1675 R
474 1623 664 1657 Theriacae
681 1622 919 1657 Andromachi
936 1623 1240 1665 semidrachmam,

471 1680 663 1715 Electuarii
682 1681 724 1715 de
743 1681 818 1715 Ovo
836 1681 1036 1726 scrupulum
1054 1692 1176 1722 unum,

469 1738 626 1773 Pulveris
639 1751 657 1773 e
670 1739 790 1773 Clrelis
804 1739 1020 1773 Cancrorum
1033 1739 1227 1784 Compositi
1239 1750 1349 1784 grana
1361 1738 1556 1781 duodecim,

471 1796 750 1831 Coccinellarum
769 1808 880 1842 grana
897 1802 986 1838 octo,

469 1854 571 1888 Croci
589 1866 700 1899 grana
716 1861 877 1899 quatuor,

467 1923 547 1945 cum
564 1911 755 1945 sufficiente
773 1912 969 1956 quantitate
989 1910 1092 1945 Sucei
1112 1911 1280 1951 Kermes;

284 1968 365 2002 Fiat
380 1969 490 2010 bolus,
507 1980 611 2013 quem
637 1974 753 2003 sumat
774 1974 874 2002 sexta
898 1979 1038 2013 quaque
1063 1969 1158 2010 hora,
1175 1968 1429 2014 superbibendo
1455 1968 1554 2002 coch-

281 2026 387 2060 learia
405 2037 465 2060 sex
482 2027 660 2071 sequentis
672 2026 799 2071 julapii
813 2040 866 2058 :—

97 2121 227 2162 [Formv.
251 2124 372 2165 145).]¹¹
404 2120 444 2164 Η
471 2122 592 2166 Aquae
609 2121 741 2156 Cardui
760 2121 957 2162 Benedicti,

470 2177 624 2222 [Aquae]
649 2177 782 2211 Scordii
800 2178 1034 2223 Compositae,
1051 2189 1119 2212 ana
1136 2180 1257 2213 uncias
1275 2185 1434 2224 quatuor,

464 2236 586 2280 Aquae
604 2236 634 2269 T
636 2235 819 2269 heriacalis
838 2234 1038 2269 Stillatitiae
1059 2236 1178 2269 uncias
1196 2235 1293 2277 duas,

467 2293 595 2338 Syrupi
613 2292 924 2338 Caryophyllorum
942 2293 1082 2326 unciam
1102 2303 1208 2326 unam
1225 2306 1232 2332 3

281 2351 413 2391 Misce;
440 2351 501 2385 fiat
511 2351 701 2395 julapium.

154 2448 200 2488 Si
231 2447 340 2488 adsit
367 2447 554 2498 vomitio‚
585 2447 856 2502 hydroticum
887 2446 1119 2496 differatur,
1147 2445 1280 2487 donec
1311 2446 1397 2486 solo
1429 2451 1550 2500 tegu-

92 2520 338 2557 mentorum
378 2515 565 2569 pondere
606 2515 734 2556 sudor
772 2529 1022 2569 promanare
1062 2514 1250 2567 incipiat,
1292 2514 1551 2555 linteaminis

91 2589 210 2637 parte
230 2584 368 2624 vultui
389 2583 700 2637 superinducta„

150 2652 329 2705 Incepta
361 2651 619 2705 diaphoresis
654 2651 864 2692 haustulis
897 2650 1144 2705 zythogalac
1177 2649 1306 2691 salvia
1337 2650 1550 2699 alteratae,

91 2719 156 2760 vel
176 2720 397 2760 cerevisiae
419 2720 486 2760 cui
508 2719 637 2760 macis
659 2719 970 2772 aliquantulum
992 2718 1210 2768 incoxeris,
1234 2718 1414 2759 subinde
1434 2732 1550 2771 repe-

135 2859 146 2879 s
170 2858 218 2889 Cf.
239 2860 358 2889 Observ.
379 2859 460 2889 Med.
477 2858 510 2887 ii.
528 2860 555 2888 2.
1100 2856 1112 2874 ¹¹
1138 2857 1187 2888 Cf.
1206 2858 1330 2887 sormm.
1353 2859 1401 2894 19,
1418 2860 1468 2888 20.

135 2905 148 2925 Β
175 2903 244 2931 Post
261 2907 436 2931 reum-avet.
455 2900 524 2940 ἃμ]
544 2901 592 2930 (Ὗ.
610 2903 681 2930 ibid.
700 2901 728 2930 ii.
747 2902 773 2930 2.
794 2902 833 2930 Ἠ)
851 2912 896 2940 sq.
