1985 3308
364 161 420 201 xii
778 159 1033 202 THOMAE
1069 159 1409 200 SYDENHAM

207 275 307 305 v1u.
367 267 420 308 ob
442 281 545 317 rem,
568 268 717 322 spretis
745 267 942 309 omnibus
965 281 1071 322 quae
1099 273 1204 308 tune
1226 267 1429 321 temporis
1452 266 1652 320 vigebant
1681 281 1827 322 specu-

165 335 286 376 Spretis
312 377 319 384 ,
368 336 598 378 lationibus
628 336 884 386 theoreticis,
916 336 996 377 hoe
1026 350 1163 376 unum
1203 335 1393 385 curabat,
1425 340 1474 376 ut
1505 335 1598 377 sine
1625 350 1828 390 praeeon-

163 378 337 451 {ffiffissau
369 405 502 459 ceptis
523 404 794 458 opinionibus
815 404 1028 444 Naturam
1045 407 1212 445 attento
1234 403 1376 445 animo
1392 403 1644 455 observaret,
1663 410 1706 446 et
1727 405 1829 459 quid

163 463 343 542 ῗίξοέῗὲῑᾶι-
370 487 419 514 ea
449 478 543 513 tum
577 473 628 513 dc
661 472 908 512 morborum
940 475 1096 511 natura
1131 475 1226 511 tum
1257 470 1309 512 (10
1341 470 1512 512 illorum
1545 471 1830 513 curandorum

165 560 233 579 ram
250 550 349 580 solam
371 541 535 582 ratione
550 541 731 590 doceret,
748 539 974 593 diligenter
990 543 1172 590 notaret,
1190 553 1394 593 suamque
1410 539 1566 594 agendi
1578 540 1830 581 methodum

164 592 350 665 ssgictemha'
370 610 424 651 ad
452 624 499 650 ca
525 623 632 663 quae
660 613 904 649 constanter
936 608 1228 649 observaverat
1260 613 1544 662 componeret.
1605 607 1828 659 Variolas‘,

164 687 311 718 Vario1as
374 678 505 732 (verbi
526 678 679 731 eausa,)
702 691 808 730 quae
825 682 924 718 ante
944 676 1221 731 Sydenhamii
1237 682 1429 731 tempora
1447 677 1676 718 maximam
1691 677 1830 717 infan-

165 731 268 803 {fioffiss
278 740 352 803 vndi:
369 752 464 788 tum
479 746 805 799 adultorumque
818 745 1043 786 hominum
1057 750 1243 800 stragem
1257 746 1380 787 edere
1397 746 1602 796 solebant,
1615 746 1830 799 (cumMe-

164 817 239 865 gari·
250 827 329 864 00111
371 815 452 856 diei
474 829 523 856 ex
546 828 721 855 erronea
738 813 936 867 opinione
962 813 1042 855 sibi
1062 814 1269 855 haberent
1290 828 1551 868 persuasum,
1573 814 1689 855 hune
1719 828 1831 855 mor-

165 859 347 931 {rigffngeh-
369 884 472 925 bum
504 898 554 924 ex
584 884 794 924 fermento
822 882 1006 937 quodam
1037 883 1237 937 sanguini
1267 883 1460 924 omnium
1491 883 1665 925 omnino
1695 883 1831 924 homi-

166 945 331 979 tWffiVit?
368 967 474 992 num
489 951 730 992 inhaerenti
746 951 952 1005 originem
975 965 1154 1002 sumere,
1173 951 1286 1006 quod
1301 951 1384 993 nisi
1400 951 1756 1003 calefacientibus,
1775 951 1834 992 sic

369 1020 491 1062 dietis
524 1021 865 1072 aleoeiplcarmacis
895 1020 1106 1070 remediis,
1143 1020 1366 1074 caloreque
1399 1025 1576 1061 externo
1608 1025 1746 1071 aucto,
1779 1019 1833 1060 ad

369 1089 552 1143 eorporis
583 1088 849 1142 superficiem
880 1088 1169 1142 protrudatur,
1202 1094 1329 1143 atque
1359 1089 1440 1130 hoc
1474 1088 1602 1130 modo
1635 1088 1832 1130 extermi-

369 1163 509 1208 netur,
532 1162 606 1198 aut
627 1157 1021 1210 praesentissimum
1042 1157 1152 1198 vitae
1179 1157 1418 1211 perieulum
1439 1157 1609 1208 inferre,
1633 1162 1707 1198 aut
1729 1157 1832 1198 alios

369 1239 523 1279 eosque
557 1225 824 1279 gravissimos
855 1224 1024 1266 morbos
1056 1225 1251 1276 excitare,
1284 1225 1466 1278 debeat,)
1504 1212 1831 1280 Sydenhamius,

369 1295 585 1335 Naturam
602 1294 755 1334 ducem
777 1307 970 1347 sequenS,
989 1294 1201 1334 contrario
1222 1294 1348 1335 modo
1361 1293 1599 1335 felicissime
1621 1294 1832 1335 tractavit.

371 1363 481 1404 Cum
518 1362 631 1403 enim
669 1362 910 1415 saepissime
952 1361 1206 1413 observaret,
1243 1363 1429 1404 infantes
1469 1362 1576 1413 illos,
1609 1363 1682 1416 qui
1717 1362 1834 1403 omni

370 1431 526 1473 auxilio
547 1430 710 1472 medico
733 1430 927 1471 destituti
948 1430 1019 1471 illo
1040 1430 1189 1472 morbo
1210 1431 1392 1485 correpti
1415 1435 1549 1481 erant,
1568 1443 1834 1484 quorumque

370 1505 567 1555 parentes
589 1500 641 1541 ob
663 1504 960 1553 paupertatem
985 1499 1150 1554 hyemis
1175 1505 1366 1553 tempore
1397 1499 1642 1541 cubiculum
1665 1513 1748 1554 quo
1768 1499 1833 1539 in-

370 1569 509 1609 fantes
551 1567 863 1608 decumbebant
910 1567 1137 1609 calefacere
1178 1568 1293 1608 haud
1329 1571 1539 1621 poterant,
1571 1582 1661 1608 non
1696 1567 1835 1608 solum

371 1637 564 1678 Variolas
585 1636 764 1677 feliciter
795 1650 1026 1690 superasse,
1050 1636 1124 1677 sed
1149 1643 1191 1677 et
1213 1641 1359 1690 postea
1379 1636 1625 1677 valetudine
1650 1636 1835 1677 maxime

372 1706 494 1746 firma
514 1720 612 1746 usos
632 1704 761 1745 fuisse
775 1722 786 1755 ς
819 1709 932 1745 recte
948 1705 1181 1759 judicabat,
1203 1705 1282 1746 hac
1304 1705 1381 1756 via,
1405 1719 1533 1759 quam
1554 1705 1724 1746 Natura
1743 1705 1836 1759 ipsa

371 1774 591 1827 perspicue
618 1773 857 1824 indicasset,
879 1772 1051 1814 Medico
1084 1773 1405 1815 consistendum
1436 1787 1525 1814 esse
1558 1773 1630 1827 qui
1651 1772 1835 1814 Variolis

373 1842 538 1905 optimo=
556 1856 653 1882 cum
676 1855 871 1882 successu
892 1841 1051 1882 mederi
1074 1842 1211 1892 vellet,
1229 1842 1455 1896 pluresque
1477 1846 1683 1895 aegrotos,
1707 1855 1835 1895 quam

375 1910 426 1951 ab
442 1911 532 1951 aliis
549 1910 730 1951 Medicis
745 1910 1001 1951 contrariam
1016 1910 1193 1950 curandi
1208 1910 1418 1951 rationem
1435 1909 1710 1963 sequentibus
1725 1909 1835 1950 sani-

374 1978 455 2018 tati
483 1978 833 2028 restituebantiu·,
856 1979 985 2019 morti
1012 1979 1270 2020 certissimae
1292 1979 1397 2032 eripi
1420 1992 1554 2032 posse.
1618 1978 1762 2020 Quam
1781 1977 1836 2019 ob

375 2060 464 2087 rem
487 2045 539 2087 ab
553 2046 751 2087 omnibus
773 2047 1117 2088 calefacientibus
1132 2047 1178 2087 in
1199 2047 1445 2101 hujusmodi
1465 2046 1603 2088 morbi
1619 2046 1837 2088 curatione

375 2128 545 2168 prorsus
567 2115 785 2165 abstinuit,
808 2115 961 2156 nimios
992 2115 1130 2169 potius
1152 2115 1373 2168 sanguinis
1398 2120 1539 2157 motus
1560 2114 1836 2169 temperanti-

375 2183 456 2224 bus
487 2186 678 2224 coercere
711 2183 890 2234 studuit,
923 2189 1117 2237 aegrotos
1155 2198 1179 2224 a
1215 2184 1502 2238 stragulorum
1537 2183 1723 2238 pondere
1754 2197 1838 2236 quo

378 2256 504 2292 antea
538 2251 591 2292 ad
623 2251 946 2293 suffocationem
975 2266 1111 2306 usque
1144 2252 1438 2294 obruebantur
1466 2252 1673 2304 liberavit,
1701 2251 1838 2305 iisque

378 2320 617 2361 liberiorem
642 2321 749 2362 aeris
776 2321 871 2375 puri
896 2335 1036 2372 usum,
1060 2336 1142 2375 quo
1174 2321 1226 2363 ab
1252 2322 1343 2363 aliis
1365 2321 1547 2363 Medicis
1578 2320 1838 2362 severissime

379 2387 755 2439 interdicebantur,
777 2389 984 2443 permisit.

176 2463 316 2520 itemque
444 2456 550 2510 [13.]
590 2457 743 2510 Neque
773 2471 870 2498 vero
898 2458 1040 2498 minus
1061 2459 1187 2512 longe
1209 2474 1233 2500 a
1255 2458 1438 2500 Medicis
1459 2458 1525 2499 sui
1546 2457 1636 2499 aevi
1662 2457 1709 2498 in
1737 2457 1837 2498 Pes-

179 2504 317 2535 lesoem'
379 2523 448 2564 tisj
485 2524 715 2575 efflatione,
751 2539 858 2579 quae
892 2526 1091 2577 Londini,
1126 2527 1248 2568 annis
1282 2527 1390 2568 1665
1424 2531 1467 2568 et
1506 2526 1629 2576 1666,
1662 2530 1729 2566 tot
1762 2524 1838 2565 ho-

379 2591 545 2632 minum
581 2598 716 2633 morte
750 2593 921 2634 infamis
957 2600 1060 2645 erat,
1083 2595 1268 2637 recessit.
1331 2595 1442 2636 Cum
1473 2593 1587 2635 0111111
1613 2593 1675 2633 1111
1706 2606 1839 2633 unam

382 2673 603 2712 aegrorum
629 2661 809 2702 salutem
837 2662 883 2702 in
912 2662 1137 2704 sudoribus
1161 2663 1342 2718 profusis
1364 2662 1586 2704 evocandis
1609 2661 1839 2715 repositam

383 2741 472 2768 esse
487 2728 774 2781 opinarentur,
795 2730 983 2784 adeoque
999 2731 1105 2772 nihil
1126 2732 1261 2786 magis
1278 2745 1403 2773 curae
1420 2730 1617 2784 cordique
1633 2728 1839 2770 haberent

384 2809 511 2848 quam
524 2800 571 2835 ut
585 2795 663 2836 hae
678 2797 875 2837 medendi
888 2799 1052 2840 ratione
1065 2800 1325 2841 fermentum
1338 2798 1475 2841 morbi
1487 2812 1510 2839 e
1523 2810 1695 2851 corpore
1709 2795 1839 2837 elimi-

385 2867 535 2903 narent
545 2880 555 2911 ;
578 2863 717 2913 febris,
730 2879 834 2917 quae
851 2867 1046 2907 morbum
1065 2867 1256 2909 comitari
1270 2864 1720 2916 solebat,vehementia
1735 2863 1839 2904 adeo

472 2949 477 2967 i
505 2947 552 2976 Cf.
574 2949 691 2977 Hbs-’rna
712 2949 790 2978 Μαί.
809 2949 851 2978 iii.
871 2952 897 2979 2.
1471 2949 1479 2974 J
1515 2950 1562 2980 Cf.
1583 2951 1652 2979 ibid.
1673 2949 1702 2978 ii.
1724 2950 1750 2978 2.
