1985 3308
418 167 505 206 334
840 167 1096 209 THOMAE
1130 166 1374 208 SYDENH
1381 166 1470 207 AM

215 274 269 304 DE
285 273 398 345 ,VC-3¹³}-
483 274 562 328 [6.]
601 275 753 328 Neque
776 289 876 315 sane
897 274 1122 314 mirabitur
1143 279 1232 314 tam
1254 273 1405 326 ingens
1427 271 1653 312 discrimen
1671 273 1705 312 a*
1725 271 1875 328 majori

214 325 398 390 0³3ssssss-
417 342 687 396 pustularum
717 356 895 383 numero
925 342 1121 395 pendere,
1145 342 1216 394 qui
1245 354 1387 381 seeum
1418 339 1676 392 reputaverit
1699 339 1809 392 quod
1841 338 1876 378 si

215 428 369 458 Pustulae
418 410 646 463 cujuslibet
678 411 762 451 sive
792 411 1004 459 humeros,
1034 410 1118 449 sive
1154 408 1338 458 brachia,
1372 407 1456 448 sive
1487 408 1613 448 aliam
1641 407 1876 461 quamlibet

213 471 371 543 ffiolssllsseg·
415 482 594 531 partem,
613 478 868 531 phlegmone
889 477 1029 530 (vulgo
1047 491 1070 516 α
1087 478 1244 528 Boyle‚)
1270 476 1378 516 forte
1399 475 1612 526 invaserit,
1634 475 1747 516 idem
1767 480 1877 516 tem-

212 565 376 604 qompara-
414 559 515 599 pore
535 545 847 594 maturationis‚
872 559 954 598 qua
979 545 1069 598 jam
1091 558 1169 597 pus
1190 544 1251 593 fit,
1273 542 1532 583 febricitabit
1544 560 1556 593 3
1589 541 1687 583 cum
1715 542 1874 582 scilieet

212 604 264 628 tio.

413 681 458 721 in
489 681 579 734 ejus
610 695 792 720 massam
822 680 1022 733 resorptis
1053 680 1268 731 incitatus,
1291 680 1519 722 febriculae
1550 681 1742 722 fomitem
1774 680 1874 722 sub-

413 751 640 790 ministret.
703 750 876 790 Quanto
897 748 1033 801 magis
1055 748 1265 798 Medicus,
1286 748 1374 799 ubi,
1396 748 1542 802 primis
1563 748 1701 789 morbi
1723 748 1873 789 diebus

413 831 589 869 aegrum
617 816 814 865 invisens,
836 815 987 855 faeiem
1016 815 1069 855 ad
1099 815 1234 856 instar
1260 816 1444 869 pulveris
1465 830 1488 856 e
1512 812 1715 857 limatura
1735 815 1873 856 acicu-

412 883 550 923 larum
580 882 769 935 undique
800 896 1035 935 respersam
1056 883 1428 937 contemplabitur,
1449 889 1632 924 mortem
1659 884 1873 937 praedicet

411 965 498 991 uno
520 951 660 1004 aliquo
683 964 704 991 e
727 950 874 990 diebus
898 951 989 1004 jam
1010 951 1254 992 memoratis
1278 951 1561 993 involaturam
1574 969 1586 1002 ς
1617 952 1745 1005 1(1(1116
1771 966 1872 1006 prae

411 1019 621 1059 indomita
641 1018 682 1058 11
702 1018 830 1058 febris
853 1019 1150 1069 succedaneae,
1174 1034 1314 1072 quam,
1336 1034 1412 1073 pro
1432 1021 1598 1060 ratione
1620 1020 1874 1073 quantitatis

411 1086 527 1139 puris
563 1099 613 1125 ex
645 1085 881 1125 innumeris
917 1086 1008 1126 istis
1045 1088 1316 1140 apostematis
1347 1088 1393 1128 in
1424 1088 1678 1141 sanguinem
1711 1088 1873 1142 rejecti,

413 1153 624 1193 desaevire
645 1166 816 1193 neeesse
845 1157 922 1193 est.
985 1153 1106 1195 Quae
1129 1154 1300 1208 quidem
1327 1156 1512 1196 hominis
1532 1155 1705 1196 funesta
1733 1156 1872 1207 ruina,

412 1222 572 1275 aliquot
589 1221 736 1262 (liebus
759 1226 988 1275 antequam
1004 1222 1191 1275 ingruat,
1214 1223 1336 1264 facile
1351 1223 1585 1277 praevideri
1605 1228 1758 1278 potest,
1772 1228 1873 1266 utut

411 1290 521 1330 belle
552 1304 595 1330 se
615 1290 772 1331 habere
801 1304 926 1344 aeger
947 1296 989 1331 et
1011 1291 1090 1331 sibi
1110 1292 1316 1342 videatur,
1339 1297 1381 1333 et
1406 1292 1645 1333 astantibus
1676 1292 1805 1333 etiam
1825 1292 1872 1333 in

411 1358 540 1412 hujus
560 1358 698 1399 morbi
717 1358 894 1399 historia
913 1358 1056 1399 minus
1079 1360 1333 1400 exercitatis.

211 1439 322 1470 Densa
479 1427 558 1480 [7.]
599 1426 806 1475 Quocirca
828 1427 862 1467 si
882 1441 971 1467 non
999 1427 1171 1468 aliunde
1198 1422 1462 1481 periclitetur
1487 1442 1612 1481 aeger
1636 1428 1874 1482 (purpureis

209 1482 394 1566 ξὲξξιιέζιζρ-
415 1496 590 1536 maculis
612 1501 654 1535 et
686 1495 904 1548 sanguinis
925 1496 1059 1536 mictu
1082 1496 1171 1549 jam
1197 1496 1418 1549 sepositis,)
1452 1511 1579 1549 quam
1610 1511 1661 1538 ex
1681 1497 1872 1551 pustula-

210 1568 253 1597 tio
269 1569 357 1597 οοὲτ-
416 1577 511 1603 rum
532 1563 783 1617 frequentia,
807 1563 914 1604 serio
937 1564 1041 1603 mihi
1061 1563 1411 1617 perpendendum
1433 1569 1509 1614 est,
1534 1564 1686 1618 quibus
1707 1565 1873 1618 potissi-

211 1611 366 1692 ξῗῑᾞὲἶθϊ
414 1646 533 1671 mum
562 1632 612 1672 de
638 1632 773 1672 causis
804 1632 863 1672 ita
891 1632 1045 1672 densae
1073 1632 1397 1685 protruduntur,
1421 1638 1461 1672 et
1494 1632 1545 1685 (si
1571 1637 1668 1673 tuto
1688 1633 1779 1673 fieri
1800 1641 1882 1688 p0-'

412 1701 526 1752 test,)
552 1699 701 1740 iisdem
722 1700 838 1741 omni
859 1714 936 1754 ope
958 1700 1202 1741 coercendis
1223 1694 1574 1740 incumbendum.
1610 1730 1614 1732 -
1632 1700 1760 1742 Quod
1781 1701 1873 1754 qui-

413 1767 509 1808 dem
530 1768 590 1808 rei
612 1774 738 1821 eaput
770 1774 846 1818 est,
870 1775 911 1808 et
939 1768 984 1807 in
1011 1782 1092 1821 quo
1120 1768 1342 1821 praecipue
1365 1782 1490 1821 aegro
1520 1768 1733 1821 suppetias
1763 1768 1873 1809 ferre

413 1850 588 1889 queam:
616 1850 713 1876 611111
730 1836 988 1889 periculosae
1009 1836 1184 1889 plenum
1207 1836 1259 1875 sit
1283 1836 1397 1876 aleae
1419 1836 1620 1889 quicquid
1635 1836 1872 1887 moliamur,

406 1904 497 1958 jam
519 1905 752 1945 constituto
780 1905 825 1944 in
846 1905 924 1944 hae
956 1904 1092 1957 8116616
1114 1904 1262 1944 morbo
1275 1921 1286 1954 3
1318 1918 1410 1954 nee,
1434 1903 1468 1943 si
1495 1903 1670 1944 tandem
1690 1908 1873 1944 mortem

413 1986 538 2024 aeger
569 1973 758 2022 evaserit,
781 1972 825 2012 id
855 1977 943 2012 tam
974 1986 1093 2012 meae
1125 1965 1305 2012 debetur
1333 1971 1538 2021 solertiae,
1562 1985 1688 2024 quam
1711 1972 1778 2012 vel
1807 1972 1873 2011 in-

414 2040 523 2093 signi
554 2040 721 2080 narium
746 2040 1106 2093 haemorrhagiae,
1129 2040 1194 2079 vel
1215 2038 1415 2080 fortuitae
1446 2038 1572 2079 alicui
1597 2052 1704 2092 quae
1724 2038 1874 2079 morbo

212 2121 294 2150 unde
310 2121 368 2150 ori-
415 2108 630 2149 accidebat
651 2109 892 2149 mutationi.
934 2107 1231 2149 Profusissima
1252 2112 1396 2147 autem
1417 2106 1490 2146 illa
1511 2105 1754 2146 crebrarum
1773 2120 1873 2159 pus-

209 2169 272 2198 ¹¹¹¹‘
413 2175 602 2216 tularum
629 2176 794 2230 eruptio
826 2177 876 2229 (si
905 2176 1006 2230 quid
1031 2190 1108 2229 ego
1137 2175 1344 2229 conjicere
1372 2172 1574 2228 possum,)
1604 2188 1628 2214 a
1654 2171 1873 2227 praecipiti

413 2243 540 2283 nimis
570 2245 772 2285 materiae
799 2245 1045 2285 Variolosae
1078 2243 1379 2284 assimilatione
1412 2247 1554 2282 ortum
1586 2242 1726 2292 ducit3
1765 2256 1873 2295 quae

415 2310 586 2363 quidem
620 2312 911 2365 praecipitatio
943 2312 1126 2352 maxime
1161 2311 1329 2351 videtur
1361 2310 1620 2363 contingere,
1657 2310 1721 2350 vel
1759 2310 1871 2363 quod

415 2379 529 2431 aegri
545 2385 701 2420 natura
720 2380 1035 2432 (medicamenti
1053 2380 1105 2420 ad
1126 2380 1260 2420 instar
1276 2379 1485 2432 cardiaci)
1506 2379 1643 2419 calore
1660 2384 1702 2419 et
1720 2379 1870 2432 spiritu

414 2448 508 2500 plus
540 2449 639 2489 satis
671 2444 855 2502 tm·geat,
884 2449 949 2489 vel
981 2448 1093 2502 quod
1122 2449 1211 2502 ipse
1243 2461 1368 2500 aeger
1397 2447 1495 2499 (sive
1528 2452 1796 2501 praemature
1827 2460 1871 2488 se

414 2517 568 2558 lectulo
598 2512 868 2568 includendo,
899 2518 983 2558 sive
1017 2516 1218 2557 adhibitis
1249 2515 1451 2556 ezudiaeis
1482 2514 1871 2565 calidioribus,''aut

414 2584 575 2637 liquore
596 2586 740 2638 quovis
763 2579 1016 2639 spirituoso,)
1036 2585 1295 2625 fermentum
1317 2584 1411 2637 plus
1433 2583 1577 2624 debito
1598 2583 1871 2634 exaltaverit3

415 2652 566 2703 quibus
598 2653 794 2693 omnibus
818 2654 954 2694 modis
986 2653 1224 2707 disponitur
1255 2653 1427 2705 sanguis
1453 2652 1507 2692 ad
1534 2652 1801 2706 excipiendas
1828 2657 1872 2693 et

414 2719 605 2761 intimius
641 2722 928 2763 admittendas
963 2722 1100 2762 morbi
1132 2722 1440 2775 impressioneS,
1477 2721 1653 2774 ipsaque
1687 2721 1869 2772 Natura,

415 2801 491 2826 6611
521 2788 639 2828 furiis
666 2790 836 2842 agitata,
858 2805 958 2844 prae
984 2790 1233 2831 exuberanti
1260 2789 1461 2830 materiae
1482 2789 1726 2830 Variolosae
1752 2789 1872 2843 copia

415 2861 455 2893 ct
482 2856 758 2908 plenitudine,
781 2873 950 2899 0111116111
978 2859 1065 2899 fere
1094 2872 1313 2899 succorum
1342 2862 1382 2898 61
1417 2856 1607 2897 earnium
1639 2856 1794 2897 molem
1825 2856 1870 2897 in

415 2924 712 2965 exanthemata
735 2941 926 2966 evomere
949 2927 1116 2979 satagit.

415 614 599 667 sanguiS,
619 629 642 654 a
658 614 896 667 purulentis
917 612 1135 666 particulis
1158 626 1232 666 per
1253 626 1379 652 venas
1401 626 1451 653 ex
1471 613 1564 666 lege
1586 612 1879 654 circulationis'
1937 615 1943 620 '
