1985 3308
641 127 989 169 TRACTATUS
1022 128 1058 168 I.
1495 132 1580 171 449

117 235 287 291 φλέβας
320 237 395 278 τοῦ
429 233 637 275 δακτύλου
668 233 774 289 ὑπὲρ
814 234 888 274 τοῦ
923 231 1126 274 κονδύλου
1166 233 1324 290 ὀλίγον·
1367 234 1498 275 καίειν
1536 233 1580 276 δὲ
1610 249 1663 279 Dr.
1681 249 1770 279 Pon-

116 301 342 356 ὠμολίνῳ]
372 302 398 343 i.
421 316 456 342 e.
480 302 589 342 Huic
609 301 747 341 eadem
769 313 870 353 quae
898 301 1115 341 articulari
1136 301 1272 341 morbo
1295 301 1518 354 conferunt,
1541 307 1579 343 et
1641 301 1743 322 ΛΟΜ·

116 371 259 423 lonyus
279 370 437 423 quidem
458 370 525 410 hie
545 369 706 410 morbus
726 372 785 409 est
812 372 851 409 et
873 369 1027 420 yravis,
1051 369 1212 409 minime
1233 373 1368 409 tamen
1390 370 1551 410 lethalis
1565 388 1576 410 :

115 438 227 489 quod
247 438 283 477 si
306 439 351 477 in
377 438 519 490 cliyitis
546 438 660 477 dolor
684 440 904 486 remaneat,
927 449 1049 476 venas
1073 436 1117 476 in
1147 437 1276 489 diyz'to
1296 438 1424 489 paulo
1450 450 1578 489 supra

113 505 336 545 articulum
365 506 518 545 interito
534 521 547 551 ;
580 506 684 545 ustio
712 508 845 545 autem
868 517 948 556 per
979 505 1104 544 limem
1131 505 1301 544 crudum
1314 504 1411 557 fiat.
1474 505 1576 558 Opi-

115 587 194 614 nor
214 574 431 614 neminem
458 587 578 627 posse
605 574 858 623 existimare,
881 586 975 613 eam
1009 587 1099 614 esse
1128 573 1415 614 differentiam
1445 573 1576 627 speci-
1596 586 1686 617 Nihil

114 641 239 681 ficam
259 640 372 682 inter
392 642 608 681 flammam
629 641 694 681 vel
721 655 746 681 a
768 641 869 690 lino,
891 640 957 680 vel
978 640 1029 680 ab
1051 640 1132 681 1100
1153 654 1298 681 musco
1320 641 1483 691 Indico,
1506 655 1574 681 ex·
1593 629 1724 659 inter&

113 708 302 758 citatam,
323 713 373 749 ut
404 709 507 749 hacc
536 709 609 749 illa
638 709 684 748 in
715 709 935 749 sanatione
957 708 1177 762 Podagrae
1198 709 1293 762 plus
1314 709 1465 760 valeat,
1487 723 1576 750 non
1594 677 1746 763 iiidiiffan

113 775 249 829 magis
271 789 398 829 quam
418 775 675 828 reputaverit
696 774 840 828 ignem
862 790 884 816 c
905 775 1066 816 roboris
1096 777 1327 829 segmentis
1350 791 1575 818 accensum
1593 757 1660 831 ἓξὲξ
1681 757 1779 788 crudo

112 844 250 897 majus
286 843 445 896 aliquid
479 848 692 896 praestare
724 857 845 896 posse
878 843 952 884 illo
987 844 1060 897 qui
1092 844 1247 884 fraxini
1282 845 1400 899 ligno
1432 846 1573 887 alitur.

114 911 234 952 Haec
268 911 400 965 partis
441 910 615 951 affectae
655 911 861 951 ustulatio
897 911 1056 964 aliquid
1096 912 1318 965 pollicetur
1363 913 1491 966 (quod
1532 918 1575 954 ct

110 980 275 1022 efficere
296 980 550 1034 quandoque
577 979 736 1033 possit,)
766 979 818 1020 ad
849 979 1003 1020 doloris
1033 982 1456 1035 commitigationem,
1479 996 1573 1023 evo-

109 1052 206 1090 cata
236 1048 395 1089 scilicet
423 1047 584 1088 fomitis
614 1047 823 1088 morbifici
853 1052 973 1101 parte
1005 1048 1283 1090 subtilissima
1314 1063 1361 1090 ac
1389 1049 1573 1090 maxime
1593 1062 1743 1093 Dolorem

110 1116 350 1170 spirituosa,
372 1115 418 1155 in
439 1115 666 1156 articulum
688 1115 779 1168 jam
812 1114 1015 1169 deposita.
1077 1117 1285 1157 Attamen
1316 1117 1572 1158 beneficium
1591 1105 1755 1179 Ξξξξῇξξὶ·

111 1183 166 1224 ab
196 1184 277 1224 1100
300 1183 487 1224 remedio
511 1188 695 1237 partum,
718 1198 816 1224 cum
846 1183 1189 1237 indigestionem,
1220 1200 1326 1239 quae
1354 1186 1573 1240 Podagrae
1591 1196 1654 1230 get,
1672 1192 1727 1221 sed

109 1265 239 1293 causa
260 1256 323 1292 est
345 1251 611 1302 antecedens,
632 1251 751 1291 nullo
773 1251 899 1291 modo
921 1251 1119 1304 attingat,
1142 1252 1272 1306 fugax
1293 1266 1383 1294 esse
1405 1258 1572 1307 oportet
1592 1243 1756 1315 epagffjgae

110 1333 160 1360 ae
179 1319 319 1360 breve.
370 1318 523 1372 Neque
544 1334 649 1373 opus
671 1323 734 1359 est
755 1323 804 1358 ut
827 1319 964 1359 dicam
985 1319 1091 1358 illud
1111 1319 1157 1358 in
1173 1320 1379 1374 Podagris
1400 1325 1572 1362 tantum
1590 1319 1779 1391 ΐέξῖἳξέξῃ·

110 1386 414 1440 incipientibus
440 1387 582 1427 locum
608 1386 764 1427 habere
777 1402 789 1436 3
823 1387 992 1440 quando
1018 1388 1146 1437 enim,
1169 1387 1254 1428 sive
1275 1402 1300 1428 a
1321 1389 1459 1429 morbi
1480 1389 1571 1429 diu-
1590 1403 1728 1443 attingit.

108 1455 330 1505 turnitate,
353 1455 437 1495 sive
459 1455 510 1496 ab
532 1455 778 1508 importuno
799 1459 926 1508 atque
947 1454 1141 1495 indebito
1162 1456 1572 1498 medicamentorum
1593 1457 1633 1486 In
1649 1457 1765 1487 dolori-

108 1539 200 1575 usu,
223 1524 418 1578 Podagra
442 1525 506 1577 (ut
534 1524 713 1564 subinde
740 1524 819 1577 fit,)
845 1523 898 1563 ad
919 1528 1060 1577 partes
1090 1524 1282 1564 internas
1312 1525 1441 1565 fuerit
1472 1540 1571 1566 0011-
1591 1500 1664 1572 iffi}
1680 1510 1761 1572 {3¹⁰-

108 1605 239 1643 versa,
263 1607 310 1633 ac
330 1592 507 1646 proinde
529 1592 806 1645 aegritudine,
824 1592 1081 1632 torminibus
1097 1592 1270 1644 ventris,
1293 1597 1422 1647 atque
1442 1595 1572 1648 longo
1589 1585 1776 1658 ffffiffisse-

108 1659 352 1714 hujusmodi
369 1664 703 1714 symptomatum
719 1659 902 1713 agmine,
920 1659 1060 1713 potius
1079 1674 1206 1713 quam
1223 1661 1379 1712 dolore,
1395 1676 1571 1716 aegrum
1590 1669 1644 1700 des
1660 1675 1718 1706 est,
1729 1671 1774 1700 lo-

107 1728 363 1778 mthaverit,
385 1742 512 1769 nemo
534 1742 661 1768 sanus
681 1728 781 1781 igne
801 1728 1013 1768 utendum
1033 1742 1122 1769 esse
1144 1729 1433 1771 arbitrabitur.
1587 1723 1744 1786 ξὲζζέοῃ

175 1796 283 1850 [69]
320 1797 390 1836 En
410 1796 526 1836 vobis
554 1796 697 1836 omnia
722 1810 829 1849 quae
857 1796 963 1836 mihi
988 1796 1196 1837 hactenus
1224 1802 1442 1851 comperta
1468 1803 1569 1840 sunt
1588 1808 1639 1856 De
1658 1809 1761 1848 speei-

107 1863 155 1904 in
170 1863 298 1917 hujus
313 1863 452 1904 morbi
468 1863 699 1904 curatione.
735 1864 780 1903 Si
797 1864 889 1917 quis
912 1863 1097 1917 objiciat,
1116 1865 1252 1905 multa
1273 1879 1362 1906 esse
1382 1867 1570 1908 remedia
1588 1851 1778 1924 {iacffiigqssn-

111 1931 305 1985 specifica
321 1931 374 1972 ad
391 1931 641 1984 Podagram,
660 1945 738 1984 ego
753 1945 822 1971 me
839 1945 889 1971 ea
908 1931 1071 1972 nescire
1091 1931 1244 1972 lubens
1261 1932 1420 1983 fateor3
1444 1938 1486 1974 et
1501 1949 1568 1975 ve·
1587 1935 1664 1966 alibi
1680 1937 1734 1966 de·

108 2012 204 2039 reor
216 2012 270 2039 ne
286 1998 558 2052 promissores
571 1998 643 2038 isti
656 1998 829 2051 perinde
844 1998 929 2038 sint
944 1998 1084 2051 ignari
1097 2013 1145 2039 ac
1162 2014 1256 2040 sum
1271 2014 1362 2054 ego.
1394 2001 1452 2042 Et
1467 2016 1568 2043 sane
1588 1984 1764 2010 cantentur.

107 2066 340 2107 dolendum
372 2071 436 2107 est
467 2065 730 2106 Medicinam
765 2066 916 2118 (artem
950 2066 1288 2121 nobilissimam,)
1322 2068 1568 2122 hujusmodi

107 2134 234 2187 nugis
269 2135 404 2188 (quae,
437 2133 522 2174 sive
562 2133 614 2174 ab
655 2133 823 2174 inscitia
864 2132 948 2174 sive
985 2147 1010 2173 a
1049 2135 1256 2187 pravitate
1298 2136 1565 2189 scriptorum,

104 2202 286 2244 credulis
321 2202 611 2256 objiciuntur,)
644 2215 779 2255 usque
815 2201 919 2242 adeo
960 2201 1175 2255 deturpari
1188 2219 1200 2252 3
1244 2217 1343 2244 cum
1372 2204 1419 2244 in
1449 2205 1567 2246 omni

103 2269 193 2310 fere
232 2269 479 2310 morborum
520 2283 675 2322 genere
714 2269 959 2322 hujusmodi
1001 2269 1161 2323 aliquid
1201 2284 1226 2310 a
1265 2270 1566 2323 nugivendulis

104 2341 312 2391 tanquam
343 2335 446 2377 θεῶν
479 2338 616 2392 χεῖρες
646 2336 897 2378 decantetur
937 2337 1063 2390 pleno
1099 2351 1202 2378 ore:
1250 2342 1292 2378 et
1333 2339 1460 2392 (quod
1501 2344 1566 2380 est

105 2405 242 2458 magis
267 2404 541 2458 mirandum‚)
567 2404 680 2458 quod
703 2419 791 2445 non
818 2409 991 2445 tantum
1018 2404 1064 2445 in
1084 2405 1243 2445 morbis
1271 2410 1374 2459 typo
1401 2406 1565 2448 indutis

104 2471 350 2525 hujusmodi
371 2471 650 2512 deliramenta
673 2471 908 2522 obtineant,
931 2472 1005 2512 sed
1026 2476 1068 2513 et
1089 2472 1134 2512 in
1160 2473 1336 2513 minimo
1357 2473 1562 2525 formatis,

105 2539 180 2592 qui
201 2538 252 2579 ab
275 2553 533 2592 organorum
556 2540 741 2580 laesione
767 2540 908 2594 aliqua
935 2545 1009 2580 aut
1031 2539 1246 2595 προφάσει
1267 2545 1442 2582 externa
1468 2556 1562 2596 pro-

106 2605 335 2656 ducuntur,
357 2606 454 2647 viris
476 2607 604 2647 etiam
625 2614 792 2648 caetera
816 2608 999 2649 cordatis
1020 2608 1256 2661 imponant.
1317 2610 1462 2662 Atque
1483 2610 1563 2652 hoc

104 2673 207 2714 satis
242 2674 443 2715 evincunt
479 2675 671 2728 specifica
705 2676 751 2715 in
786 2676 1109 2716 contusionibus
1145 2676 1271 2729 vulgo
1306 2677 1562 2730 praedicata,

104 2743 246 2796 qualia
275 2747 375 2783 sunt
404 2756 570 2796 sperma
596 2743 691 2794 ceti,
713 2744 860 2796 tegula
888 2743 1132 2797 hybernica,
1160 2749 1254 2793 etc„
1285 2758 1391 2797 quae
1420 2746 1564 2787 omnia

103 2809 151 2851 id
169 2815 341 2852 tantum
361 2815 592 2864 praestant,
616 2815 665 2852 ut
685 2811 949 2861 methodum,
973 2825 1056 2865 qua
1076 2812 1250 2852 tractari
1267 2812 1472 2854 debuerat
1493 2814 1562 2855 hic
1580 2829 1772 2861 Venae-sec-

105 2878 293 2930 affectus,
335 2879 570 2921 divertant:
618 2883 744 2933 prout
784 2879 846 2919 illi
886 2879 987 2920 satis
1023 2879 1235 2921 constabit
1271 2881 1344 2934 qui
1383 2882 1562 2936 experiri
1581 2876 1767 2959 ἓέῑξζῇξζτ

795 2948 821 2987 3
846 2960 878 2987 M
