1985 3308
504 387 813 422 EXCELLENTI
837 393 898 424 ET
923 394 975 425 IN
1002 395 1065 426 RE
1091 395 1281 426 MEDICA
1305 380 1602 429 ADMIRAmLI
1627 399 1741 430 VIRO

682 500 758 548 D¹³⁰
787 502 1026 551 ΤΗΟΜΑΕ
1058 504 1396 565 SYDENHAM,
1429 507 1567 554 M.D.e

625 618 660 656 O
684 618 789 664 QUI
804 631 991 671 capacem
1013 621 1160 661 nobilis
1180 622 1350 674 Artifeoe

620 685 770 725 Eludis
795 687 955 738 Orcum,
983 689 1075 741 (quo
1097 693 1231 730 tamen
1251 691 1398 732 ibimus

682 753 838 804 Cuncti,
862 759 958 808 quot
978 757 1178 798 humanae
1189 763 1388 810 parentes

733 822 793 862 Et
813 823 992 865 decimae
1013 826 1108 866 tulit
1129 827 1227 867 ordo
1247 827 1419 880 Lunae,)

615 892 821 932 Praesens
829 892 1026 946 fugacem
1046 895 1189 935 sistere
1209 896 1410 948 spiritum,

615 960 820 1001 Praesens
840 962 1016 1015 maliquo
1038 964 1178 1004 tollere
1195 964 1243 1004 de
1264 968 1353 1005 toro

672 1030 856 1070 Mortale
878 1044 1034 1083 corpus,
1058 1035 1097 1072 et
1108 1033 1385 1086 propinquum

727 1098 929 1151 Ea'equiis
948 1112 1151 1139 remouere
1170 1100 1352 1140 morbum
1367 1119 1378 1140 .-

616 1164 739 1211 Quem
759 1179 832 1206 nos
851 1167 1053 1217 honorem,
1077 1181 1178 1220 quas
1196 1172 1357 1208 statuas
1382 1168 1471 1208 Tibi

612 1233 826 1284 Portemus,
853 1235 889 1273 O
909 1235 973 1274 cui
994 1248 1073 1275 non
1095 1236 1222 1275 alium
1233 1249 1381 1288 parem

667 1301 719 1341 In
740 1305 830 1342 arte
850 1302 1049 1353 Phoebus,
1071 1316 1114 1343 se
1133 1308 1298 1354 remoto,

724 1370 812 1410 Aut
833 1371 966 1419 oriens
985 1371 1096 1412 videt
1116 1376 1188 1412 aut
1207 1372 1439 1413 recumbens
1452 1374 1474 1412 .?

613 1438 698 1484 Quo
718 1438 862 1478 Febris
882 1439 1023 1478 audaoe
1043 1452 1196 1492 cunque
1215 1445 1344 1480 movet
1356 1441 1516 1492 pedem,

612 1507 665 1546 Te
685 1510 816 1547 mater
837 1508 977 1557 omnis,
1004 1507 1057 1548 Te
1078 1508 1384 1560 lachrymabili-3

662 1575 860 1615 Accurrit
881 1589 997 1626 uxor,
1020 1588 1069 1615 ne
1090 1576 1284 1616 caducum

724 1643 836 1683 Orba
855 1644 986 1683 virum
998 1657 1227 1696 puerosque
1239 1644 1376 1696 ploret
1389 1661 1403 1690 ,-

605 1711 686 1751 Seu
711 1710 1089 1764 Confluentessorte
1111 1712 1225 1751 timet
1246 1715 1364 1752 notas

602 1780 764 1819 Decora
785 1780 911 1832 viryo,
940 1780 1000 1819 Tu
1010 1778 1166 1831 faciem
1187 1779 1313 1831 eripis

659 1847 982 1897 Periclitantem,
996 1847 1262 1900 proteyisque

717 1915 946 1955 Perniciem
955 1916 1151 1968 juvenum
1162 1913 1369 1966 futuram.

602 1983 730 2035 Atqui
751 1983 837 2023 odit
858 1987 969 2023 artes
990 1986 1029 2023 et
1055 1983 1144 2023 Tua
1156 1983 1310 2035 pocula

600 2050 759 2090 Haeres
771 2050 982 2103 profusus,
1006 2064 1121 2103 quem
1140 2051 1263 2090 simul
1282 2051 1427 2090 ertulit

656 2118 730 2158 Ad
747 2133 856 2171 spem
877 2119 1111 2171 implicatus
1131 2120 1194 2159 vel
1212 2119 1366 2159 Febrili

712 2188 812 2240 Igne
822 2191 961 2240 pater,
983 2189 1047 2228 vel
1064 2188 1276 2240 Hydropis
1297 2187 1420 2227 unda.

597 2256 711 2296 Mire
722 2261 934 2308 paratam,
960 2258 1014 2297 Te
1033 2257 1213 2307 Medico,
1235 2269 1358 2296 seneoe

597 2324 786 2364 Protelat
806 2338 965 2375 urnam,
989 2338 1069 2365 non
1088 2325 1174 2365 sine
1191 2324 1329 2377 yloria

653 2393 809 2433 Phoebi
834 2393 1008 2446 Tuaque,
1031 2392 1274 2446 quifuyasti

712 2461 948 2500 Pollicitum
969 2460 1048 2500 sibi
1068 2473 1217 2513 mayna
1238 2459 1432 2500 morbum.

596 2528 667 2568 Sic
693 2529 746 2568 Te
765 2529 955 2569 scientem
976 2542 1055 2569 non
1064 2528 1232 2585 faciunt
1253 2527 1350 2567 libri

595 2596 655 2637 Et
676 2597 821 2649 doymo
833 2598 1055 2649 pulchrum
1066 2614 1080 2644 ;
1111 2597 1185 2637 sed
1200 2596 1406 2648 sapientia

405 2712 417 2726 ε
443 2708 543 2738 Deest
561 2708 595 2738 in
611 2708 659 2740 ed.
679 2709 730 2739 ’86
747 2709 807 2739 hoc
824 2719 962 2746 carmen,
981 2710 1066 2749 quod
1126 2708 1222 2740 India
1241 2710 1402 2745 reverso,¹'
1426 2714 1457 2739 et
1474 2706 1550 2748 (vol.
1565 2708 1598 2739 ii.
1614 2719 1644 2750 p.
1664 2707 1730 2748 12.)
1750 2710 1772 2725 “
1785 2708 1825 2739 In

360 2750 495 2789 dignum
525 2751 701 2782 habebatur
732 2752 817 2792 quod
847 2752 882 2782 in
907 2753 1066 2782 Musarum
1125 2752 1326 2792 Exoptatum
1351 2752 1509 2782 Gulielmi
1533 2751 1634 2791 Regis
1650 2762 1689 2782 ex
1707 2751 1824 2782 Hiber-

359 2794 603 2833 Anglicanarum
626 2796 785 2825 Analectis
811 2794 888 2833 (vol.
909 2795 929 2826 i.
948 2806 977 2835 p.
996 2795 1064 2834 90.)
1124 2795 1179 2825 nia
1202 2795 1368 2830 Redjtum,
1390 2796 1471 2825 1690
1485 2797 1516 2830 ;”
1534 2795 1677 2834 itemque
1695 2794 1771 2834 (vol.
1790 2793 1823 2825 ii.

360 2835 575 2872 insereretur;
601 2837 656 2867 ubi
680 2838 789 2867 videre
813 2843 860 2868 est
884 2837 963 2877 (vol.
987 2838 1007 2868 i.
1032 2848 1064 2878 p.
1125 2848 1155 2878 p.
1184 2838 1270 2877 199.)
1295 2837 1493 2867 celeberrimi
1519 2837 1651 2878 Josephi
1678 2836 1825 2867 Addison

362 2878 451 2917 292.)
465 2879 609 2917 ejusdem
625 2879 701 2910 odas
716 2882 737 2896 “
751 2880 880 2910 Clariss.
898 2880 938 2911 D.
958 2881 1060 2910 Paulo
1121 2890 1250 2910 carmen
1275 2880 1357 2910 “Ad
1381 2880 1423 2910 D.
1440 2880 1483 2910 D.
1507 2880 1640 2910 Hannes
1663 2879 1821 2920 Insignis-

362 2919 508 2951 Herman
522 2921 615 2952 MD.
630 2922 713 2953 Prof.
732 2923 902 2953 Botanices
921 2923 1058 2963 Lugdu-
1122 2923 1242 2954 simum
1260 2922 1426 2954 Medjcum
1442 2928 1473 2954 et
1489 2923 1656 2954 Poetame’

361 2962 394 2992 ni
413 2962 617 3001 Batavorum,
637 2965 794 3005 Hortique
811 2965 995 3002 Praefect03
1022 2975 1061 2996 ex
