<?xml version="1.0" encoding="UTF-8"?>
<!DOCTYPE html PUBLIC "-//W3C//DTD XHTML 1.0 Transitional//EN"
    "http://www.w3.org/TR/xhtml1/DTD/xhtml1-transitional.dtd">
<html xmlns="http://www.w3.org/1999/xhtml" xml:lang="en" lang="en">
 <head>
  <title>
</title>
<meta http-equiv="Content-Type" content="text/html;charset=utf-8" />
  <meta name='ocr-system' content='tesseract 3.04.00' />
  <meta name='ocr-capabilities' content='ocr_page ocr_carea ocr_par ocr_line ocrx_word'/>
</head>
<body>
  <div class='ocr_page' id='page_1' title='image "./thomaesydenhammd00sydeuoft_0064.png"; bbox 0 0 1985 3308; ppageno 0'>
   <div class='ocr_carea' id='block_1_1' title="bbox 186 290 369 404">
    <p class='ocr_par' dir='ltr' id='par_1_1' title="bbox 186 290 369 404">
     <span class='ocr_line' id='line_1_1' title="bbox 186 290 369 320; baseline -0.005 0"><span class='ocrx_word' id='word_1_1' title='bbox 186 290 369 320; x_wconf 72' lang='lat' dir='ltr'><strong>DnMonss.</strong></span> 
     </span>
     <span class='ocr_line' id='line_1_2' title="bbox 197 334 361 362; baseline -0.006 0"><span class='ocrx_word' id='word_1_2' title='bbox 197 334 304 362; x_wconf 64' lang='lat' dir='ltr'><strong>Act-T.</strong></span> <span class='ocrx_word' id='word_1_3' title='bbox 325 340 361 361; x_wconf 74' lang='lat' dir='ltr'><strong>m</strong></span> 
     </span>
     <span class='ocr_line' id='line_1_3' title="bbox 201 383 353 404; baseline -0.007 0"><span class='ocrx_word' id='word_1_4' title='bbox 201 383 353 404; x_wconf 71' lang='lat' dir='ltr'>GENERE.</span> 
     </span>
    </p>
   </div>
   <div class='ocr_carea' id='block_1_2' title="bbox 193 417 363 422">
    <p class='ocr_par' dir='ltr' id='par_1_2' title="bbox 193 417 363 422">
     <span class='ocr_line' id='line_1_4' title="bbox 193 417 363 422; baseline 0 0"><span class='ocrx_word' id='word_1_5' title='bbox 193 417 363 422; x_wconf 95' lang='lat' dir='ltr'><strong> </strong></span> 
     </span>
    </p>
   </div>
   <div class='ocr_carea' id='block_1_3' title="bbox 188 434 364 506">
    <p class='ocr_par' dir='ltr' id='par_1_3' title="bbox 188 434 364 506">
     <span class='ocr_line' id='line_1_5' title="bbox 189 434 364 463; baseline -0.006 0"><span class='ocrx_word' id='word_1_6' title='bbox 189 434 364 463; x_wconf 82' lang='lat' dir='ltr'><strong>Chronico-</strong></span> 
     </span>
     <span class='ocr_line' id='line_1_6' title="bbox 188 475 362 506; baseline 0 -1"><span class='ocrx_word' id='word_1_7' title='bbox 188 486 260 506; x_wconf 88' lang='lat' dir='ltr'><strong>rum</strong></span> <span class='ocrx_word' id='word_1_8' title='bbox 273 475 362 505; x_wconf 86' lang='lat' dir='ltr'><strong>ratio.</strong></span> 
     </span>
    </p>
   </div>
   <div class='ocr_carea' id='block_1_4' title="bbox 194 1512 383 1755">
    <p class='ocr_par' dir='ltr' id='par_1_4' title="bbox 194 1512 383 1755">
     <span class='ocr_line' id='line_1_7' title="bbox 194 1512 347 1543; baseline -0.013 0"><span class='ocrx_word' id='word_1_9' title='bbox 194 1512 292 1543; x_wconf 80' lang='lat' dir='ltr'><strong>Acuti</strong></span> <span class='ocrx_word' id='word_1_10' title='bbox 309 1513 347 1542; x_wconf 85' lang='lat' dir='ltr'><strong>ab</strong></span> 
     </span>
     <span class='ocr_line' id='line_1_8' title="bbox 195 1555 368 1585; baseline -0.006 0"><span class='ocrx_word' id='word_1_11' title='bbox 195 1556 277 1585; x_wconf 56' lang='lat' dir='ltr'><strong>aeris</strong></span> <span class='ocrx_word' id='word_1_12' title='bbox 290 1555 368 1584; x_wconf 81' lang='lat' dir='ltr'><strong>alte-</strong></span> 
     </span>
     <span class='ocr_line' id='line_1_9' title="bbox 195 1598 383 1627; baseline -0.011 0"><span class='ocrx_word' id='word_1_13' title='bbox 195 1598 383 1627; x_wconf 78' lang='lat' dir='ltr'><strong>rationeim-</strong></span> 
     </span>
     <span class='ocr_line' id='line_1_10' title="bbox 195 1640 380 1680; baseline 0 -11"><span class='ocrx_word' id='word_1_14' title='bbox 195 1640 294 1680; x_wconf 73' lang='lat' dir='ltr'><strong>pressi</strong></span> <span class='ocrx_word' id='word_1_15' title='bbox 305 1641 380 1676; x_wconf 42' lang='lat' dir='ltr'><strong>Esai—</strong></span> 
     </span>
     <span class='ocr_line' id='line_1_11' title="bbox 197 1682 369 1712; baseline -0.006 0"><span class='ocrx_word' id='word_1_16' title='bbox 197 1685 306 1712; x_wconf 77' lang='lat' dir='ltr'><strong>demici</strong></span> <span class='ocrx_word' id='word_1_17' title='bbox 322 1682 369 1711; x_wconf 88' lang='lat' dir='ltr'><strong>di-</strong></span> 
     </span>
     <span class='ocr_line' id='line_1_12' title="bbox 199 1731 328 1755; baseline 0.016 -2"><span class='ocrx_word' id='word_1_18' title='bbox 199 1731 328 1755; x_wconf 85' lang='lat' dir='ltr'><strong>cuntur.</strong></span> 
     </span>
    </p>
   </div>
   <div class='ocr_carea' id='block_1_5' title="bbox 197 2049 387 2627">
    <p class='ocr_par' dir='ltr' id='par_1_5' title="bbox 197 2049 387 2627">
     <span class='ocr_line' id='line_1_13' title="bbox 203 2049 334 2079; baseline 0 -1"><span class='ocrx_word' id='word_1_19' title='bbox 203 2049 299 2079; x_wconf 81' lang='lat' dir='ltr'>Acuti</span> <span class='ocrx_word' id='word_1_20' title='bbox 318 2059 334 2078; x_wconf 86' lang='lat' dir='ltr'><strong>a</strong></span> 
     </span>
     <span class='ocr_line' id='line_1_14' title="bbox 202 2091 384 2131; baseline 0.005 -12"><span class='ocrx_word' id='word_1_21' title='bbox 202 2091 384 2131; x_wconf 78' lang='lat' dir='ltr'>particulari</span> 
     </span>
     <span class='ocr_line' id='line_1_15' title="bbox 201 2143 367 2173; baseline -0.006 -10"><span class='ocrx_word' id='word_1_22' title='bbox 201 2143 367 2173; x_wconf 83' lang='lat' dir='ltr'><strong>corporum</strong></span> 
     </span>
     <span class='ocr_line' id='line_1_16' title="bbox 203 2175 363 2215; baseline 0 -10"><span class='ocrx_word' id='word_1_23' title='bbox 203 2175 363 2215; x_wconf 82' lang='grc' dir='ltr'>ἀνωμαλίᾳ</span> 
     </span>
     <span class='ocr_line' id='line_1_17' title="bbox 202 2219 385 2257; baseline 0 -10"><span class='ocrx_word' id='word_1_24' title='bbox 202 2219 314 2257; x_wconf 78' lang='lat' dir='ltr'><strong>quovis</strong></span> <span class='ocrx_word' id='word_1_25' title='bbox 329 2229 385 2248; x_wconf 86' lang='lat' dir='ltr'><strong>cu-</strong></span> 
     </span>
     <span class='ocr_line' id='line_1_18' title="bbox 197 2261 331 2299; baseline -0.015 -8"><span class='ocrx_word' id='word_1_26' title='bbox 197 2261 331 2299; x_wconf 70' lang='lat' dir='ltr'><strong>jilslibet</strong></span> 
     </span>
     <span class='ocr_line' id='line_1_19' title="bbox 203 2303 370 2332; baseline 0 -1"><span class='ocrx_word' id='word_1_27' title='bbox 203 2303 277 2332; x_wconf 85' lang='lat' dir='ltr'><strong>anni</strong></span> <span class='ocrx_word' id='word_1_28' title='bbox 291 2309 370 2332; x_wconf 84' lang='lat' dir='ltr'><strong>tcm-</strong></span> 
     </span>
     <span class='ocr_line' id='line_1_20' title="bbox 203 2345 378 2384; baseline 0.006 -11"><span class='ocrx_word' id='word_1_29' title='bbox 203 2345 378 2384; x_wconf 77' lang='lat' dir='ltr'><strong>porcinva-</strong></span> 
     </span>
     <span class='ocr_line' id='line_1_21' title="bbox 204 2387 387 2421; baseline 0 -5"><span class='ocrx_word' id='word_1_30' title='bbox 204 2387 321 2421; x_wconf 70' lang='lat' dir='ltr'><strong>dentes,</strong></span> <span class='ocrx_word' id='word_1_31' title='bbox 335 2388 387 2416; x_wconf 79' lang='lat' dir='ltr'><strong>In-</strong></span> 
     </span>
     <span class='ocr_line' id='line_1_22' title="bbox 207 2434 375 2459; baseline 0.006 -1"><span class='ocrx_word' id='word_1_32' title='bbox 207 2434 375 2459; x_wconf 67' lang='lat' dir='ltr'><strong>ierem-ren-</strong></span> 
     </span>
     <span class='ocr_line' id='line_1_23' title="bbox 207 2477 330 2503; baseline -0.008 -3"><span class='ocrx_word' id='word_1_33' title='bbox 207 2477 259 2503; x_wconf 64' lang='lat' dir='ltr'><strong>!eS.</strong></span> <span class='ocrx_word' id='word_1_34' title='bbox 277 2481 330 2500; x_wconf 80' lang='lat' dir='ltr'><strong>scu</strong></span> 
     </span>
     <span class='ocr_line' id='line_1_24' title="bbox 207 2515 374 2551; baseline 0 -10"><span class='ocrx_word' id='word_1_35' title='bbox 207 2515 374 2551; x_wconf 62' lang='lat' dir='ltr'><strong>Sporarlivi.</strong></span> 
     </span>
     <span class='ocr_line' id='line_1_25' title="bbox 208 2556 356 2594; baseline -0.007 -10"><span class='ocrx_word' id='word_1_36' title='bbox 208 2556 267 2584; x_wconf 82' lang='lat' dir='ltr'><strong>dici</strong></span> <span class='ocrx_word' id='word_1_37' title='bbox 286 2565 356 2594; x_wconf 67' lang='lat' dir='ltr'><strong>pos-</strong></span> 
     </span>
     <span class='ocr_line' id='line_1_26' title="bbox 209 2602 291 2627; baseline 0.012 -2"><span class='ocrx_word' id='word_1_38' title='bbox 209 2602 291 2627; x_wconf 67' lang='lat' dir='ltr'><strong>suut.</strong></span> 
     </span>
    </p>
   </div>
   <div class='ocr_carea' id='block_1_6' title="bbox 387 172 1434 214">
    <p class='ocr_par' dir='ltr' id='par_1_6' title="bbox 387 172 1434 214">
     <span class='ocr_line' id='line_1_27' title="bbox 387 172 1434 214; baseline 0.004 -4"><span class='ocrx_word' id='word_1_39' title='bbox 387 174 442 211; x_wconf 75' lang='lat'><strong>28</strong></span> <span class='ocrx_word' id='word_1_40' title='bbox 803 172 1058 214; x_wconf 82' lang='lat' dir='ltr'><strong>THOMAE</strong></span> <span class='ocrx_word' id='word_1_41' title='bbox 1093 173 1434 214; x_wconf 82' lang='lat' dir='ltr'><strong>SYDENHAM</strong></span> 
     </span>
    </p>
   </div>
   <div class='ocr_carea' id='block_1_7' title="bbox 390 277 1862 2697">
    <p class='ocr_par' dir='ltr' id='par_1_7' title="bbox 390 277 1855 1479">
     <span class='ocr_line' id='line_1_28' title="bbox 461 277 1843 333; baseline -0.001 -15"><span class='ocrx_word' id='word_1_42' title='bbox 461 279 539 333; x_wconf 86' lang='lat'><strong>[5.]</strong></span> <span class='ocrx_word' id='word_1_43' title='bbox 579 279 666 320; x_wconf 87' lang='lat' dir='ltr'><strong>Ubi</strong></span> <span class='ocrx_word' id='word_1_44' title='bbox 693 293 789 320; x_wconf 88' lang='lat' dir='ltr'><strong>vero</strong></span> <span class='ocrx_word' id='word_1_45' title='bbox 823 280 1047 320; x_wconf 87' lang='lat' dir='ltr'><strong>continens</strong></span> <span class='ocrx_word' id='word_1_46' title='bbox 1084 280 1220 320; x_wconf 80' lang='lat' dir='ltr'>morbi</span> <span class='ocrx_word' id='word_1_47' title='bbox 1256 280 1435 320; x_wconf 90' lang='lat' dir='ltr'><strong>materia</strong></span> <span class='ocrx_word' id='word_1_48' title='bbox 1468 280 1558 332; x_wconf 85' lang='lat' dir='ltr'><strong>ejus</strong></span> <span class='ocrx_word' id='word_1_49' title='bbox 1590 283 1652 319; x_wconf 92' lang='lat' dir='ltr'><strong>est</strong></span> <span class='ocrx_word' id='word_1_50' title='bbox 1688 277 1843 318; x_wconf 89' lang='lat' dir='ltr'><strong>indolis</strong></span> 
     </span>
     <span class='ocr_line' id='line_1_29' title="bbox 390 345 1846 401; baseline -0.001 -14"><span class='ocrx_word' id='word_1_51' title='bbox 390 351 439 387; x_wconf 92' lang='lat' dir='ltr'><strong>ut</strong></span> <span class='ocrx_word' id='word_1_52' title='bbox 478 346 637 387; x_wconf 83' lang='lat' dir='ltr'><strong>febrem</strong></span> <span class='ocrx_word' id='word_1_53' title='bbox 671 348 717 387; x_wconf 88' lang='lat' dir='ltr'><strong>in</strong></span> <span class='ocrx_word' id='word_1_54' title='bbox 752 352 893 400; x_wconf 78' lang='lat' dir='ltr'><strong>partes</strong></span> <span class='ocrx_word' id='word_1_55' title='bbox 930 362 1026 388; x_wconf 85' lang='lat' dir='ltr'><strong>suas</strong></span> <span class='ocrx_word' id='word_1_56' title='bbox 1057 348 1302 401; x_wconf 84' lang='lat' dir='ltr'><strong>pertrahere</strong></span> <span class='ocrx_word' id='word_1_57' title='bbox 1333 361 1421 387; x_wconf 91' lang='lat' dir='ltr'><strong>non</strong></span> <span class='ocrx_word' id='word_1_58' title='bbox 1451 347 1587 386; x_wconf 75' lang='lat' dir='ltr'><strong>valeat</strong></span> <span class='ocrx_word' id='word_1_59' title='bbox 1625 345 1676 386; x_wconf 88' lang='lat' dir='ltr'><strong>ad</strong></span> <span class='ocrx_word' id='word_1_60' title='bbox 1709 345 1846 385; x_wconf 88' lang='lat' dir='ltr'><strong>dictae</strong></span> 
     </span>
     <span class='ocr_line' id='line_1_30' title="bbox 392 412 1848 469; baseline -0.002 -14"><span class='ocrx_word' id='word_1_61' title='bbox 392 415 593 455; x_wconf 85' lang='lat' dir='ltr'><strong>materiae</strong></span> <span class='ocrx_word' id='word_1_62' title='bbox 634 416 943 469; x_wconf 81' lang='lat' dir='ltr'><strong>separationem</strong></span> <span class='ocrx_word' id='word_1_63' title='bbox 984 415 1265 456; x_wconf 81' lang='lat' dir='ltr'><strong>universalem</strong></span> <span class='ocrx_word' id='word_1_64' title='bbox 1282 432 1294 464; x_wconf 78' lang='lat'><em>3</em></span> <span class='ocrx_word' id='word_1_65' title='bbox 1346 419 1420 454; x_wconf 90' lang='lat' dir='ltr'><strong>aut</strong></span> <span class='ocrx_word' id='word_1_66' title='bbox 1461 428 1558 454; x_wconf 91' lang='lat' dir='ltr'><strong>cum</strong></span> <span class='ocrx_word' id='word_1_67' title='bbox 1602 412 1848 466; x_wconf 86' lang='lat' dir='ltr'><strong>hujusmodi</strong></span> 
     </span>
     <span class='ocr_line' id='line_1_31' title="bbox 392 480 1848 535; baseline -0.002 -13"><span class='ocrx_word' id='word_1_68' title='bbox 392 482 571 523; x_wconf 87' lang='lat' dir='ltr'><strong>materia</strong></span> <span class='ocrx_word' id='word_1_69' title='bbox 598 483 707 535; x_wconf 88' lang='lat' dir='ltr'><strong>parti</strong></span> <span class='ocrx_word' id='word_1_70' title='bbox 743 482 866 522; x_wconf 89' lang='lat' dir='ltr'><strong>alicui</strong></span> <span class='ocrx_word' id='word_1_71' title='bbox 896 483 1082 535; x_wconf 85' lang='lat' dir='ltr'><strong>affigitur</strong></span> <span class='ocrx_word' id='word_1_72' title='bbox 1109 496 1215 535; x_wconf 86' lang='lat' dir='ltr'><strong>quae</strong></span> <span class='ocrx_word' id='word_1_73' title='bbox 1247 482 1385 523; x_wconf 86' lang='lat' dir='ltr'><strong>eidem</strong></span> <span class='ocrx_word' id='word_1_74' title='bbox 1413 480 1700 535; x_wconf 78' lang='lat' dir='ltr'><strong>explodendae</strong></span> <span class='ocrx_word' id='word_1_75' title='bbox 1731 493 1848 533; x_wconf 90' lang='lat' dir='ltr'><strong>pror-</strong></span> 
     </span>
     <span class='ocr_line' id='line_1_32' title="bbox 393 548 1850 603; baseline -0.003 -13"><span class='ocrx_word' id='word_1_76' title='bbox 393 564 462 590; x_wconf 90' lang='lat' dir='ltr'><strong>sus</strong></span> <span class='ocrx_word' id='word_1_77' title='bbox 491 555 555 590; x_wconf 90' lang='lat' dir='ltr'><strong>est</strong></span> <span class='ocrx_word' id='word_1_78' title='bbox 581 550 731 603; x_wconf 85' lang='lat' dir='ltr'><strong>impar,</strong></span> <span class='ocrx_word' id='word_1_79' title='bbox 755 550 838 589; x_wconf 83' lang='lat' dir='ltr'><strong>sive</strong></span> <span class='ocrx_word' id='word_1_80' title='bbox 867 549 919 590; x_wconf 90' lang='lat' dir='ltr'><strong>ob</strong></span> <span class='ocrx_word' id='word_1_81' title='bbox 947 549 1159 603; x_wconf 85' lang='lat' dir='ltr'><strong>propriam</strong></span> <span class='ocrx_word' id='word_1_82' title='bbox 1187 549 1580 598; x_wconf 83' lang='lat' dir='ltr'><strong>conformationem,</strong></span> <span class='ocrx_word' id='word_1_83' title='bbox 1606 548 1686 600; x_wconf 89' lang='lat' dir='ltr'><strong>(uti</strong></span> <span class='ocrx_word' id='word_1_84' title='bbox 1714 561 1757 587; x_wconf 91' lang='lat' dir='ltr'><strong>se</strong></span> <span class='ocrx_word' id='word_1_85' title='bbox 1783 560 1850 587; x_wconf 90' lang='lat' dir='ltr'><strong>res</strong></span> 
     </span>
     <span class='ocr_line' id='line_1_33' title="bbox 392 614 1849 670; baseline -0.002 -13"><span class='ocrx_word' id='word_1_86' title='bbox 392 617 521 657; x_wconf 89' lang='lat' dir='ltr'><strong>habet</strong></span> <span class='ocrx_word' id='word_1_87' title='bbox 561 617 607 656; x_wconf 92' lang='lat' dir='ltr'><strong>in</strong></span> <span class='ocrx_word' id='word_1_88' title='bbox 642 617 821 664; x_wconf 82' lang='lat' dir='ltr'><strong>materia</strong></span> <span class='ocrx_word' id='word_1_89' title='bbox 855 617 1074 657; x_wconf 89' lang='lat' dir='ltr'><strong>morbifica</strong></span> <span class='ocrx_word' id='word_1_90' title='bbox 1107 616 1436 670; x_wconf 82' lang='lat' dir='ltr'><strong>paralyticorum</strong></span> <span class='ocrx_word' id='word_1_91' title='bbox 1476 615 1615 655; x_wconf 78' lang='lat' dir='ltr'><strong>nervis</strong></span> <span class='ocrx_word' id='word_1_92' title='bbox 1650 614 1849 668; x_wconf 88' lang='lat' dir='ltr'><strong>impacta,</strong></span> 
     </span>
     <span class='ocr_line' id='line_1_34' title="bbox 393 682 1847 737; baseline -0.002 -13"><span class='ocrx_word' id='word_1_93' title='bbox 393 685 438 724; x_wconf 91' lang='lat' dir='ltr'><strong>in</strong></span> <span class='ocrx_word' id='word_1_94' title='bbox 460 684 639 724; x_wconf 87' lang='lat' dir='ltr'><strong>materia</strong></span> <span class='ocrx_word' id='word_1_95' title='bbox 661 684 765 724; x_wconf 89' lang='lat' dir='ltr'><strong>item</strong></span> <span class='ocrx_word' id='word_1_96' title='bbox 794 689 1027 737; x_wconf 87' lang='lat' dir='ltr'><strong>suppurata</strong></span> <span class='ocrx_word' id='word_1_97' title='bbox 1046 684 1092 723; x_wconf 93' lang='lat' dir='ltr'><strong>in</strong></span> <span class='ocrx_word' id='word_1_98' title='bbox 1114 684 1293 724; x_wconf 74' lang='lat' dir='ltr'><strong>cavitate</strong></span> <span class='ocrx_word' id='word_1_99' title='bbox 1314 683 1498 724; x_wconf 88' lang='lat' dir='ltr'><strong>thoracis</strong></span> <span class='ocrx_word' id='word_1_100' title='bbox 1527 682 1847 736; x_wconf 78' lang='lat' dir='ltr'><strong>empyicorum,)</strong></span> 
     </span>
     <span class='ocr_line' id='line_1_35' title="bbox 393 749 1852 802; baseline -0.002 -12"><span class='ocrx_word' id='word_1_101' title='bbox 393 752 457 791; x_wconf 79' lang='lat' dir='ltr'><strong>vel</strong></span> <span class='ocrx_word' id='word_1_102' title='bbox 498 751 551 791; x_wconf 89' lang='lat' dir='ltr'><strong>ob</strong></span> <span class='ocrx_word' id='word_1_103' title='bbox 591 751 800 791; x_wconf 86' lang='lat' dir='ltr'><strong>defectum</strong></span> <span class='ocrx_word' id='word_1_104' title='bbox 844 751 992 791; x_wconf 85' lang='lat' dir='ltr'><strong>caloris</strong></span> <span class='ocrx_word' id='word_1_105' title='bbox 1031 750 1238 791; x_wconf 87' lang='lat' dir='ltr'><strong>naturalis</strong></span> <span class='ocrx_word' id='word_1_106' title='bbox 1279 755 1321 790; x_wconf 92' lang='lat' dir='ltr'><strong>et</strong></span> <span class='ocrx_word' id='word_1_107' title='bbox 1362 749 1602 802; x_wconf 86' lang='lat' dir='ltr'><strong>spirituum,</strong></span> <span class='ocrx_word' id='word_1_108' title='bbox 1648 749 1712 800; x_wconf 89' lang='lat' dir='ltr'><strong>(ut</strong></span> <span class='ocrx_word' id='word_1_109' title='bbox 1752 762 1852 788; x_wconf 90' lang='lat' dir='ltr'><strong>cum</strong></span> 
     </span>
     <span class='ocr_line' id='line_1_36' title="bbox 392 815 1852 871; baseline -0.002 -13"><span class='ocrx_word' id='word_1_110' title='bbox 392 819 547 871; x_wconf 85' lang='lat' dir='ltr'><strong>pituita</strong></span> <span class='ocrx_word' id='word_1_111' title='bbox 576 818 622 857; x_wconf 91' lang='lat' dir='ltr'><strong>in</strong></span> <span class='ocrx_word' id='word_1_112' title='bbox 651 819 874 871; x_wconf 88' lang='lat' dir='ltr'><strong>pulmones</strong></span> <span class='ocrx_word' id='word_1_113' title='bbox 906 817 1062 858; x_wconf 83' lang='lat' dir='ltr'><strong>decidit</strong></span> <span class='ocrx_word' id='word_1_114' title='bbox 1097 817 1163 857; x_wconf 75' lang='lat' dir='ltr'><strong>vel</strong></span> <span class='ocrx_word' id='word_1_115' title='bbox 1194 817 1311 857; x_wconf 86' lang='lat' dir='ltr'><strong>senio</strong></span> <span class='ocrx_word' id='word_1_116' title='bbox 1341 817 1407 857; x_wconf 81' lang='lat' dir='ltr'><strong>vel</strong></span> <span class='ocrx_word' id='word_1_117' title='bbox 1437 816 1545 856; x_wconf 90' lang='lat' dir='ltr'><strong>tussi</strong></span> <span class='ocrx_word' id='word_1_118' title='bbox 1585 815 1852 856; x_wconf 87' lang='lat' dir='ltr'><strong>diuturniore</strong></span> 
     </span>
     <span class='ocr_line' id='line_1_37' title="bbox 393 883 1852 938; baseline -0.002 -13"><span class='ocrx_word' id='word_1_119' title='bbox 393 885 685 937; x_wconf 85' lang='lat' dir='ltr'><strong>labefactatis,)</strong></span> <span class='ocrx_word' id='word_1_120' title='bbox 729 884 795 925; x_wconf 75' lang='lat' dir='ltr'><strong>rel</strong></span> <span class='ocrx_word' id='word_1_121' title='bbox 841 885 1024 938; x_wconf 89' lang='lat' dir='ltr'><strong>denique</strong></span> <span class='ocrx_word' id='word_1_122' title='bbox 1072 885 1124 924; x_wconf 90' lang='lat' dir='ltr'><strong>ob</strong></span> <span class='ocrx_word' id='word_1_123' title='bbox 1173 884 1424 924; x_wconf 89' lang='lat' dir='ltr'><strong>continuum</strong></span> <span class='ocrx_word' id='word_1_124' title='bbox 1472 883 1674 923; x_wconf 88' lang='lat' dir='ltr'><strong>materiae</strong></span> <span class='ocrx_word' id='word_1_125' title='bbox 1719 896 1852 923; x_wconf 88' lang='lat' dir='ltr'><strong>novae</strong></span> 
     </span>
     <span class='ocr_line' id='line_1_38' title="bbox 394 950 1852 1005; baseline -0.001 -13"><span class='ocrx_word' id='word_1_126' title='bbox 394 952 607 1002; x_wconf 79' lang='lat' dir='ltr'><strong>affluxum,</strong></span> <span class='ocrx_word' id='word_1_127' title='bbox 631 966 714 1005; x_wconf 88' lang='lat' dir='ltr'><strong>qua</strong></span> <span class='ocrx_word' id='word_1_128' title='bbox 742 952 915 1004; x_wconf 88' lang='lat' dir='ltr'><strong>sanguis</strong></span> <span class='ocrx_word' id='word_1_129' title='bbox 937 952 1122 1001; x_wconf 63' lang='lat' dir='ltr'><strong>vitiatus,</strong></span> <span class='ocrx_word' id='word_1_130' title='bbox 1146 956 1188 992; x_wconf 88' lang='lat' dir='ltr'><strong>et</strong></span> <span class='ocrx_word' id='word_1_131' title='bbox 1217 952 1270 991; x_wconf 89' lang='lat' dir='ltr'><strong>ad</strong></span> <span class='ocrx_word' id='word_1_132' title='bbox 1298 951 1488 1004; x_wconf 86' lang='lat' dir='ltr'><strong>ejusdem</strong></span> <span class='ocrx_word' id='word_1_133' title='bbox 1516 950 1852 990; x_wconf 82' lang='lat' dir='ltr'><strong>eliminationem</strong></span> 
     </span>
     <span class='ocr_line' id='line_1_39' title="bbox 392 1017 1848 1072; baseline -0.001 -13"><span class='ocrx_word' id='word_1_134' title='bbox 392 1020 517 1060; x_wconf 89' lang='lat' dir='ltr'><strong>unice</strong></span> <span class='ocrx_word' id='word_1_135' title='bbox 540 1019 779 1072; x_wconf 86' lang='lat' dir='ltr'><strong>dispositus,</strong></span> <span class='ocrx_word' id='word_1_136' title='bbox 802 1025 965 1072; x_wconf 87' lang='lat' dir='ltr'><strong>partem</strong></span> <span class='ocrx_word' id='word_1_137' title='bbox 1001 1019 1144 1059; x_wconf 90' lang='lat' dir='ltr'><strong>obruit</strong></span> <span class='ocrx_word' id='word_1_138' title='bbox 1175 1024 1431 1072; x_wconf 77' lang='lat' dir='ltr'><strong>gravatque:</strong></span> <span class='ocrx_word' id='word_1_139' title='bbox 1468 1019 1514 1058; x_wconf 88' lang='lat' dir='ltr'><strong>in</strong></span> <span class='ocrx_word' id='word_1_140' title='bbox 1535 1018 1600 1058; x_wconf 90' lang='lat' dir='ltr'><strong>his</strong></span> <span class='ocrx_word' id='word_1_141' title='bbox 1627 1017 1848 1071; x_wconf 86' lang='lat' dir='ltr'><strong>(inquam,)</strong></span> 
     </span>
     <span class='ocr_line' id='line_1_40' title="bbox 394 1086 1851 1140; baseline -0.001 -13"><span class='ocrx_word' id='word_1_142' title='bbox 394 1087 572 1137; x_wconf 82' lang='lat' dir='ltr'><strong>casibus,</strong></span> <span class='ocrx_word' id='word_1_143' title='bbox 594 1088 659 1127; x_wconf 66' lang='lat' dir='ltr'><strong>vel</strong></span> <span class='ocrx_word' id='word_1_144' title='bbox 686 1087 806 1127; x_wconf 87' lang='lat' dir='ltr'><strong>tarde</strong></span> <span class='ocrx_word' id='word_1_145' title='bbox 834 1087 1064 1128; x_wconf 87' lang='lat' dir='ltr'><strong>admodum</strong></span> <span class='ocrx_word' id='word_1_146' title='bbox 1094 1087 1147 1127; x_wconf 91' lang='lat' dir='ltr'><strong>ad</strong></span> <span class='ocrx_word' id='word_1_147' title='bbox 1178 1087 1415 1127; x_wconf 83' lang='lat' dir='ltr'><strong>coctionem</strong></span> <span class='ocrx_word' id='word_1_148' title='bbox 1441 1086 1632 1140; x_wconf 83' lang='lat' dir='ltr'><strong>pervenit</strong></span> <span class='ocrx_word' id='word_1_149' title='bbox 1660 1086 1851 1135; x_wconf 87' lang='lat' dir='ltr'><strong>materia,</strong></span> 
     </span>
     <span class='ocr_line' id='line_1_41' title="bbox 394 1153 1852 1208; baseline -0.001 -14"><span class='ocrx_word' id='word_1_150' title='bbox 394 1155 457 1195; x_wconf 79' lang='lat' dir='ltr'><strong>vel</strong></span> <span class='ocrx_word' id='word_1_151' title='bbox 486 1169 573 1195; x_wconf 92' lang='lat' dir='ltr'><strong>non</strong></span> <span class='ocrx_word' id='word_1_152' title='bbox 602 1155 799 1204; x_wconf 90' lang='lat' dir='ltr'><strong>omnino,·</strong></span> <span class='ocrx_word' id='word_1_153' title='bbox 840 1155 1029 1208; x_wconf 87' lang='lat' dir='ltr'><strong>adeoque</strong></span> <span class='ocrx_word' id='word_1_154' title='bbox 1060 1155 1198 1195; x_wconf 91' lang='lat' dir='ltr'><strong>morbi</strong></span> <span class='ocrx_word' id='word_1_155' title='bbox 1227 1155 1279 1195; x_wconf 90' lang='lat' dir='ltr'><strong>ab</strong></span> <span class='ocrx_word' id='word_1_156' title='bbox 1307 1154 1554 1208; x_wconf 83' lang='lat' dir='ltr'><strong>hujusmodi</strong></span> <span class='ocrx_word' id='word_1_157' title='bbox 1582 1153 1761 1194; x_wconf 89' lang='lat' dir='ltr'><strong>materia</strong></span> <span class='ocrx_word' id='word_1_158' title='bbox 1787 1153 1852 1192; x_wconf 88' lang='lat' dir='ltr'><strong>in-</strong></span> 
     </span>
     <span class='ocr_line' id='line_1_42' title="bbox 395 1223 1851 1275; baseline -0.002 -12"><span class='ocrx_word' id='word_1_159' title='bbox 395 1223 617 1263; x_wconf 85' lang='lat' dir='ltr'><strong>concoctili</strong></span> <span class='ocrx_word' id='word_1_160' title='bbox 651 1223 961 1275; x_wconf 80' lang='lat' dir='ltr'><strong>provenientes,</strong></span> <span class='ocrx_word' id='word_1_161' title='bbox 1003 1223 1192 1262; x_wconf 74' lang='lat' dir='ltr'><strong>Chronicz‘</strong></span> <span class='ocrx_word' id='word_1_162' title='bbox 1229 1227 1271 1262; x_wconf 89' lang='lat' dir='ltr'><strong>et</strong></span> <span class='ocrx_word' id='word_1_163' title='bbox 1307 1226 1613 1275; x_wconf 87' lang='lat' dir='ltr'><strong>nuncupantur</strong></span> <span class='ocrx_word' id='word_1_164' title='bbox 1654 1225 1696 1261; x_wconf 93' lang='lat' dir='ltr'><strong>et</strong></span> <span class='ocrx_word' id='word_1_165' title='bbox 1737 1224 1851 1260; x_wconf 85' lang='lat' dir='ltr'><strong>sunt.</strong></span> 
     </span>
     <span class='ocr_line' id='line_1_43' title="bbox 394 1287 1854 1343; baseline -0.002 -13"><span class='ocrx_word' id='word_1_166' title='bbox 394 1292 435 1330; x_wconf 90' lang='lat' dir='ltr'><strong>A</strong></span> <span class='ocrx_word' id='word_1_167' title='bbox 471 1290 635 1330; x_wconf 89' lang='lat' dir='ltr'><strong>duobus</strong></span> <span class='ocrx_word' id='word_1_168' title='bbox 671 1290 736 1330; x_wconf 87' lang='lat' dir='ltr'><strong>his</strong></span> <span class='ocrx_word' id='word_1_169' title='bbox 771 1290 916 1343; x_wconf 91' lang='lat' dir='ltr'><strong>itaque</strong></span> <span class='ocrx_word' id='word_1_170' title='bbox 951 1290 1168 1343; x_wconf 89' lang='lat' dir='ltr'><strong>principiis</strong></span> <span class='ocrx_word' id='word_1_171' title='bbox 1201 1289 1281 1330; x_wconf 89' lang='lat' dir='ltr'><strong>sibi</strong></span> <span class='ocrx_word' id='word_1_172' title='bbox 1312 1290 1498 1330; x_wconf 54' lang='lat' dir='ltr'><strong>*invicem</strong></span> <span class='ocrx_word' id='word_1_173' title='bbox 1534 1287 1769 1338; x_wconf 82' lang='lat' dir='ltr'><strong>contrariis,</strong></span> <span class='ocrx_word' id='word_1_174' title='bbox 1802 1287 1854 1328; x_wconf 92' lang='lat' dir='ltr'><strong>de</strong></span> 
     </span>
     <span class='ocr_line' id='line_1_44' title="bbox 396 1356 1855 1411; baseline -0.001 -14"><span class='ocrx_word' id='word_1_175' title='bbox 396 1358 548 1411; x_wconf 85' lang='lat' dir='ltr'><strong>quibus</strong></span> <span class='ocrx_word' id='word_1_176' title='bbox 584 1358 710 1398; x_wconf 90' lang='lat' dir='ltr'><strong>modo</strong></span> <span class='ocrx_word' id='word_1_177' title='bbox 752 1358 928 1410; x_wconf 80' lang='lat' dir='ltr'><strong>egimus,</strong></span> <span class='ocrx_word' id='word_1_178' title='bbox 967 1357 1101 1398; x_wconf 87' lang='lat' dir='ltr'><strong>morbi</strong></span> <span class='ocrx_word' id='word_1_179' title='bbox 1145 1358 1215 1398; x_wconf 89' lang='lat' dir='ltr'><strong>alii</strong></span> <span class='ocrx_word' id='word_1_180' title='bbox 1250 1358 1389 1408; x_wconf 74' lang='lat' dir='ltr'><strong>Acuti,</strong></span> <span class='ocrx_word' id='word_1_181' title='bbox 1424 1358 1495 1398; x_wconf 89' lang='lat' dir='ltr'><strong>alii</strong></span> <span class='ocrx_word' id='word_1_182' title='bbox 1529 1371 1627 1398; x_wconf 78' lang='lat' dir='ltr'><strong>vero</strong></span> <span class='ocrx_word' id='word_1_183' title='bbox 1667 1356 1855 1397; x_wconf 79' lang='lat' dir='ltr'><strong>Chronicz&#39;</strong></span> 
     </span>
     <span class='ocr_line' id='line_1_45' title="bbox 396 1431 623 1479; baseline 0 -14"><span class='ocrx_word' id='word_1_184' title='bbox 396 1431 623 1479; x_wconf 81' lang='lat' dir='ltr'><strong>exurgunt.</strong></span> 
     </span>
    </p>

    <p class='ocr_par' dir='ltr' id='par_1_8' title="bbox 399 1493 1858 2020">
     <span class='ocr_line' id='line_1_46' title="bbox 463 1493 1856 1547; baseline -0.001 -14"><span class='ocrx_word' id='word_1_185' title='bbox 463 1494 541 1547; x_wconf 81' lang='grc'>[6.]</span> <span class='ocrx_word' id='word_1_186' title='bbox 580 1495 742 1534; x_wconf 88' lang='lat' dir='ltr'><strong>Acutos</strong></span> <span class='ocrx_word' id='word_1_187' title='bbox 765 1493 877 1547; x_wconf 90' lang='lat' dir='ltr'><strong>quod</strong></span> <span class='ocrx_word' id='word_1_188' title='bbox 899 1500 1074 1547; x_wconf 86' lang='lat' dir='ltr'><strong>spectat,</strong></span> <span class='ocrx_word' id='word_1_189' title='bbox 1102 1495 1221 1547; x_wconf 90' lang='lat' dir='ltr'><strong>(quos</strong></span> <span class='ocrx_word' id='word_1_190' title='bbox 1252 1493 1653 1547; x_wconf 87' lang='lat' dir='ltr'><strong>impraesentiarum</strong></span> <span class='ocrx_word' id='word_1_191' title='bbox 1674 1497 1856 1533; x_wconf 88' lang='lat' dir='ltr'><strong>tractare</strong></span> 
     </span>
     <span class='ocr_line' id='line_1_47' title="bbox 399 1560 1857 1615; baseline -0.001 -14"><span class='ocrx_word' id='word_1_192' title='bbox 399 1562 504 1602; x_wconf 89' lang='lat' dir='ltr'><strong>mihi</strong></span> <span class='ocrx_word' id='word_1_193' title='bbox 535 1567 597 1602; x_wconf 87' lang='lat' dir='ltr'><strong>est</strong></span> <span class='ocrx_word' id='word_1_194' title='bbox 635 1562 830 1613; x_wconf 87' lang='lat' dir='ltr'><strong>animus‚)</strong></span> <span class='ocrx_word' id='word_1_195' title='bbox 857 1576 1003 1603; x_wconf 88' lang='lat' dir='ltr'><strong>eorum</strong></span> <span class='ocrx_word' id='word_1_196' title='bbox 1040 1563 1110 1602; x_wconf 89' lang='lat' dir='ltr'><strong>alii</strong></span> <span class='ocrx_word' id='word_1_197' title='bbox 1153 1577 1177 1602; x_wconf 90' lang='lat' dir='ltr'><strong>a</strong></span> <span class='ocrx_word' id='word_1_198' title='bbox 1213 1567 1374 1603; x_wconf 89' lang='lat' dir='ltr'><strong>secreta</strong></span> <span class='ocrx_word' id='word_1_199' title='bbox 1410 1567 1537 1615; x_wconf 88' lang='lat' dir='ltr'><strong>atque</strong></span> <span class='ocrx_word' id='word_1_200' title='bbox 1572 1560 1857 1615; x_wconf 82' lang='lat' dir='ltr'><strong>inexplicabili</strong></span> 
     </span>
     <span class='ocr_line' id='line_1_48' title="bbox 400 1630 1856 1684; baseline -0.001 -15"><span class='ocrx_word' id='word_1_201' title='bbox 400 1630 505 1670; x_wconf 70' lang='lat' dir='ltr'><strong>aeris</strong></span> <span class='ocrx_word' id='word_1_202' title='bbox 547 1630 809 1680; x_wconf 86' lang='lat' dir='ltr'><strong>alteratione,</strong></span> <span class='ocrx_word' id='word_1_203' title='bbox 847 1631 1070 1670; x_wconf 90' lang='lat' dir='ltr'><strong>hominum</strong></span> <span class='ocrx_word' id='word_1_204' title='bbox 1111 1644 1286 1684; x_wconf 89' lang='lat' dir='ltr'><strong>corpora</strong></span> <span class='ocrx_word' id='word_1_205' title='bbox 1325 1630 1567 1680; x_wconf 88' lang='lat' dir='ltr'><strong>inficientis,</strong></span> <span class='ocrx_word' id='word_1_206' title='bbox 1605 1630 1856 1683; x_wconf 85' lang='lat' dir='ltr'><strong>gignuntur,</strong></span> 
     </span>
     <span class='ocr_line' id='line_1_49' title="bbox 399 1697 1857 1752; baseline 0 -14"><span class='ocrx_word' id='word_1_207' title='bbox 399 1712 537 1752; x_wconf 88' lang='lat' dir='ltr'><strong>neque</strong></span> <span class='ocrx_word' id='word_1_208' title='bbox 568 1713 592 1738; x_wconf 87' lang='lat' dir='ltr'><strong>a</strong></span> <span class='ocrx_word' id='word_1_209' title='bbox 623 1699 825 1752; x_wconf 86' lang='lat' dir='ltr'><strong>peculiari</strong></span> <span class='ocrx_word' id='word_1_210' title='bbox 856 1699 1075 1751; x_wconf 83' lang='lat' dir='ltr'><strong>sanguinis</strong></span> <span class='ocrx_word' id='word_1_211' title='bbox 1107 1703 1149 1739; x_wconf 91' lang='lat' dir='ltr'><strong>et</strong></span> <span class='ocrx_word' id='word_1_212' title='bbox 1180 1699 1410 1739; x_wconf 89' lang='lat' dir='ltr'><strong>humorum</strong></span> <span class='ocrx_word' id='word_1_213' title='bbox 1441 1699 1549 1738; x_wconf 86' lang='lat' dir='ltr'><strong>crasi</strong></span> <span class='ocrx_word' id='word_1_214' title='bbox 1579 1698 1754 1739; x_wconf 90' lang='lat' dir='ltr'><strong>omnino</strong></span> <span class='ocrx_word' id='word_1_215' title='bbox 1787 1697 1857 1738; x_wconf 88' lang='lat' dir='ltr'><strong>de-</strong></span> 
     </span>
     <span class='ocr_line' id='line_1_50' title="bbox 399 1765 1858 1819; baseline 0 -14"><span class='ocrx_word' id='word_1_216' title='bbox 399 1766 601 1819; x_wconf 87' lang='lat' dir='ltr'><strong>pendent,</strong></span> <span class='ocrx_word' id='word_1_217' title='bbox 622 1766 705 1805; x_wconf 90' lang='lat' dir='ltr'><strong>nisi</strong></span> <span class='ocrx_word' id='word_1_218' title='bbox 734 1771 943 1819; x_wconf 82' lang='lat' dir='ltr'><strong>quatenus</strong></span> <span class='ocrx_word' id='word_1_219' title='bbox 971 1766 1138 1806; x_wconf 88' lang='lat' dir='ltr'><strong>occulta</strong></span> <span class='ocrx_word' id='word_1_220' title='bbox 1165 1766 1271 1806; x_wconf 74' lang='lat' dir='ltr'><strong>aeris</strong></span> <span class='ocrx_word' id='word_1_221' title='bbox 1301 1766 1527 1806; x_wconf 88' lang='lat' dir='ltr'><strong>influentia</strong></span> <span class='ocrx_word' id='word_1_222' title='bbox 1558 1765 1682 1806; x_wconf 89' lang='lat' dir='ltr'><strong>dictis</strong></span> <span class='ocrx_word' id='word_1_223' title='bbox 1713 1779 1858 1819; x_wconf 92' lang='lat' dir='ltr'><strong>corpo-</strong></span> 
     </span>
     <span class='ocr_line' id='line_1_51' title="bbox 400 1823 1858 1886; baseline -0.001 -13"><span class='ocrx_word' id='word_1_224' title='bbox 400 1833 516 1873; x_wconf 90' lang='lat' dir='ltr'><strong>ribus</strong></span> <span class='ocrx_word' id='word_1_225' title='bbox 538 1833 717 1873; x_wconf 89' lang='lat' dir='ltr'><strong>eandem</strong></span> <span class='ocrx_word' id='word_1_226' title='bbox 738 1823 1010 1886; x_wconf 86' lang='lat' dir='ltr'><strong>impresserit.</strong></span> <span class='ocrx_word' id='word_1_227' title='bbox 1063 1833 1135 1883; x_wconf 91' lang='lat' dir='ltr'><strong>Hi,</strong></span> <span class='ocrx_word' id='word_1_228' title='bbox 1159 1833 1341 1873; x_wconf 86' lang='lat' dir='ltr'><strong>durante</strong></span> <span class='ocrx_word' id='word_1_229' title='bbox 1363 1847 1517 1873; x_wconf 88' lang='lat' dir='ltr'><strong>arcana</strong></span> <span class='ocrx_word' id='word_1_230' title='bbox 1537 1833 1609 1873; x_wconf 90' lang='lat' dir='ltr'><strong>illa</strong></span> <span class='ocrx_word' id='word_1_231' title='bbox 1630 1833 1738 1873; x_wconf 77' lang='lat' dir='ltr'><strong>ae&#39;ris</strong></span> <span class='ocrx_word' id='word_1_232' title='bbox 1760 1846 1858 1873; x_wconf 87' lang='lat' dir='ltr'><strong>con-</strong></span> 
     </span>
     <span class='ocr_line' id='line_1_52' title="bbox 402 1900 1858 1954; baseline 0.001 -15"><span class='ocrx_word' id='word_1_233' title='bbox 402 1901 625 1941; x_wconf 82' lang='lat' dir='ltr'><strong>stitutione</strong></span> <span class='ocrx_word' id='word_1_234' title='bbox 653 1914 731 1941; x_wconf 86' lang='lat' dir='ltr'><strong>nec</strong></span> <span class='ocrx_word' id='word_1_235' title='bbox 760 1901 884 1950; x_wconf 81' lang='lat' dir='ltr'><strong>ultra,</strong></span> <span class='ocrx_word' id='word_1_236' title='bbox 907 1906 1093 1954; x_wconf 85' lang='lat' dir='ltr'><strong>pergunt</strong></span> <span class='ocrx_word' id='word_1_237' title='bbox 1120 1901 1335 1951; x_wconf 86' lang='lat' dir='ltr'><strong>lacessere,</strong></span> <span class='ocrx_word' id='word_1_238' title='bbox 1362 1914 1500 1954; x_wconf 89' lang='lat' dir='ltr'><strong>neque</strong></span> <span class='ocrx_word' id='word_1_239' title='bbox 1529 1900 1610 1940; x_wconf 88' lang='lat' dir='ltr'><strong>alio</strong></span> <span class='ocrx_word' id='word_1_240' title='bbox 1637 1900 1724 1940; x_wconf 90' lang='lat' dir='ltr'><strong>ullo</strong></span> <span class='ocrx_word' id='word_1_241' title='bbox 1751 1904 1858 1940; x_wconf 88' lang='lat' dir='ltr'><strong>tem-</strong></span> 
     </span>
     <span class='ocr_line' id='line_1_53' title="bbox 402 1968 1343 2020; baseline 0.001 -13"><span class='ocrx_word' id='word_1_242' title='bbox 402 1981 501 2020; x_wconf 89' lang='lat' dir='ltr'><strong>porc</strong></span> <span class='ocrx_word' id='word_1_243' title='bbox 522 1968 754 2007; x_wconf 79' lang='lat' dir='ltr'><strong>invadunt:</strong></span> <span class='ocrx_word' id='word_1_244' title='bbox 787 1968 1019 2020; x_wconf 77' lang='lat' dir='ltr'><strong>Epidemicz&#39;</strong></span> <span class='ocrx_word' id='word_1_245' title='bbox 1039 1968 1083 2008; x_wconf 91' lang='lat' dir='ltr'><strong>hi</strong></span> <span class='ocrx_word' id='word_1_246' title='bbox 1106 1968 1208 2008; x_wconf 89' lang='lat' dir='ltr'><strong>dicti</strong></span> <span class='ocrx_word' id='word_1_247' title='bbox 1230 1973 1343 2008; x_wconf 84' lang='lat' dir='ltr'><strong>sunt.</strong></span> 
     </span>
    </p>

    <p class='ocr_par' dir='ltr' id='par_1_9' title="bbox 402 2035 1862 2697">
     <span class='ocr_line' id='line_1_54' title="bbox 468 2035 1859 2089; baseline -0.001 -13"><span class='ocrx_word' id='word_1_248' title='bbox 468 2035 546 2088; x_wconf 63' lang='lat'><strong>[72]</strong></span> <span class='ocrx_word' id='word_1_249' title='bbox 585 2037 823 2076; x_wconf 87' lang='lat' dir='ltr'><strong>Acutorum</strong></span> <span class='ocrx_word' id='word_1_250' title='bbox 851 2036 921 2075; x_wconf 90' lang='lat' dir='ltr'><strong>alii</strong></span> <span class='ocrx_word' id='word_1_251' title='bbox 955 2036 1007 2076; x_wconf 88' lang='lat' dir='ltr'><strong>ab</strong></span> <span class='ocrx_word' id='word_1_252' title='bbox 1035 2036 1113 2076; x_wconf 89' lang='lat' dir='ltr'><strong>hac</strong></span> <span class='ocrx_word' id='word_1_253' title='bbox 1147 2036 1211 2076; x_wconf 76' lang='lat' dir='ltr'><strong>vel</strong></span> <span class='ocrx_word' id='word_1_254' title='bbox 1246 2036 1320 2076; x_wconf 88' lang='lat' dir='ltr'><strong>illa</strong></span> <span class='ocrx_word' id='word_1_255' title='bbox 1354 2035 1599 2089; x_wconf 88' lang='lat' dir='ltr'><strong>particulari</strong></span> <span class='ocrx_word' id='word_1_256' title='bbox 1636 2048 1859 2089; x_wconf 89' lang='lat' dir='ltr'><strong>corporum</strong></span> 
     </span>
     <span class='ocr_line' id='line_1_55' title="bbox 402 2102 1859 2159; baseline 0 -17"><span class='ocrx_word' id='word_1_257' title='bbox 402 2103 722 2156; x_wconf 85' lang='lat' dir='ltr'><strong>particularium</strong></span> <span class='ocrx_word' id='word_1_258' title='bbox 763 2102 985 2159; x_wconf 75' lang='grc' dir='ltr'>ἀνωμαλίᾳ</span> <span class='ocrx_word' id='word_1_259' title='bbox 1020 2103 1231 2153; x_wconf 86' lang='lat' dir='ltr'><strong>oriuntur,</strong></span> <span class='ocrx_word' id='word_1_260' title='bbox 1265 2104 1337 2156; x_wconf 87' lang='lat' dir='ltr'><strong>qui</strong></span> <span class='ocrx_word' id='word_1_261' title='bbox 1379 2117 1477 2144; x_wconf 89' lang='lat' dir='ltr'><strong>cum</strong></span> <span class='ocrx_word' id='word_1_262' title='bbox 1509 2118 1534 2143; x_wconf 87' lang='lat' dir='ltr'><strong>a</strong></span> <span class='ocrx_word' id='word_1_263' title='bbox 1569 2117 1695 2144; x_wconf 86' lang='lat' dir='ltr'><strong>causa</strong></span> <span class='ocrx_word' id='word_1_264' title='bbox 1724 2102 1859 2155; x_wconf 84' lang='lat' dir='ltr'><strong>magis</strong></span> 
     </span>
     <span class='ocr_line' id='line_1_56' title="bbox 404 2169 1859 2224; baseline -0.001 -15"><span class='ocrx_word' id='word_1_265' title='bbox 404 2170 591 2222; x_wconf 85' lang='lat' dir='ltr'><strong>generali</strong></span> <span class='ocrx_word' id='word_1_266' title='bbox 626 2184 713 2210; x_wconf 92' lang='lat' dir='ltr'><strong>non</strong></span> <span class='ocrx_word' id='word_1_267' title='bbox 749 2170 1051 2223; x_wconf 87' lang='lat' dir='ltr'><strong>producantur,</strong></span> <span class='ocrx_word' id='word_1_268' title='bbox 1089 2171 1184 2211; x_wconf 90' lang='lat' dir='ltr'><strong>ideo</strong></span> <span class='ocrx_word' id='word_1_269' title='bbox 1219 2185 1358 2224; x_wconf 90' lang='lat' dir='ltr'><strong>neque</strong></span> <span class='ocrx_word' id='word_1_270' title='bbox 1393 2171 1535 2224; x_wconf 91' lang='lat' dir='ltr'><strong>plures</strong></span> <span class='ocrx_word' id='word_1_271' title='bbox 1572 2170 1699 2210; x_wconf 77' lang='lat' dir='ltr'><strong>simul</strong></span> <span class='ocrx_word' id='word_1_272' title='bbox 1733 2169 1859 2210; x_wconf 87' lang='lat' dir='ltr'><strong>corri-</strong></span> 
     </span>
     <span class='ocr_line' id='line_1_57' title="bbox 403 2237 1860 2292; baseline -0.001 -15"><span class='ocrx_word' id='word_1_273' title='bbox 403 2237 540 2290; x_wconf 91' lang='lat' dir='ltr'><strong>piunt.</strong></span> <span class='ocrx_word' id='word_1_274' title='bbox 605 2238 665 2277; x_wconf 92' lang='lat' dir='ltr'><strong>Hi</strong></span> <span class='ocrx_word' id='word_1_275' title='bbox 686 2238 860 2291; x_wconf 88' lang='lat' dir='ltr'><strong>insuper</strong></span> <span class='ocrx_word' id='word_1_276' title='bbox 880 2239 1011 2278; x_wconf 92' lang='lat' dir='ltr'><strong>Acuti</strong></span> <span class='ocrx_word' id='word_1_277' title='bbox 1040 2238 1300 2292; x_wconf 89' lang='lat' dir='ltr'><strong>quibuslibet</strong></span> <span class='ocrx_word' id='word_1_278' title='bbox 1330 2239 1453 2278; x_wconf 89' lang='lat' dir='ltr'><strong>annis</strong></span> <span class='ocrx_word' id='word_1_279' title='bbox 1475 2242 1518 2278; x_wconf 90' lang='lat' dir='ltr'><strong>et</strong></span> <span class='ocrx_word' id='word_1_280' title='bbox 1541 2237 1731 2291; x_wconf 87' lang='lat' dir='ltr'><strong>quolibet</strong></span> <span class='ocrx_word' id='word_1_281' title='bbox 1757 2237 1860 2277; x_wconf 89' lang='lat' dir='ltr'><strong>anni</strong></span> 
     </span>
     <span class='ocr_line' id='line_1_58' title="bbox 404 2305 1861 2359; baseline -0.001 -14"><span class='ocrx_word' id='word_1_282' title='bbox 404 2309 594 2358; x_wconf 90' lang='lat' dir='ltr'><strong>tempore</strong></span> <span class='ocrx_word' id='word_1_283' title='bbox 638 2306 932 2346; x_wconf 82' lang='lat' dir='ltr'><strong>indifferenter</strong></span> <span class='ocrx_word' id='word_1_284' title='bbox 976 2306 1200 2356; x_wconf 75' lang='lat' dir='ltr'><strong>invadunt,</strong></span> <span class='ocrx_word' id='word_1_285' title='bbox 1243 2306 1426 2359; x_wconf 79' lang='lat' dir='ltr'><strong>exceptis</strong></span> <span class='ocrx_word' id='word_1_286' title='bbox 1468 2311 1615 2346; x_wconf 87' lang='lat' dir='ltr'><strong>tamen</strong></span> <span class='ocrx_word' id='word_1_287' title='bbox 1655 2305 1706 2345; x_wconf 87' lang='lat' dir='ltr'><strong>iis</strong></span> <span class='ocrx_word' id='word_1_288' title='bbox 1754 2317 1861 2358; x_wconf 91' lang='lat' dir='ltr'><strong>quae</strong></span> 
     </span>
     <span class='ocr_line' id='line_1_59' title="bbox 406 2371 1862 2426; baseline 0 -14"><span class='ocrx_word' id='word_1_289' title='bbox 406 2371 594 2413; x_wconf 85' lang='lat' dir='ltr'><strong>dicemus</strong></span> <span class='ocrx_word' id='word_1_290' title='bbox 627 2372 701 2413; x_wconf 88' lang='lat' dir='ltr'><strong>ubi</strong></span> <span class='ocrx_word' id='word_1_291' title='bbox 733 2374 784 2413; x_wconf 88' lang='lat' dir='ltr'><strong>de</strong></span> <span class='ocrx_word' id='word_1_292' title='bbox 816 2388 970 2426; x_wconf 86' lang='lat' dir='ltr'><strong>genere</strong></span> <span class='ocrx_word' id='word_1_293' title='bbox 1000 2374 1080 2414; x_wconf 92' lang='lat' dir='ltr'><strong>hoc</strong></span> <span class='ocrx_word' id='word_1_294' title='bbox 1111 2373 1380 2426; x_wconf 88' lang='lat' dir='ltr'><strong>peculiariter</strong></span> <span class='ocrx_word' id='word_1_295' title='bbox 1411 2371 1590 2426; x_wconf 79' lang='lat' dir='ltr'><strong>ageturf.</strong></span> <span class='ocrx_word' id='word_1_296' title='bbox 1654 2372 1747 2412; x_wconf 93' lang='lat' dir='ltr'><strong>Hos</strong></span> <span class='ocrx_word' id='word_1_297' title='bbox 1783 2385 1862 2424; x_wconf 87' lang='lat' dir='ltr'><strong>ego</strong></span> 
     </span>
     <span class='ocr_line' id='line_1_60' title="bbox 406 2440 1861 2494; baseline 0 -15"><span class='ocrx_word' id='word_1_298' title='bbox 406 2440 566 2481; x_wconf 90' lang='lat' dir='ltr'><strong>Acutos</strong></span> <span class='ocrx_word' id='word_1_299' title='bbox 579 2441 914 2490; x_wconf 56' lang='lat' dir='ltr'><strong>Interam-rentes,</strong></span> <span class='ocrx_word' id='word_1_300' title='bbox 931 2441 1015 2481; x_wconf 79' lang='lat' dir='ltr'><strong>sive</strong></span> <span class='ocrx_word' id='word_1_301' title='bbox 1038 2441 1298 2492; x_wconf 73' lang='lat' dir='ltr'><strong>Spomdicos,</strong></span> <span class='ocrx_word' id='word_1_302' title='bbox 1317 2440 1492 2494; x_wconf 85' lang='lat' dir='ltr'><strong>appello,</strong></span> <span class='ocrx_word' id='word_1_303' title='bbox 1516 2440 1615 2493; x_wconf 90' lang='lat' dir='ltr'><strong>quia</strong></span> <span class='ocrx_word' id='word_1_304' title='bbox 1634 2440 1753 2480; x_wconf 91' lang='lat' dir='ltr'><strong>nullo</strong></span> <span class='ocrx_word' id='word_1_305' title='bbox 1774 2453 1861 2479; x_wconf 90' lang='lat' dir='ltr'><strong>non</strong></span> 
     </span>
     <span class='ocr_line' id='line_1_61' title="bbox 406 2506 1862 2561; baseline -0.001 -13"><span class='ocrx_word' id='word_1_306' title='bbox 406 2512 595 2561; x_wconf 85' lang='lat' dir='ltr'><strong>tempore</strong></span> <span class='ocrx_word' id='word_1_307' title='bbox 626 2509 885 2561; x_wconf 82' lang='lat' dir='ltr'><strong>contingunt</strong></span> <span class='ocrx_word' id='word_1_308' title='bbox 915 2522 997 2561; x_wconf 92' lang='lat' dir='ltr'><strong>quo</strong></span> <span class='ocrx_word' id='word_1_309' title='bbox 1019 2508 1255 2561; x_wconf 84' lang='lat' dir='ltr'><strong>Epidemici</strong></span> <span class='ocrx_word' id='word_1_310' title='bbox 1289 2512 1548 2561; x_wconf 85' lang='lat' dir='ltr'><strong>grassantur.</strong></span> <span class='ocrx_word' id='word_1_311' title='bbox 1611 2506 1680 2547; x_wconf 91' lang='lat' dir='ltr'><strong>Ab</strong></span> <span class='ocrx_word' id='word_1_312' title='bbox 1709 2506 1862 2560; x_wconf 88' lang='lat' dir='ltr'><strong>Epide-</strong></span> 
     </span>
     <span class='ocr_line' id='line_1_62' title="bbox 407 2573 1861 2628; baseline -0.001 -14"><span class='ocrx_word' id='word_1_313' title='bbox 407 2575 525 2615; x_wconf 84' lang='lat' dir='ltr'><strong>micis</strong></span> <span class='ocrx_word' id='word_1_314' title='bbox 555 2576 738 2628; x_wconf 87' lang='lat' dir='ltr'><strong>primum</strong></span> <span class='ocrx_word' id='word_1_315' title='bbox 769 2575 988 2616; x_wconf 84' lang='lat' dir='ltr'><strong>exordium</strong></span> <span class='ocrx_word' id='word_1_316' title='bbox 1020 2575 1125 2614; x_wconf 91' lang='lat' dir='ltr'><strong>mihi</strong></span> <span class='ocrx_word' id='word_1_317' title='bbox 1157 2589 1336 2625; x_wconf 84' lang='lat' dir='ltr'><strong>sumam,</strong></span> <span class='ocrx_word' id='word_1_318' title='bbox 1360 2575 1600 2628; x_wconf 86' lang='lat' dir='ltr'><strong>generalem</strong></span> <span class='ocrx_word' id='word_1_319' title='bbox 1630 2573 1861 2616; x_wconf 85' lang='lat' dir='ltr'><strong>eorundem</strong></span> 
     </span>
     <span class='ocr_line' id='line_1_63' title="bbox 407 2642 1185 2697; baseline 0.003 -17"><span class='ocrx_word' id='word_1_320' title='bbox 407 2642 625 2682; x_wconf 80' lang='lat' dir='ltr'><strong>historiam</strong></span> <span class='ocrx_word' id='word_1_321' title='bbox 649 2649 747 2684; x_wconf 85' lang='lat' dir='ltr'><strong>ante</strong></span> <span class='ocrx_word' id='word_1_322' title='bbox 770 2643 911 2683; x_wconf 85' lang='lat' dir='ltr'><strong>onmia</strong></span> <span class='ocrx_word' id='word_1_323' title='bbox 933 2656 1185 2697; x_wconf 75' lang='lat' dir='ltr'><strong>proponcnS.</strong></span> 
     </span>
    </p>
   </div>
   <div class='ocr_carea' id='block_1_8' title="bbox 969 2763 1310 2794">
    <p class='ocr_par' dir='ltr' id='par_1_10' title="bbox 969 2763 1310 2794">
     <span class='ocr_line' id='line_1_64' title="bbox 969 2763 1310 2794; baseline -0.006 0"><span class='ocrx_word' id='word_1_324' title='bbox 969 2763 978 2783; x_wconf 73' lang='lat' dir='ltr'><strong>f</strong></span> <span class='ocrx_word' id='word_1_325' title='bbox 1001 2765 1080 2794; x_wconf 74' lang='lat' dir='ltr'><strong>Vide</strong></span> <span class='ocrx_word' id='word_1_326' title='bbox 1098 2764 1153 2793; x_wconf 83' lang='lat' dir='ltr'><strong>inf.</strong></span> <span class='ocrx_word' id='word_1_327' title='bbox 1171 2765 1252 2793; x_wconf 76' lang='lat' dir='ltr'><strong>Scct.</strong></span> <span class='ocrx_word' id='word_1_328' title='bbox 1271 2764 1310 2792; x_wconf 76' lang='lat' dir='ltr'><strong>vi.</strong></span> 
     </span>
    </p>
   </div>
  </div>
 </body>
</html>
