1985 3308
364 161 449 200 240
780 164 1037 206 ΤΗΟΜΑΕ
1072 165 1412 207 SYDENHAM

185 274 321 305 Fenus
361 267 425 308 vel
460 268 715 321 peculiarem
755 269 929 325 κρίσεως
961 271 1150 322 modum,
1183 272 1248 312 vel
1287 275 1451 324 partem
1486 269 1532 309 in
1572 282 1699 322 quam
1732 267 1820 309 ruit

165 316 339 392 ςξζξὲῗτ
360 335 496 376 morbi
517 336 589 386 vis,
607 337 828 391 praecipue
851 344 1055 392 spectant.
1117 340 1279 379 Verum
1299 336 1424 378 modo
1446 337 1498 377 de
1517 350 1563 377 re
1583 336 1818 387 conveniat,

156 418 339 451 fectustan-
359 403 521 443 nullam
553 403 604 445 de
639 405 883 446 nominibus
918 406 1094 447 movebo
1124 405 1268 454 litem,
1309 403 1416 444 mihi
1444 403 1661 456 integrum
1690 402 1819 443 fuerit

155 463 311 544 3339?qu
359 471 555 512 morbum
577 472 656 513 hoc
677 474 741 513 vel
761 474 832 513 illo
853 475 1025 514 nomine
1048 473 1280 525 designare,
1302 485 1378 525 pro
1399 471 1573 511 arbitrio
1593 484 1701 511 meo.

156 552 250 583 mata,
268 547 320 578 vel
425 539 505 593 [3.]
534 541 974 581 Animadvertendum
988 546 1064 590 est,
1082 540 1206 593 quod,
1225 539 1348 580 sicuti
1362 539 1516 580 Febres
1534 537 1818 587 stationariae,

153 587 297 666 ζζξέἒζῗξ
360 607 412 648 (10
442 608 596 660 quibus
625 622 750 661 supra
775 608 951 661 egimus,
974 607 1108 660 magis
1135 607 1329 646 minusve
1350 605 1578 660 epidemice
1598 605 1817 655 infestant,

154 673 340 724 yelparrem
363 675 492 728 (quod
520 676 610 728 jam
648 675 859 727 diximus)
895 679 1021 728 prout-
1053 687 1262 714 amiorum
1294 673 1554 723 constitutio,
1582 673 1628 713 in
1658 676 1820 713 secreta

154 718 336 800 Eiryqssszgl-la
359 750 485 798 atque
516 744 801 798 inexplicabili
832 745 938 785 a'e'ris
969 744 1173 798 temperie
1200 744 1392 794 fundata,
1420 743 1578 785 eisdem
1605 743 1729 794 favet,
1757 743 1820 783 ita

155 803 263 833 tantia„
359 813 486 853 etiam
507 813 850 854 Intercurrentes
870 813 950 853 hae
970 826 1279 866 nonnunquam
1305 813 1418 866 (licet
1439 827 1527 853 non
1547 811 1608 852 ita
1621 812 1817 865 frequen-

154 860 339 934 Ξέἑξζξξξζῖ
357 886 423 921 ter
440 885 566 933 atque
588 881 723 933 istae,)
745 880 974 933 epidemiee
991 885 1250 933 grassantur.
1284 880 1487 922 Quamw's
1504 878 1618 920 enim
1632 879 1817 932 plerum-

153 955 330 1017 nlmiquam,
359 961 441 1001 que
458 947 651 988 oriantur
667 947 719 988 ab
736 948 815 988 1130
830 948 896 988 vel
911 947 983 988 illa
1002 948 1246 1001 particulari
1262 962 1483 1002 corporum
1499 947 1818 1001 particularium

153 988 323 1061 §tgctgrtepon
356 1014 590 1072 ἀνωμαλίᾳ,
606 1029 688 1069 (1113
709 1016 880 1069 sanguis
903 1020 1029 1069 atque
1045 1015 1243 1056 humores
1265 1029 1432 1069 quoquo
1452 1015 1578 1056 modo
1598 1014 1816 1065 vitiantur,

153 1080 338 1146 {lt‘ssssngffgw
356 1085 582 1138 aliquando
622 1090 767 1125 tamen
808 1085 1017 1138 originem
1059 1084 1215 1126 debent
1257 1099 1377 1125 suam
1421 1085 1606 1126 mediate
1645 1084 1816 1138 quidem

153 1158 242 1207 riae4)
261 1159 322 1199 epi·
355 1165 504 1192 causae
532 1151 658 1192 alicui
690 1152 877 1205 generali
901 1152 946 1191 111
978 1155 1085 1202 ae're,
1110 1152 1346 1193 manifestis
1375 1151 1650 1205 qualitatibus
1680 1152 1815 1193 homi-

151 1201 297 1281 {2³22}ss
353 1233 458 1259 num
479 1233 653 1273 corpora
672 1220 733 1260 ita
755 1220 1019 1273 disponente,
1041 1226 1089 1260 ut
1115 1219 1266 1260 exinde
1287 1220 1392 1261 tales
1417 1220 1575 1261 talesve
1596 1219 1816 1273 sanguinis

153 1291 211 1316 ‘ur-
353 1291 480 1340 atque
500 1286 729 1327 humorum
751 1287 985 1341 dyscrasiae
1007 1292 1278 1341 generentur,
1302 1302 1409 1342 quae
1430 1288 1815 1329 Intercurrentium

353 1353 559 1407 ejusmodi
577 1353 908 1407 epidemicarum
924 1368 1074 1395 causae
1094 1355 1253 1396 fuerint
1269 1355 1553 1397 immediatae.
1617 1356 1696 1397 Uti
1716 1371 1814 1397 cum

354 1422 451 1475 gelu
473 1422 608 1462 acrius
631 1422 704 1462 diu
723 1423 1062 1475 perseveraverit,
1081 1437 1124 1463 se
1144 1423 1190 1463 in
1210 1423 1318 1463 veris
1339 1438 1473 1477 usque
1494 1422 1708 1477 pomoeria
1722 1423 1813 1464 lon-

353 1490 447 1543 gius
470 1490 716 1541 extendcns,
741 1491 971 1544 derepente
993 1496 1138 1531 autem
1159 1492 1332 1532 calidior
1352 1498 1581 1546 tempestas
1603 1492 1814 1544 succedat,

352 1558 613 1612 pleuritides,
646 1559 841 1612 anginae,
880 1559 1121 1614 similesque
1161 1560 1298 1600 morbi
1330 1560 1401 1600 alii
1435 1561 1571 1600 solent
1601 1559 1813 1610 invadere,

353 1628 659 1683 qualiscunque
693 1628 866 1668 demum
900 1628 1028 1669 fuerit
1061 1629 1308 1670 constitutio
1344 1643 1554 1670 annorum
1590 1629 1812 1682 generalis.

352 1696 408 1736 Et
441 1697 641 1749 quoniam
670 1695 715 1736 hi
750 1710 1062 1750 nonnunquam
1098 1696 1328 1750 epidcmice
1361 1701 1608 1750 grassantur
1636 1696 1812 1749 perinde

351 1768 478 1817 atque
501 1764 571 1804 alii
590 1764 673 1815 isti,
696 1764 863 1814 idcirco,
879 1770 928 1805 ut
948 1765 1025 1805 hos
1047 1764 1099 1805 ab
1120 1765 1202 1804 illis
1222 1764 1427 1806 Febribus
1450 1764 1683 1818 dispescam
1705 1779 1812 1818 quae

351 1832 406 1872 ad
435 1837 594 1872 certam
621 1847 830 1874 annorum
861 1833 1013 1874 seriem
1041 1834 1392 1884 determinantur,
1419 1834 1616 1874 omnibus
1643 1834 1810 1875 indiffe-

351 1903 494 1938 renter
515 1899 638 1938 annis
660 1913 905 1940 communes
925 1900 1247 1941 Intercurrentes
1268 1901 1476 1954 appellare
1497 1901 1614 1942 libet.

149 1981 222 2011 Duo
238 1981 315 2011 haee
416 1967 494 2020 [4.]
535 1967 709 2009 Quanto
735 1974 879 2008 autem
906 1983 930 2008 a
955 1982 996 2009 se
1020 1969 1201 2010 invicem
1225 1970 1445 2012 intervallo
1470 1971 1701 2012 dissideant
1726 1971 1810 2013 duo

146 2024 301 2105 ξξέᾚὲω
350 2032 454 2074 11300
477 2034 676 2074 Febrium
698 2048 865 2088 genera,
889 2042 1097 2088 quantum
1125 2038 1178 2078 ad
1205 2052 1351 2079 causas
1379 2039 1432 2079 ab
1460 2042 1555 2080 aejre
1583 2039 1809 2080 subminis-

146 2109 250 2148 quoad
261 2119 332 2139 cau·
350 2106 494 2152 tratas,
525 2104 662 2156 quoad
693 2104 794 2144 alias
824 2110 970 2145 tamen
1005 2119 1151 2146 causas
1182 2112 1377 2148 externas
1409 2121 1456 2148 ac
1487 2107 1809 2161 procatarcticas

146 2162 202 2224 {²2³3
213 2158 325 2235 ἓξὲξ,
351 2176 523 2224 spectat,
552 2185 855 2225 saepenumero
890 2174 1161 2215 conveniunt.
1226 2175 1287 2215 Ut
1318 2175 1432 2216 enim
1463 2176 1554 2229 jam
1588 2175 1809 2216 mittamus

145 2247 294 2310 ¹0¹3&ss
350 2242 608 2295 contagium,
646 2242 761 2297 quod
803 2243 973 2297 quidem
1012 2258 1322 2298 nonnunquam
1364 2244 1564 2285 Febrium
1605 2244 1807 2285 stationa-

147 2328 212 2352 um.
350 2309 507 2349 riarum
543 2310 752 2364 aliquibus
793 2325 940 2351 ansam
974 2312 1217 2365 exporrigit,
1251 2317 1294 2352 et
1328 2311 1544 2365 crapulam
1578 2316 1805 2363 taceamus,

349 2389 431 2428 qua
462 2381 597 2417 matre
627 2378 969 2430 proseminantur
998 2383 1092 2419 tum
1122 2379 1227 2420 istae
1252 2379 1418 2429 Febres,
1443 2384 1538 2419 tum
1567 2379 1647 2420 hae
1678 2380 1807 2421 etiam

348 2443 399 2484 de
431 2444 584 2497 quibus
615 2446 705 2499 jam
737 2460 840 2498 ago,
883 2460 1010 2486 causa
1040 2446 1208 2487 en'dens
1240 2452 1414 2488 externa
1444 2447 1645 2488 Febrium
1679 2462 1806 2502 quam

346 2511 625 2564 plurimarum
649 2513 749 2554 inde
776 2514 961 2567 petenda
985 2520 1061 2565 est,
1084 2515 1198 2569 quod
1222 2515 1314 2568 quis
1340 2516 1497 2557 scilicet
1522 2516 1588 2557 vel
1615 2530 1804 2570 praema-

346 2579 484 2620 turius
510 2586 646 2621 vestes
674 2581 887 2635 abjecerit,
909 2583 976 2623 vel
1002 2582 1055 2623 ab
1081 2583 1279 2624 exercitio
1303 2583 1561 2624 incalescens
1587 2598 1631 2624 se
1657 2584 1805 2637 frigori

346 2646 557 2687 incautius
585 2650 836 2702 exposuerit,
867 2650 982 2691 unde
1015 2651 1128 2704 poris
1159 2650 1298 2691 subito
1333 2651 1521 2700 occlusis,
1542 2652 1805 2706 retentisque

346 2713 396 2752 iis
424 2715 626 2757 halitibus
659 2717 812 2770 quibus
840 2718 941 2758 alias
968 2733 1044 2772 per
1071 2719 1180 2759 cutis
1209 2719 1415 2772 spiracula
1445 2719 1620 2772 patebat
1650 2721 1802 2772 exitus,

348 2780 450 2822 haec
471 2783 536 2822 vel
557 2784 629 2824 illa
651 2785 797 2825 Febris
819 2786 976 2839 species
992 2786 1037 2826 in
1059 2786 1265 2840 sanguine
1287 2786 1569 2837 succenditur,
1590 2793 1716 2840 prout
1737 2789 1804 2830 vel

348 2851 553 2901 generalis
589 2854 836 2895 constitutio
872 2868 979 2908 quae
1009 2861 1103 2896 tum
1133 2856 1335 2909 temporis
1366 2855 1543 2905 obtinet,
1577 2856 1643 2896 vel
1671 2857 1803 2910 parti-

346 2917 506 2957 culares
532 2919 759 2960 humorum
782 2921 1016 2975 dyscrasiae
1036 2923 1082 2963 in
1102 2923 1212 2964 hanc
1233 2924 1297 2964 vel
1317 2923 1433 2963 illam
1454 2922 1598 2964 Febris
1619 2925 1800 2978 speciem
