1985 3308
168 115 245 152 644
765 112 942 151 INDEX
968 112 1176 152 RERUM.

174 225 269 246 mane
291 224 366 246 vero
387 214 668 254 remittitur,4l2;
691 215 859 247 recedente
874 220 946 246 tan-

175 259 250 289 dem
275 268 470 299 paroxysmo
497 268 554 299 pes
581 259 721 289 afficitur
746 259 883 299 pruritu,
915 263 947 289 et

175 301 396 341 desquamatio
419 301 466 339 fit,
488 303 570 337 4123
598 302 625 332 si
651 301 825 332 vehemens
849 301 947 332 fuerit

174 354 397 384 paroxysmus,
412 354 477 375 non
501 345 564 375 nisi
586 349 658 384 post
677 355 798 375 annum
814 344 945 375 reverti-

175 392 237 425 tur,
267 389 350 423 412;
388 387 513 418 dolores
547 387 645 417 habet
678 386 948 423 inclementiores,

174 440 273 469 quam
295 430 438 470 podagra
458 430 636 469 irregular.,
658 430 714 460 sed
735 439 947 470 paroxysmos

174 473 344 510 breviores,
370 478 402 504 et
421 472 591 504 intervalla
613 473 697 502 inter
718 482 771 502 eos
793 472 947 512 longiora,

175 517 238 547 415
251 529 258 549 ς
281 516 441 557 podagrae
454 515 640 556 irregularis
654 514 797 551 historia,
811 517 875 545 412
885 526 947 555 sq.;

174 569 384 600 paroxysmos
405 558 626 599 particulares,
649 558 804 597 majorem
828 558 947 588 consti-

177 607 312 639 tuentes,
329 601 432 632 multo
449 601 609 641 longiores
630 600 727 631 habet
750 611 849 640 quam
868 601 946 641 pod-

175 655 253 685 agra
267 645 417 685 regular„
431 645 505 680 413,
523 644 596 680 611,
613 644 694 679 612;
720 648 948 684 symptomata,

177 688 301 718 diversa
323 688 362 718 ab
384 687 424 717 iis
452 686 609 727 regularis
636 686 807 726 podagrae,
831 687 948 726 qualia,

177 732 252 767 413,
269 732 343 766 414,
360 730 420 760 611
434 742 440 765 ;
466 729 499 760 in
515 739 782 770 paroxysmorum
798 729 951 760 interval·

177 773 218 804 lis
247 783 311 804 non
340 772 560 803 valetudinem
588 772 744 809 concedit,
773 772 828 803 sed
857 772 951 813 plura

177 816 265 846 mala
285 825 417 855 aegrum
441 820 567 852 vexant,
592 816 664 853 414,
689 815 774 851 6123
804 821 948 856 sympto-

177 865 264 889 mata
280 859 387 899 quoad
398 858 540 889 dolorem
555 858 639 888 fiunt
652 858 791 895 mitiora,
807 858 863 888 sed
877 868 950 899 par-

179 902 305 942 oxysmi
342 901 511 942 longiores,
546 903 629 937 4l5;
668 901 798 932 interim
832 901 952 932 morosi

179 945 263 976 fiunt
278 945 365 985 aegri
384 945 502 981 animo,
519 944 599 980 416;
623 944 765 985 podagra
791 944 951 984 quomodo

179 988 331 1024 curanda,
354 989 419 1018 424
444 997 503 1028 sq.‚
518 988 580 1018 613
598 997 659 1027 sq.;
684 987 848 1028 therapeia
866 987 950 1017 radi-

178 1031 258 1062 calis
281 1031 387 1061 adhuc
410 1030 499 1066 latet,
522 1032 601 1066 453;
639 1030 695 1060 sed
719 1041 784 1061 non
807 1030 875 1060 sine
898 1041 954 1071 spe

179 1074 313 1114 aliquali
343 1073 528 1114 specificam
558 1074 749 1113 quandoque
783 1073 953 1104 inventum

178 1117 228 1153 iri,
240 1118 322 1152 4535
347 1127 445 1156 quare
461 1116 676 1156 aggredienda
691 1117 725 1146 in
739 1126 951 1157 paroxysmo-

179 1170 252 1190 rum
267 1160 457 1196 intervallis,
472 1161 534 1190 442
548 1172 555 1195 ς
581 1159 703 1190 curatio
725 1170 790 1190 non
805 1159 951 1199 aggredi-

181 1203 263 1234 enda
293 1207 341 1233 est
368 1202 637 1239 venae-sectione,
664 1203 738 1239 419,
767 1203 849 1238 613;
888 1212 953 1232 non

180 1246 329 1283 catharsi,
343 1246 409 1276 sive
421 1246 461 1276 ad
476 1245 742 1286 praecavendum,
759 1245 826 1276 sive
839 1245 879 1275 ad
895 1255 951 1275 cu-

179 1289 317 1320 randum
333 1299 574 1329 paroxysmum,
584 1289 658 1325 419,
672 1290 754 1324 42ος
780 1288 852 1327 (sed
866 1288 901 1318 in
913 1289 954 1318 iis

181 1333 238 1373 qui
253 1332 356 1362 mictu
372 1336 503 1362 cruento
525 1342 565 1362 ex
588 1331 713 1362 calculo
734 1341 847 1361 renum
864 1331 952 1361 labo-

181 1380 262 1412 rant,
273 1385 392 1405 manna
407 1381 455 1406 est
471 1374 681 1411 concedenda,
695 1375 768 1411 524,
781 1375 846 1405 612
856 1374 881 1414 ;)
898 1385 954 1405 ne-

181 1429 243 1459 que
267 1418 446 1454 sudoribus,
463 1423 495 1448 et
516 1428 624 1458 quare,
642 1418 714 1454 422,
732 1418 815 1453 613;
841 1422 954 1448 curatu

183 1471 280 1502 quam
296 1461 503 1501 perdifficilis,
521 1462 595 1496 423,
611 1462 695 1496 424;
720 1460 786 1491 illis
803 1467 949 1501 sympto-

183 1504 324 1534 matibus
350 1503 582 1534 occurrendum
605 1508 653 1533 est
667 1513 749 1543 quae
774 1503 856 1533 falsa
885 1513 952 1533 me-

183 1547 277 1577 dendi
293 1547 462 1577 methodus
477 1546 637 1586 produxit,
652 1547 732 1581 4423
757 1551 788 1576 et
800 1546 840 1576 iis
852 1556 868 1576 a
884 1546 954 1585 qui-

183 1590 243 1620 bus
266 1600 361 1629 aeger
383 1589 421 1620 de
442 1590 509 1619 vita
535 1589 744 1629 periclitatur,
770 1590 842 1625 445,
867 1590 952 1624 615;

184 1633 326 1672 adeoque
341 1632 499 1672 quaedam
522 1632 618 1662 habet
641 1632 760 1671 quibus
781 1631 815 1661 in
838 1641 954 1672 parox-

182 1686 275 1716 ysmo
290 1675 535 1711 occurrendum,
551 1676 625 1711 445,
642 1676 722 1709 615;
746 1675 888 1714 podagra
903 1675 953 1704 in-

183 1719 306 1759 cipiens
320 1729 377 1758 per
401 1728 515 1748 moxae
537 1718 698 1748 ustionem
720 1717 855 1754 levatur,
874 1727 954 1757 quae

183 1772 243 1792 nec
259 1762 291 1791 in
308 1761 418 1791 morbo
435 1762 619 1796 inveterato,
636 1765 692 1790 aut
708 1770 857 1800 perversa
879 1770 955 1790 cura

185 1805 269 1835 intro
288 1804 426 1844 repulso,
440 1804 580 1844 juvabit,
595 1805 657 1833 448
672 1816 679 1839 ;
704 1803 836 1833 curandi
861 1813 954 1843 prae-

184 1848 279 1888 cipua
294 1847 429 1877 intentio
451 1847 485 1876 in
506 1846 648 1876 coctione
671 1845 887 1885 promovenda
905 1850 954 1875 at-

184 1901 247 1930 que
263 1890 531 1929 indigestiouibus
547 1889 696 1918 tollendis
715 1888 835 1918 versari
852 1888 955 1924 debet,

183 1935 248 1963 424
264 1944 322 1973 sq.‚
335 1934 416 1968 613;
440 1933 677 1962 medicamenta
689 1931 856 1971 digestiva,
872 1933 954 1967 4243

185 1977 218 2006 in
239 1977 380 2017 podagra
402 1975 612 2006 electuarium
636 1974 841 2004 corroborans
863 1984 954 2014 prac-

185 2019 432 2055 stantissimum,
449 2019 530 2054 426;
569 2017 666 2054 aliud,
687 2022 782 2057 atque
806 2027 890 2057 aqua
913 2017 956 2047 di-

1004 215 1076 246 lum
1098 218 1188 246 extra
1202 224 1443 256 pamysmum,
1459 214 1607 256 exemplo
1621 215 1662 246 ab
1676 213 1775 246 inter-

1005 258 1088 289 mitt.
1105 258 1243 289 febrium
1258 258 1459 299 paroxysmis
1479 259 1584 295 ducto,
1601 260 1677 296 442,
1691 259 1776 295 4433

1005 301 1040 332 in
1069 301 1272 341 quorundam
1301 301 1503 342 paroxysmis
1537 301 1731 332 abstinentia
1757 311 1779 332 a

1005 344 1156 375 carnibus
1167 344 1379 382 interdicitur,
1391 346 1455 375 443
1466 357 1473 380 ς
1489 344 1676 384 paroxysmi
1687 354 1778 384 sym-

1006 387 1157 427 ptomatis
1171 387 1270 417 vitam
1283 387 1483 417 minantibus
1493 387 1653 427 quomodo
1667 396 1780 418 occur-

1006 429 1153 466 rendum,
1166 431 1240 466 445,
1255 430 1336 466 615;
1353 430 1524 460 ventriculi
1540 429 1690 460 debilitas
1701 439 1778 460 cum

1005 472 1125 502 ventris
1141 472 1333 503 torminibus
1355 472 1430 502 vino
1448 472 1607 503 Canarino
1621 472 1777 512 mitigan-

1007 515 1057 551 da,
1069 516 1150 550 445;
1175 515 1262 555 quod
1276 515 1303 545 si
1319 515 1401 545 nihil
1416 515 1594 555 profecerit,
1611 515 1651 545 ad
1666 514 1778 545 lauda-

1007 568 1086 588 num
1102 557 1305 597 fugiendum,
1319 559 1382 588 446
1396 571 1403 593 ς
1428 558 1594 588 diarrhoea
1608 557 1779 588 sudoribus

1007 601 1193 637 cohibenda,
1210 601 1292 637 446;
1322 601 1464 641 podagra
1486 611 1505 631 a
1527 600 1702 631 cathartico
1724 610 1779 631 ac-

1007 643 1152 680 cersitur,
1167 645 1241 679 523,
1255 645 1335 680 5243
1351 644 1506 674 minitans
1519 643 1648 684 quando
1663 653 1778 684 parox-

1007 696 1121 726 ysmus
1155 686 1294 717 laudano
1329 686 1524 727 reprimitur,
1555 688 1622 717 ibid
1631 699 1643 722 ,-
1680 686 1781 717 tussis

1009 729 1164 759 brumalis
1199 740 1218 759 a
1245 729 1373 769 frigore,
1405 734 1547 769 ternpore
1580 729 1778 770 paroxysmi,

1009 777 1168 813 suscepto,
1184 773 1268 803 sicut
1282 773 1354 813 ipsa
1371 773 1646 813 peripneumonia,
1662 781 1779 803 curan-

1009 815 1049 844 da
1073 820 1130 852 est,
1157 816 1239 851 446;
1275 815 1421 845 calculus
1445 815 1673 856 superveniens
1696 825 1779 856 quo-

1007 858 1103 888 modo
1119 863 1256 894 curetur,
1269 858 1332 891 447
1344 871 1351 894 ;
1368 858 1402 888 in
1416 858 1574 899 podagrae
1587 867 1782 899 paroxysmo

1009 901 1150 931 remedia
1179 906 1310 932 externa
1338 901 1373 931 in
1403 911 1518 941 genere
1547 901 1782 942 improbantur,

1009 953 1120 974 vemm
1136 944 1272 975 istorum
1293 944 1427 974 meliora
1442 943 1572 985 reperiri
1586 954 1674 974 mere
1688 943 1781 975 refri-

1010 987 1164 1026 gerantia,
1191 991 1223 1017 et
1250 986 1449 1027 repellentia,
1479 987 1555 1025 447,
1581 988 1644 1018 448
1657 999 1664 1022 ;
1703 987 1783 1028 quid

1010 1039 1125 1060 moxae
1156 1030 1359 1060 comburium
1381 1034 1542 1070 praestare
1570 1029 1681 1070 possit,
1705 1031 1780 1068 448,

1011 1073 1092 1109 449;
1117 1073 1257 1113 podagra
1271 1078 1446 1103 retrocessa
1463 1073 1622 1113 quomodo
1645 1082 1782 1113 cognos-

1012 1120 1111 1152 catur,
1129 1117 1202 1153 526,
1219 1116 1299 1152 615;
1325 1116 1486 1156 quomodo
1508 1126 1527 1146 a
1548 1115 1693 1156 periculo
1707 1115 1784 1146 inde

1010 1158 1200 1189 imminente
1236 1169 1270 1189 se
1305 1158 1488 1189 liberaverit
1523 1158 1659 1196 Auctor,
1687 1160 1761 1190 ibid.
1770 1170 1784 1194 ‚-

1011 1201 1152 1242 podagra
1166 1202 1354 1232 scorbutum
1370 1202 1575 1242 quandonam
1596 1201 1782 1238 mentiatur,

1013 1245 1074 1275 259
1088 1258 1095 1280 3
1122 1245 1302 1285 podagricis
1319 1245 1528 1285 cogitationes
1546 1244 1664 1275 nimiae
1679 1244 1783 1274 offici-

1012 1292 1083 1325 unt,
1095 1289 1153 1318 331
1162 1311 1170 1325 ,
1182 1289 1244 1318 332
1255 1301 1262 1323 ;
1279 1287 1390 1327 plures
1404 1287 1545 1318 indebita
1559 1286 1783 1325 medicatione,

1012 1341 1110 1371 quam
1125 1331 1196 1371 ipso
1211 1331 1331 1367 morbo,
1346 1335 1490 1371 pereunt,
1507 1332 1580 1361 448.

1055 1373 1260 1404 Pomumsr:
1279 1373 1367 1413 (DE)
1386 1374 1543 1410 Curris,
1559 1373 1634 1410 602,
1649 1373 1724 1404 603.

1055 1416 1235 1447 Possetum.
1253 1415 1300 1456 [v.
1317 1415 1522 1457 Zytlcogala.]

1056 1459 1180 1490 Potatio
1194 1460 1293 1490 nimia
1308 1460 1341 1489 in
1352 1459 1548 1499 gonorrhoea
1559 1457 1654 1489 viml.
1667 1457 1782 1489 recidi-

1011 1512 1085 1533 vam
1103 1503 1231 1542 quando
1246 1502 1412 1543 producat,
1427 1504 1502 1533 314.

1056 1545 1222 1576 Potatores
1256 1545 1435 1587 hydropici,
1464 1545 1536 1575 aliis
1571 1543 1782 1584 frequentius,

1012 1587 1103 1624 fiunt,
1121 1589 1194 1620 456.

1056 1630 1149 1661 Potio
1178 1630 1324 1661 cardiaca
1353 1629 1387 1660 in
1410 1628 1551 1666 variolis,
1575 1629 1655 1665 148:
1694 1628 1784 1669 potio

1013 1683 1155 1713 purgans
1179 1673 1362 1704 communis
1384 1673 1419 1703 in
1441 1672 1544 1704 colica
1570 1671 1685 1702 biliosa
1711 1671 1785 1702 aliis

1013 1717 1228 1753 anteferenda,
1246 1718 1316 1748 196.

1057 1759 1315 1796 Potulentorum,
1351 1758 1384 1788 in
1425 1758 1585 1799 podagrae
1626 1755 1787 1797 regularis

1012 1812 1212 1842 paroxysmo,
1229 1803 1322 1833 tertia
1336 1811 1410 1843 pars
1425 1806 1552 1832 tautum
1574 1809 1632 1841 per
1645 1799 1786 1830 vesicam

983 1881 985 1884 Ι
1012 1845 1165 1881 redditur,
1181 1847 1254 1875 412.

1058 1887 1158 1918 Potus
1173 1888 1205 1917 in
1222 1887 1412 1928 dysenteria,
1433 1885 1514 1922 172;
1538 1885 1572 1916 in
1595 1885 1682 1916 febre
1707 1885 1786 1926 dys-

1014 1931 1162 1967 enterica,
1186 1932 1264 1966 1813
1289 1931 1321 1960 in
1344 1930 1488 1970 hydrope
1507 1933 1648 1970 quantus
1671 1938 1785 1959 conce-

1015 1973 1110 2003 datur
1124 1974 1164 2004 ab
1180 1974 1332 2008 Auctore,
1349 1973 1410 2005 467
1426 1985 1433 2008 3
1457 1973 1491 2002 in
1509 1971 1668 2012 hysterica
1683 1970 1786 2002 affect-

1014 2026 1243 2057 puerperarum
1261 2027 1279 2047 a
1293 2017 1394 2046 nimio
1414 2016 1576 2046 mensium
1592 2014 1695 2051 fluxu,
1712 2015 1788 2052 400,

185 2062 316 2100 stillata,
336 2062 410 2099 426,
426 2063 488 2093 427
503 2074 509 2097 ;
535 2061 674 2090 theriaca
691 2059 911 2090 Andromachi
927 2065 958 2090 et
1014 2061 1073 2089 401
1089 2073 1095 2095 ;
1120 2060 1154 2090 in
1179 2060 1321 2100 podagra
1347 2058 1453 2099 qualis
1475 2058 1626 2099 optimus,
1643 2058 1708 2088 434
1722 2066 1787 2096 sq.;

185 2110 294 2135 cortex
330 2104 443 2136 Peruv.
480 2104 661 2140 laudantur,
693 2104 774 2139 427;
816 2103 958 2143 podagra

186 2148 370 2188 pharmacis
401 2147 477 2177 solis
507 2157 571 2177 non
601 2151 742 2182 curatur,
773 2146 829 2176 sed
859 2146 956 2176 etiam

187 2191 301 2228 diaeta,
317 2192 399 2227 4323
437 2190 517 2220 haec
540 2190 574 2220 in
598 2189 756 2230 podagrae
778 2189 957 2219 intervallis

186 2234 301 2274 qualis,
321 2235 392 2270 432,
411 2234 483 2270 433,
501 2234 582 2267 6143
620 2238 714 2273 potus
739 2232 781 2262 sit
805 2232 958 2262 cerevisia

187 2277 302 2314 tenuis,
329 2278 402 2313 434,
431 2277 512 2312 614;
551 2281 645 2316 potus
666 2275 865 2311 diaeteticuS,
888 2275 958 2305 loco

186 2319 346 2356 ordinarii,
362 2319 396 2349 in
412 2319 562 2360 podagris
584 2319 777 2355 inveteratis,
794 2319 868 2354 436,
883 2319 957 2354 437,

1014 2101 1047 2132 in
1057 2103 1138 2132 tussi
1149 2103 1283 2143 epidem.
1295 2103 1371 2132 anni
1382 2103 1444 2138 ‘75,
1457 2102 1585 2131 absente
1595 2100 1692 2136 febre,
1705 2101 1786 2136 2305

1014 2145 1047 2175 in
1069 2146 1199 2176 variolis
1223 2150 1404 2185 temperans
1419 2149 1451 2175 et
1466 2143 1689 2175 salivationem
1710 2151 1786 2183 pro·

1015 2198 1159 2225 movens,
1179 2189 1251 2225 191,
1269 2189 1339 2219 193.

1059 2231 1173 2262 Praxis
1202 2231 1328 2261 medica
1355 2240 1430 2261 vera
1458 2229 1492 2260 in
1531 2238 1594 2269 quo
1623 2228 1790 2266 fundetur,

1016 2275 1077 2305 296
1092 2287 1098 2310 ;
1123 2274 1205 2315 lapis
1221 2274 1345 2314 Lydius
1360 2273 1552 2303 medicinam
1567 2272 1788 2313 profitentium

1015 2322 1074 2354 est,
1084 2318 1165 2353 463;
1191 2317 1275 2358 apud
1289 2317 1447 2357 plurimos
1463 2316 1502 2346 ad
1517 2315 1680 2356 postulata
1691 2323 1788 2354 quae-

186 2363 268 2398 6143
292 2363 405 2392 vinum
427 2362 523 2402 plane
547 2361 682 2397 officere,
705 2362 779 2398 434,
803 2363 885 2395 4353
911 2361 959 2391 vi-
985 2357 989 2388 Ι
1016 2360 1089 2390 dam
1113 2371 1152 2391 ex
1174 2360 1407 2401 hypothesibus
1431 2359 1577 2395 deducta,
1594 2368 1658 2388 non
1681 2358 1721 2388 ad
1742 2356 1789 2387 rei

186 2416 300 2435 norum
325 2415 398 2435 vero
424 2405 639 2445 Hispanicum
661 2404 770 2434 minus
791 2403 957 2443 injurium,

188 2450 272 2483 4383
311 2448 431 2478 lacteae
453 2448 574 2478 diaetae
597 2447 630 2477 in
655 2447 796 2487 podagra
825 2457 959 2477 censura
986 2468 989 2485 ,

189 2501 300 2531 acqua,
317 2493 398 2526 433;
423 2490 602 2531 podagricis
618 2490 787 2520 decubitus
803 2490 959 2520 maturior

187 2578 268 2613 43&
307 2577 407 2607 animi
430 2576 646 2617 tranquillitas
667 2575 867 2612 stabilienda,
885 2577 958 2612 439,

187 2620 268 2655 6143
308 2620 497 2650 exercitium
535 2619 574 2649 sit
604 2618 840 2659 quotidianum,
872 2620 957 2654 440;

189 2662 247 2692 hcc
263 2663 375 2702 tophos
395 2667 573 2703 praecavet,
589 2661 639 2692 vel
661 2661 766 2697 solvit,
784 2663 857 2698 440,
874 2663 932 2691 441
950 2674 956 2696 ;

187 2705 220 2734 in
250 2705 318 2744 ipso
344 2715 537 2746 paroxysmo
563 2705 770 2745 permittitur,
786 2706 870 2739 444;
894 2705 959 2734 nisi

187 2747 246 2777 iste
264 2748 303 2776 sit
320 2749 463 2784 atrocior,
480 2750 562 2783 444:
587 2748 811 2778 exercitiorum
838 2747 957 2787 prima-

188 2790 273 2820 rium
291 2795 338 2820 est
354 2791 517 2830 equitatio,
534 2792 594 2821 441
609 2803 616 2825 ;
641 2800 740 2830 quam
756 2795 864 2820 tamen
880 2801 958 2831 sup—

187 2833 274 2873 plcrc
296 2838 399 2873 potest
423 2834 454 2863 in
478 2844 574 2864 curru
597 2834 712 2869 vectio,
737 2835 815 2868 44l;
849 2833 960 2863 Venus

186 2886 284 2916 quam
314 2875 354 2905 sit
378 2876 505 2914 injuria,
530 2877 602 2912 -lll,
624 2877 705 2911 614;
739 2876 773 2906 in
800 2876 960 2916 podagrae

186 2928 380 2960 paroxysmo
396 2919 477 2949 nihil
494 2919 604 2959 magni
619 2919 819 2957 tentandum,
836 2920 892 2950 sed
908 2930 958 2950 so-

1016 2404 1196 2440 veritatem‚
1219 2403 1431 2443 componitur,
1463 2402 1545 2437 307;
1584 2401 1618 2431 in
1646 2399 1789 2437 variolis,

1016 2446 1208 2487 quandoque
1242 2446 1276 2476 in
1304 2446 1427 2476 incerto
1463 2444 1534 2475 loco
1571 2443 1790 2480 constituitur,

187 2544 284 2574 quam
310 2534 350 2564 sit
375 2534 475 2570 utilis,
501 2534 599 2574 idque
622 2533 739 2573 hyeme
762 2533 959 2572 pracsertim,
985 2486 989 2559 i
1019 2490 1088 2519 1⁰4·

1060 2531 1155 2562 Probi
1185 2531 1326 2571 hominis
1363 2540 1475 2560 verum
1513 2528 1688 2567 criterium,
1714 2529 1787 2566 388,

1018 2576 1088 2605 389.

1060 2617 1234 2658 I'rognosis
1255 2617 1289 2647 in
1307 2616 1437 2647 variolis
1452 2615 1537 2646 unde
1550 2615 1697 2656 pendeat,
1716 2614 1790 2652 127,

1015 2662 1090 2692 333.

1061 2703 1224 2734 Prostatae
1240 2703 1272 2733 in
1289 2701 1488 2743 gonorrhoca
1510 2700 1605 2731 virul.
1622 2699 1790 2740 -quomodo

1017 2747 1208 2782 afficiantur,
1226 2747 1297 2777 310.

1060 2789 1324 2820 I‘rotuberantiae
1343 2788 1376 2819 in
1401 2787 1633 2818 rheumatismo
1651 2785 1691 2816 ad
1706 2785 1789 2825 digi-

1016 2838 1122 2863 torum
1138 2833 1279 2863 internas
1301 2832 1408 2873 potius
1429 2841 1527 2871 quarn
1549 2835 1696 2860 externas
1711 2837 1786 2869 par-

1017 2882 1063 2906 tes
1080 2875 1271 2909 excitantur,
1289 2875 1360 2905 256.

1060 2919 1222 2950 Ριιιίιιτυ
1249 2918 1337 2959 (Dc)
1357 2918 1506 2954 Furtum,
1529 2925 1572 2948 ετ
1589 2921 1790 2946 ravenna-

1904 1320 1909 1326 =
1898 1278 1920 1294 .·
1880 1114 1923 1263 suo-a
