1985 3308
634 482 1037 542 THOMAE
1110 480 1664 539 SYDENHAM

873 625 1094 657 SCHEDUL
1103 625 1128 656 A
1154 625 1430 657 MONITORIA

703 747 777 795 DE
808 746 997 794 NOVAE
1027 746 1234 794 FEBRIS
1264 744 1590 794 INGRESSUss.

479 866 681 906 TAME'rsl
718 865 1014 918 ingravescens
1045 864 1135 918 jam
1171 869 1300 914 aetas,
1334 868 1376 905 et
1413 877 1437 904 a
1470 861 1685 903 diuturnis
1720 859 1879 902 morbis
1930 893 1936 899 .

420 946 555 986 paene
577 932 782 982 confecta,
803 931 1051 972 missionem
1072 946 1096 972 a
1117 931 1334 984 cogitandi
1360 945 1492 984 penso
1516 930 1880 983 meditationeque

419 999 643 1040 intensiori
662 999 729 1040 vel
749 1013 798 1040 eo
818 999 991 1040 nomine
1011 999 1091 1039 sibi
1108 999 1204 1053 jure
1225 999 1440 1052 postulare
1461 998 1667 1048 videatur,
1689 1002 1880 1038 attamen

418 1083 507 1109 non
546 1068 652 1108 mihi
691 1072 883 1122 tempero
931 1068 1034 1121 quin
1074 1067 1139 1107 vel
1183 1067 1377 1120 propriae
1423 1066 1617 1106 sanitatis
1658 1064 1880 1118 dispendio
1918 1101 1939 1121 ,⁸

418 1135 600 1176 alienam
631 1149 779 1176 curare
809 1140 1023 1188 satagam:
1059 1135 1283 1189 populares
1315 1134 1473 1175 scilicet
1501 1148 1618 1175 meos
1647 1133 1880 1174 admonens
1929 1138 1939 1183 '‚

417 1202 469 1243 de
494 1203 773 1256 subingressu
799 1217 932 1243 novae
959 1203 1181 1257 cujusdam
1203 1202 1545 1253 constitutionis,
1568 1216 1593 1242 a
1614 1215 1697 1255 qua
1722 1200 1880 1255 pendet
1917 1196 1937 1227 ⁴5

418 1270 564 1311 Febris
585 1285 695 1311 nova
716 1271 874 1325 species
895 1285 920 1312 a
939 1285 1077 1325 nuper
1099 1271 1390 1325 grassantibus
1410 1271 1597 1311 multum
1619 1270 1838 1311 abludens.

214 1353 266 1384 De
287 1353 398 1383 subin·
483 1338 563 1392 [2.]
601 1339 815 1380 Memoria
853 1339 1127 1380 recolendum
1168 1344 1245 1390 est,
1288 1339 1401 1392 quod
1441 1339 1488 1379 in
1529 1344 1738 1379 autumno
1779 1337 1881 1379 anni

213 1407 397 1478 {2283ng
421 1407 556 1449 167712
592 1407 748 1448 Febres
789 1408 1133 1449 Intermittentes
1170 1422 1212 1449 se
1253 1408 1439 1462 primum
1480 1407 1721 1459 exerebant,
1760 1421 1880 1461 quae,

216 1482 289 1530 dam
305 1482 390 1530 .C⁰¹}‘
419 1474 647 1526 quotannis
673 1473 1034 1516 increbrescentes
1062 1480 1104 1516 et
1130 1474 1477 1531 ἐπιδημικώτεραι
1501 1476 1638 1516 factae
1667 1475 1802 1516 donec
1827 1475 1881 1516 ad

214 1529 400 1607 Ξῐξξζζζζῖζ
421 1555 546 1581 suum
587 1546 747 1582 statum
789 1542 872 1583 sive
911 1542 1049 1594 ἀκμήν
1087 1543 1368 1597 pervenerint,
1410 1543 1683 1597 postmodum
1725 1543 1882 1583 sensim

214 1610 390 1681 dff’tfsscbris
422 1609 733 1660 decrescebant,
776 1616 818 1651 et
858 1611 1080 1664 postremis
1120 1612 1245 1665 hujus
1287 1611 1615 1653 Constit-utionis
1656 1611 1778 1652 annis
1821 1612 1882 1652 ita

251 1662 309 1682 oxa
333 1676 339 1683 ’
420 1691 539 1718 rarae
561 1677 834 1731 apparebant,
852 1684 901 1719 ut
922 1694 997 1733 pro
1019 1679 1166 1720 morbo
1188 1679 1418 1733 epidemico
1439 1680 1519 1730 vix,
1537 1685 1611 1720 aut
1633 1694 1686 1720 ne
1707 1679 1771 1719 vix
1791 1679 1880 1733 qui·

420 1745 529 1796 dem,
551 1745 697 1786 haberi
718 1748 949 1800 potuerint.
1013 1747 1110 1790 Qua
1134 1748 1185 1788 de
1206 1762 1252 1788 re
1272 1748 1430 1801 pariter
1456 1747 1880 1788 animadvertendum

419 1818 496 1864 est,
519 1815 770 1868 posteriores
793 1816 897 1857 duos
915 1816 1244 1857 Constitutionis
1261 1816 1352 1870 jam
1368 1816 1561 1856 exeuntis
1579 1830 1712 1856 annos
1728 1815 1880 1870 hyeme

419 1882 673 1935 rigidissima
707 1884 834 1924 fuisse
875 1884 1121 1935 infestatos,
1167 1884 1454 1938 penultimum
1496 1883 1691 1934 maxime,
1728 1897 1880 1938 nempe

419 1964 582 1990 annum
620 1952 744 2002 1683,
775 1952 820 1992 in
857 1966 939 2006 quo
969 1953 1030 1993 ita
1061 1953 1225 1993 enormi
1254 1952 1408 1993 bruma
1437 1952 1708 2005 intemperies
1739 1951 1880 1992 desae-

418 2016 570 2067 w'ebat,
602 2022 651 2058 ut
682 2032 808 2059 nemo
845 2019 1068 2073 quisquam
1098 2012 1330 2060 viventium
1365 2019 1426 2060 illi
1456 2033 1613 2073 parem,
1642 2020 1707 2060 vel
1741 2020 1880 2061 inten-

414 2084 582 2126 ‘sissimo
623 2101 672 2127 eo
712 2087 880 2141 frigoris
921 2088 1069 2141 gradu,
1107 2089 1171 2129 vel
1211 2088 1441 2143 praelongo
1481 2087 1684 2141 temporis
1724 2093 1878 2138 tractu,

419 2153 569 2194 viderit
600 2168 814 2208 unquam:
868 2155 1021 2210 quippe
1054 2170 1137 2209 quo
1170 2156 1401 2207 Thamesis,
1436 2155 1590 2197 nobilis
1621 2157 1784 2207 fluvius,
1820 2156 1882 2197 ita

420 2221 660 2274 praevalido
701 2222 799 2274 gelu
839 2223 1231 2276 compaginabatur,
1264 2229 1313 2265 ut
1349 2238 1553 2266 curruum
1589 2225 1880 2266 circumcursi-

420 2290 607 2331 tantium
637 2296 765 2341 rotas,
795 2291 981 2332 officinas
1017 2291 1071 2332 ad
1100 2291 1338 2344 platearum
1368 2292 1545 2333 modum
1575 2292 1785 2333 mercibus
1816 2306 1880 2333 re-

420 2358 562 2409 fertas,
608 2373 655 2399 ac
700 2359 1091 2400 numerosissimam
1141 2359 1365 2400 hominum
1415 2359 1712 2413 frequentiam,
1761 2359 1882 2400 solidi

421 2426 555 2467 instar
600 2427 843 2480 pauimenti,
891 2427 1013 2468 facile
1058 2427 1356 2469 sustentaretd.
1421 2428 1695 2482 Subsequens
1742 2443 1880 2470 annus

424 2494 548 2545 1684,
562 2494 662 2536 licet
683 2509 762 2536 nec
783 2496 951 2536 intenso
972 2495 1139 2549 frigoris
1161 2496 1309 2549 gradu,
1332 2509 1411 2537 nec
1431 2497 1635 2550 pervicaci
1657 2496 1880 2538 duratione

420 2563 743 2615 praecedentem
775 2567 1040 2617 exaequaret,
1069 2577 1157 2603 non
1188 2567 1333 2603 tamen
1364 2563 1550 2603 multum
1587 2563 1625 2604 ei
1655 2562 1880 2617 utrobique

420 2629 556 2670 cessit.
604 2630 664 2671 At
686 2645 783 2671 cuin
804 2631 991 2685 primum
1013 2631 1277 2672 exolveretur
1299 2631 1397 2684 gelu
1419 2645 1531 2672 anno
1556 2631 1711 2678 1684-:3
1736 2644 1880 2672 mense

420 2697 662 2749 Februario,
693 2704 838 2739 exorta
867 2704 930 2740 est
956 2699 1102 2740 Febris
1131 2699 1211 2740 ista
1242 2699 1293 2740 de
1319 2713 1403 2753 qua
1425 2699 1515 2753 jam
1541 2713 1664 2753 agere
1688 2699 1855 2740 institui
1868 2715 1879 2748 ;

465 2802 478 2814 ³
508 2805 555 2834 Cf.
576 2806 708 2835 Prot-ess.
729 2807 786 2836 Int.
805 2817 829 2835 c.
850 2808 876 2835 5.
1225 2804 1242 2827 ἃ
1268 2806 1364 2838 Quod
1381 2806 1465 2836 idem
1484 2806 1555 2836 aliis
1569 2816 1696 2846 quoque
1709 2805 1800 2835 annis
1818 2814 1881 2834 non

465 2842 477 2858 '¹
503 2848 550 2877 (Ὶζ
569 2849 668 2885 Epist.
686 2850 825 2888 ResponS.
845 2850 870 2878 I.
889 2851 903 2887 ξ
925 2850 962 2878 10
980 2859 1025 2888 sq.
1182 2849 1280 2879 semel
1298 2849 1450 2879 accidisse
1467 2853 1599 2879 constat.
1634 2848 1716 2878 Vide
1731 2848 1880 2888 epheme-

465 2890 476 2901 ⁰
508 2891 626 2919 Elemh.
646 2892 715 2921 er.
735 2891 789 2930 qui
811 2891 910 2929 deest>
923 2891 955 2920 in
972 2892 1040 2921 edd.
1059 2892 1120 2926 ‘812
1181 2892 1263 2922 rides
1284 2892 1438 2922 literarias
1459 2892 1512 2922 cui
1535 2901 1650 2921 nomen
1671 2892 1735 2921 lee
1758 2891 1879 2921 Gentle-

429 2931 490 2963 'SS.
509 2941 546 2960 ex
564 2932 609 2961 ed.
630 2933 716 2971 Lips.
736 2934 786 2963 '95
805 2934 965 2973 exscripsi.
1182 2936 1277 2964 man's
1294 2935 1470 2973 Magazirw,
1490 2934 1551 2964 voi.
1567 2936 1615 2964 84.
1633 2944 1663 2973 p.
1685 2934 1754 2963 142.
