1985 3308
402 154 488 195 524
817 153 1074 195 THOMAE
1107 154 1448 196 SYDENHAM

200 269 380 300 Danw
404 258 526 301 dorso
557 263 648 301 erat
677 260 936 312 remittebat,
958 261 1024 301 uti
1050 261 1180 315 prius,
1202 265 1349 301 tamen
1375 274 1466 301 non
1491 260 1553 301 ita
1581 260 1653 301 diu
1678 266 1773 315 post
1799 275 1868 303 re-

215 312 368 342 SAxGul-

221 363 291 384 xeo
308 355 366 385 διο.

197 2028 248 2058 De
264 2029 348 2069 regi-

195 2072 283 2101 mine
299 2078 329 2102 et

195 2114 300 2144 victus
316 2125 366 2144 ra-

195 2157 280 2187 tione
297 2158 328 2187 in

195 2199 255 2230 hoc
273 2200 365 2230 affec-

194 2247 240 2273 tu.

402 328 537 382 petita
566 329 769 369 catharsis
795 329 1006 382 podagrae
1031 329 1203 382 signum
1234 328 1363 379 dedit,
1397 329 1509 382 quod
1539 343 1655 370 nunc
1687 329 1866 371 artubus

402 412 519 439 nunc
538 398 767 440 visceribus
788 399 948 439 bellum
970 398 1108 451 coepit
1131 398 1315 438 indicere
1332 414 1344 448 3
1377 402 1421 439 at
1441 398 1545 439 haec
1565 399 1704 440 morbi
1724 404 1866 440 tenta-

402 465 521 506 mina
544 466 779 507 laudanum
804 466 971 506 fortiter
998 465 1211 518 repressit.
1273 465 1382 505 Cum
1408 465 1513 507 haec
1537 466 1644 506 mihi
1665 466 1867 507 medendi

401 533 510 574 ratio
536 533 743 574 hactenus
770 533 880 574 bene
904 533 1090 583 verterit,
1121 533 1169 573 in
1196 533 1345 573 eadem
1374 533 1730 587 perseverandum
1759 534 1867 574 mihi

403 614 492 641 esse
508 600 788 655 judjeabame,
811 606 902 641 tam
924 600 977 641 ad
1003 600 1342 654 praecavendum
1364 601 1527 642 Mictus
1551 601 1782 654 Sanguinis
1801 615 1867 642 re-

403 681 586 717 cursum,
614 681 741 720 quam
770 667 823 708 ad
846 667 1192 708 imminuendum
1224 668 1539 722 aliquantulum
1565 669 1716 710 calculi
1742 669 1866 710 fomi-

401 733 531 775 temf:
584 734 697 787 quod
725 734 900 774 tandem
931 735 1038 775 votis
1071 735 1302 789 respondit,
1334 735 1657 790 haemorrhagia
1688 736 1781 787 ista,
1815 749 1867 777 ex

402 816 485 855 quo
517 803 811 843 Tractatulum
842 803 958 844 hunc
989 803 1175 857 primum
1211 803 1335 855 edidj,
1369 818 1539 858 prorsus
1575 808 1865 855 evanescente,

401 870 662 924 proindeque
702 885 863 911 manna
901 871 948 911 in
986 876 1130 912 totum
1171 871 1348 925 abjecta.
1434 870 1515 926 [6.]
1559 871 1866 925 Purgationem

400 937 544 990 itaque
561 937 674 990 quod
695 938 849 978 attinet
869 938 1010 991 (modo
1029 939 1285 992 Sanguinis&
1306 939 1468 980 Mictus
1485 944 1646 993 urgeat,
1670 944 1713 981 et
1729 939 1867 980 solum

401 1005 632 1046 cathartico
658 1006 739 1046 hoc
769 1006 957 1057 lenitivo,
980 1021 1140 1047 manna
1167 1007 1339 1056 scilicet,
1362 1013 1404 1048 et
1436 1008 1671 1049 secundum
1700 1008 1866 1049 metho-

401 1073 504 1113 dum
525 1087 652 1127 supra
672 1088 697 1114 a
716 1087 785 1114 me
805 1074 1020 1124 traditam,
1039 1074 1302 1115 subducatur
1323 1075 1468 1128 alvus,)
1484 1076 1575 1129 jam
1594 1075 1868 1116 retractanda

398 1141 505 1181 mihi
526 1147 589 1182 est
611 1142 824 1182 sententia
839 1142 913 1183 illa
927 1156 1023 1183 mea
1036 1157 1164 1196 quam
1179 1143 1226 1183 in
1243 1143 1398 1197 scripto
1411 1145 1476 1184 De
1488 1145 1685 1197 Podayra
1706 1145 1749 1199 [ᾧ
1767 1144 1858 1198 23]

399 1210 501 1250 olim
537 1210 832 1264 evulgaveram
844 1228 855 1261 3
887 1225 1042 1264 nempe
1076 1211 1270 1264 Podagra
1300 1212 1461 1253 affectis
1494 1212 1671 1253 minime
1704 1212 1866 1253 condu-

399 1291 506 1329 cere,
527 1284 578 1319 ut
598 1279 664 1319 vel
682 1278 819 1329 initio,
841 1279 907 1319 vel
930 1279 976 1319 in
998 1279 1295 1330 declinatione,
1317 1280 1383 1320 vel
1413 1294 1488 1334 per
1513 1294 1864 1335 paroxysmorum

403 1345 638 1398 intervalla,
659 1352 901 1401 purgentur
915 1363 986 1387 :—

633 1455 651 1469 “
665 1463 723 1483 nec
740 1454 766 1483 si
782 1454 938 1484 miserum
955 1453 1098 1485 Fortuna
1116 1455 1269 1485 Sinonem

529 1508 548 1522 “
562 1507 682 1543 Finxit,
699 1517 819 1537 vanum
835 1508 932 1537 etiam
946 1509 1198 1548 mendacemque
1213 1509 1357 1549 improba
1374 1508 1505 1549 finget.”
1525 1507 1632 1548 [Virg.
1651 1509 1726 1539 Aen.
1743 1508 1775 1538 ii.
1795 1507 1864 1549 79.]

401 1611 609 1652 Nondum
631 1611 745 1651 enim
774 1611 820 1651 in
846 1616 1036 1651 mentem
1066 1611 1172 1652 mihi
1194 1616 1378 1662 venerat,
1399 1625 1713 1666 paroxysmum,
1737 1626 1865 1666 quem

402 1693 427 1719 a
465 1679 759 1719 tumultuante
795 1679 1027 1719 cathartico
1068 1679 1341 1719 excitandum
1376 1680 1634 1730 metuebam,
1676 1680 1865 1721 exhibito

403 1747 480 1787 sub
509 1752 681 1788 noctem
706 1747 937 1800 hypnotico
969 1746 1183 1800 prohiberi
1212 1747 1412 1800 potuisse.
1472 1746 1802 1799 Nihilominush,
1830 1747 1866 1788 si

401 1815 633 1868 podagram
655 1815 791 1855 solum
810 1815 1098 1868 respiciamus,
1121 1815 1414 1855 evacuationes
1437 1815 1750 1868 qualescunque
1770 1816 1864 1869 plu-

400 1883 554 1923 rimum
578 1888 747 1933 nocent,
770 1897 818 1923 ac
838 1882 1014 1935 proinde
1034 1897 1304 1936 nequaquam
1333 1888 1432 1923 sunt
1460 1882 1762 1934 admittendae,
1783 1883 1867 1925 nisi

402 1957 641 2005 symptoma
662 1951 825 1991 dictum
846 1951 1075 1991 earundem
1096 1965 1222 1991 usum
1243 1951 1417 1992 omnino
1437 1951 1728 2005 postulaverit.

466 2020 545 2073 [7.]
584 2020 650 2060 De
681 2019 888 2072 regimine
921 2025 962 2060 et
993 2020 1129 2060 victus
1167 2020 1332 2060 ratione
1367 2034 1474 2074 quae
1515 2020 1674 2061 utrovis
1709 2020 1864 2060 horum

401 2088 632 2128 affectuum
652 2087 943 2128 laborantibus
960 2092 1198 2141 competere
1213 2088 1319 2128 mihi
1334 2088 1532 2128 videntur
1552 2087 1736 2141 (quando
1756 2087 1865 2129 nihil

402 2170 548 2197 eorum
569 2156 798 2210 praeterire
827 2156 953 2196 velim
981 2170 1088 2209 quae
1115 2155 1207 2195 istis
1238 2155 1335 2195 usui
1356 2169 1444 2195 esse
1471 2155 1672 2208 poterint,
1695 2154 1767 2208 qui
1792 2154 1864 2195 iis·

402 2225 513 2275 dem,
555 2225 808 2278 quibuscum
858 2238 949 2278 ego,
1000 2224 1158 2264 morbis
1209 2224 1538 2275 conflictantur,)
1586 2223 1690 2264 haec
1740 2222 1863 2264 addo.

402 2293 535 2333 Mane
575 2293 684 2334 lecto
726 2307 969 2346 exsurgenS,
1004 2292 1260 2333 decoctionis
1292 2292 1492 2332 foliorum
1537 2292 1617 2332 Tea
1657 2291 1863 2345 cyathum

400 2375 539 2401 unum
579 2361 811 2401 alterumve
852 2361 992 2401 exicco
1007 2377 1019 2411 3
1072 2360 1170 2400 dein
1206 2374 1333 2400 curru
1374 2359 1428 2400 ad
1468 2359 1689 2400 meridiem
1728 2373 1864 2413 usque

401 2434 605 2482 gestatus,
640 2434 681 2469 et
715 2429 890 2469 domum
921 2442 1125 2478 reversuS,
1163 2427 1308 2481 quovis
1344 2427 1538 2468 ciborum
1571 2441 1725 2481 genere
1756 2426 1864 2468 mihi

402 2502 522 2549 grato
555 2502 598 2537 et
634 2501 816 2550 eupcpto
856 2496 1020 2537 modice
1064 2496 1122 2548 (id
1163 2495 1277 2536 enim
1313 2501 1412 2537 ante
1446 2495 1589 2536 omnia
1625 2508 1790 2549 semper
1820 2499 1864 2536 et

444 2597 456 2610 Θ
472 2591 671 2631 judicabam]
681 2592 789 2631 judico
806 2592 853 2622 ed.
873 2592 934 2621 ¹86.
1161 2593 1275 2628 Ianlnr,
1292 2593 1384 2621 donec
1400 2592 1519 2622 tandem
1535 2602 1677 2621 summum
1689 2592 1863 2629 depravati-

443 2633 453 2653 1
475 2637 585 2665 culs-uli
600 2633 860 2674 som—abjectu]
888 2636 982 2673 ipsius
1003 2636 1098 2673 poda·
1160 2637 1225 2664 onis
1243 2636 1373 2673 gradum
1397 2636 1511 2673 adepti,
1527 2636 1557 2664 in
1577 2635 1733 2673 podagrae
1746 2644 1862 2671 parox-

401 2677 638 2717 graejon11'letn‚
657 2677 760 2717 (cnjus
781 2679 942 2707 radicalem
966 2679 1099 2706 curalio-
1159 2688 1274 2716 ysmum
1303 2682 1372 2706 actu
1400 2678 1549 2711 desinant,
1575 2687 1611 2706 ea:
1638 2677 1790 2705 occasione
1817 2676 1864 2705 vel

400 2731 465 2749 ‘nem
475 2720 543 2758 jam
563 2732 581 2749 a
595 2731 637 2749 mc
650 2731 735 2758 posse
751 2721 878 2749 obtineri
890 2721 981 2758 plane
997 2721 1101 2758 despe-
1160 2721 1246 2748 solito
1276 2719 1400 2757 majoris
1423 2721 1484 2749 sit-e
1512 2720 1606 2749 animi
1638 2721 1699 2748 sive
1728 2719 1861 2756 corporis

402 2773 444 2797 ro,
463 2764 592 2791 rariores
604 2773 808 2801 ero.rysnzos‚
825 2773 928 2801 eosque
949 2764 1048 2791 breves
1066 2773 1102 2791 ac
1160 2764 1339 2801 agitationis
1362 2766 1391 2791 et
1414 2766 1517 2797 motus,
1534 2763 1581 2791 vel
1602 2770 1710 2790 causae
1730 2761 1862 2790 alterius

403 2806 573 2833 tolerabiles
588 2806 679 2833 solnm
695 2805 864 2842 amplarum)
879 2806 1033 2833 subductis
1047 2815 1103 2842 per
1161 2804 1333 2843 cujuslibet,
1351 2805 1428 2833 unde
1451 2805 1526 2833 dicti
1548 2805 1683 2833 humores
1695 2803 1862 2840 adflatum

403 2848 476 2875 haec
506 2849 665 2876 intervalla
691 2846 794 2885 foedis
830 2849 892 2876 illis
921 2849 1100 2881 humoribus,
1162 2849 1336 2877 incitantur.
1354 2846 1401 2876 ed.
1420 2846 1481 2876 ’86.

404 2890 455 2926 qni
479 2900 496 2917 a
520 2890 683 2926 depr-acala
705 2892 842 2925 coc-lione,
857 2891 957 2928 prima
979 2889 1102 2928 hujusce
1205 2893 1219 2913 ἕ
1242 2886 1560 2928 Sanguinis—solum]
1579 2897 1640 2916 om.
1659 2886 1707 2916 ed.
1725 2887 1788 2916 ’86-

404 2932 497 2960 morbi
514 2933 639 2970 origine,
658 2934 686 2960 in
704 2943 823 2970 corpore
840 2933 945 2961 sensim
963 2943 1100 2962 accumu-
1206 2929 1219 2949 ¹¹
1243 2929 1601 2970 NihiI.—po.5!ulaverit]
1620 2938 1681 2960 om.
1702 2929 1750 2960 ed.
1769 2929 1834 2960 ⁷86.
