1985 3308
494 124 814 167 SCHEDULA
848 125 1196 167 MONITORIA
1228 127 1263 167 Ι.
1520 130 1602 169 507

155 229 283 283 (quod
329 230 478 284 aiunt,)
523 232 748 272 excitantes
795 234 837 272 z‘n
875 229 1070 284 simpuloq
1089 250 1099 271 .·
1154 246 1236 284 quo
1276 231 1386 272 facto
1426 246 1513 273 non
1554 233 1602 273 iis
1623 241 1805 271 DssNovAss

148 298 285 350 magis
313 312 417 351 opus
444 303 546 348 erat,
576 313 702 352 quam
731 304 794 340 est
819 300 1030 349 nauclero,
1058 304 1119 350 ut,
1142 299 1245 339 dum
1266 299 1311 339 in
1338 299 1443 339 mari
1471 300 1603 341 libero
1626 284 1798 355 Ῑέἓῖῗζὲξυ

149 365 290 405 navim
320 366 449 419 possit
478 381 614 419 agere,
645 366 824 407 eandem
854 367 966 407 inter
996 371 1140 407 cautes
1172 371 1214 407 et
1248 366 1391 407 brevia
1420 367 1602 417 inserat;

149 432 276 482 unde,
298 432 395 473 licet
420 434 589 487 majoris
614 434 773 487 peritae
795 434 1117 487 gubernationis
1141 434 1278 474 famae
1299 434 1605 487 comparandae

149 500 512 552 opportunitatem
552 502 836 552 nanciscatur,
873 508 1035 542 servato
1070 502 1115 541 in
1154 505 1276 541 tanta
1317 501 1606 555 desperatione

148 567 330 619 navigio,
352 567 430 607 1111
450 569 670 620 prudentis
693 570 842 609 saltem
863 583 1021 610 nomen
1043 569 1225 610 amittet.

213 634 321 687 [38]
361 635 453 675 Has
475 636 618 688 itaque
639 636 691 676 ob
714 651 872 687 causas,
896 642 938 678 et
958 637 1159 690 prudenti
1184 637 1262 690 (uti
1283 637 1432 690 spero,)
1453 636 1607 677 fiducia
1626 648 1687 678 Illa
1701 658 1792 678 cura-

149 701 354 743 affirmare
386 702 517 752 lubet,
548 704 660 756 quod
693 704 806 744 dicta
835 704 1060 756 methodus
1094 703 1321 744 curationis
1353 717 1428 757 per
1456 717 1604 744 venae·
1623 691 1809 763 ΞζρΡζζςζῇ)

149 769 379 810 sectionem
405 774 446 810 et
467 771 764 823 purgationem
792 771 1076 824 expediendae
1097 772 1192 824 plus
1218 771 1298 812 alia
1323 770 1466 824 quavis
1487 784 1605 824 prae-
1624 785 1696 805 nem
1714 780 1748 824 et

149 835 278 877 stabit
299 836 344 877 in
366 837 573 877 Febribus
596 852 723 890 quam
744 838 1022 891 plurimarum
1044 838 1277 891 specierum
1299 838 1604 891 expugnandis.
1624 823 1808 899 Ξζζῗῖξίἱζζ,

148 903 268 945 Licet
293 904 407 945 enim
435 904 705 958 diaphoresis,
733 906 899 958 proprie
925 905 1148 958 loquendo,
1176 906 1368 946 Naturae
1395 906 1524 958 ipsius
1553 905 1606 946 sit
1626 902 1754 974 diffinias

147 971 386 1022 methodus,
419 987 502 1025 qua
533 972 757 1013 materiam
790 973 1001 1014 Febrilem
1032 973 1143 1013 foras
1173 973 1398 1026 protrudit,
1431 978 1473 1013 et
1507 987 1606 1026 prae
1625 955 1775 1027 11111111Ιᾶ

148 1039 324 1080 caeteris
359 1040 542 1081 maxime
579 1040 766 1093 genuina
801 1040 855 1081 sit
891 1045 933 1080 et
965 1040 1409 1090 accommodatissima,
1443 1041 1606 1093 quoties
1625 1029 1815 1101 ξζξῗῐῗὲζὶὲὃ

147 1106 317 1147 Natura
357 1122 433 1147 suo
468 1107 615 1148 relicta
655 1107 828 1148 arbitrio
870 1108 1027 1148 dictam
1067 1108 1288 1148 materiam
1324 1108 1507 1161 primum
1544 1108 1605 1148 di·
1624 1125 1721 1162 quam
1738 1114 1810 1154 plu-

149 1179 280 1227 gerat,
304 1174 403 1215 dein
423 1175 504 1215 rite
525 1180 688 1215 coctam
710 1189 784 1228 per
806 1175 990 1228 corporis
1011 1175 1205 1215 habitum
1227 1175 1383 1215 blande
1406 1176 1585 1228 expellat
1593 1193 1604 1225 3
1625 1167 1802 1239 ζὶζέἒῖζᾙη

151 1242 294 1295 (quem
314 1242 479 1283 felicem
497 1243 690 1284 Naturae
711 1247 913 1283 eventum
930 1242 1084 1284 Febres
1105 1257 1180 1296 per
1201 1243 1374 1283 sudores
1396 1243 1606 1295 abigentis
1625 1252 1809 1315 {spugnan-

149 1324 246 1350 011111
268 1310 427 1351 Medici
448 1311 621 1363 practici
643 1324 765 1364 saepe
787 1311 1192 1360 animadvertissent,
1214 1310 1315 1351 hinc
1337 1325 1484 1350 ansam
1505 1310 1607 1351 arri·
1647 1295 1682 1316 ω’

146 1377 320 1430 piebant
351 1376 701 1433 δογματικώτεροι
733 1378 914 1418 fidenter
945 1378 1175 1428 statuendi,
1208 1378 1363 1418 Febres
1394 1378 1607 1418 universas

147 1445 227 1485 hac
257 1450 427 1485 tantum
459 1446 672 1495 methodo,
700 1460 789 1486 non
820 1460 916 1486 vero
948 1446 1030 1486 alia
1061 1445 1218 1498 quaxis,
1244 1445 1457 1498 profligari
1487 1460 1608 1498 posse

147 1527 195 1553 ac
227 1512 380 1553 debere
392 1513 420 1566 3)
464 1513 571 1566 [39.]
611 1527 694 1566 quo
722 1518 867 1554 tamen
901 1513 1001 1554 dato
1032 1518 1075 1553 et
1106 1527 1317 1562 concesso,
1345 1513 1428 1553 Ars
1457 1513 1609 1553 nihilo-

146 1581 302 1629 minus,
335 1585 715 1633 quantumcunque
746 1581 941 1621 Naturae
967 1580 1253 1621 imitationem
1281 1567 1382 1633 prae
1414 1594 1457 1620 se
1488 1580 1609 1630 ferat,

145 1648 191 1688 id
231 1648 382 1688 saltem
422 1648 503 1688 sibi
532 1648 739 1701 privilegii
780 1663 975 1702 arrogare
1016 1649 1178 1702 nequit,
1215 1652 1265 1688 ut
1296 1648 1502 1688 Febribus
1538 1662 1612 1701 per

148 1715 320 1756 sudores
342 1720 458 1756 certo
479 1715 695 1768 exigendis
716 1731 791 1769 par
817 1717 886 1757 sit.
947 1716 1091 1756 Primo
1117 1716 1245 1766 enim,
1268 1716 1402 1756 nescit
1422 1716 1505 1756 Ars
1528 1731 1611 1769 quo

147 1788 269 1836 pacto
291 1784 470 1824 materia
493 1798 672 1836 peccans
698 1784 752 1824 ad
778 1784 1068 1837 expulsionem
1094 1784 1363 1824 subeundam
1382 1783 1464 1824 rite
1488 1797 1609 1837 prae-

146 1850 334 1904 paranda
354 1850 432 1900 sit;
464 1864 556 1901 nec,
575 1851 609 1890 si
629 1851 708 1891 hoc
730 1851 846 1901 sciat,
870 1856 986 1892 certa
1005 1853 1093 1892 ulla
1113 1852 1243 1892 habet
1264 1851 1434 1901 indicia,
1457 1851 1609 1904 quibus

148 1918 200 1959 de
240 1918 485 1971 hujusmodi
530 1918 674 1958 debita
717 1920 1037 1972 praeparatione
1084 1919 1216 1972 possit
1259 1919 1446 1968 moneri,
1493 1918 1609 1959 unde

149 1991 272 2031 etiam
314 1994 357 2031 et
391 1995 559 2044 tempus
601 1990 750 2030 ciendo
792 1990 936 2030 sudori
977 1990 1383 2043 opportunissimum
1423 1990 1609 2042 ignorari

148 2072 318 2100 necesse
359 2062 434 2098 est.
515 2058 800 2098 Temerariam
840 2072 938 2098 vero
985 2058 1163 2109 sudoris,
1205 2059 1399 2100 nondum
1438 2065 1609 2113 peraeta
1628 2072 1804 2111 Diaphore-

149 2128 351 2176 coctione,
383 2127 724 2179 provocationem
755 2127 882 2179 longe
912 2127 1312 2180 periculosissimam
1348 2141 1450 2177 esse,
1482 2141 1608 2168 nemo
1625 2125 1814 2198 ζέιζεῗῇὃᾶ.

153 2196 345 2249 (01111101,)
370 2195 453 2235 11181
474 2195 667 2247 pertinax
693 2194 911 2247 negaverit
928 2211 939 2243 3
982 2208 1091 2244 cum,
1115 2194 1338 2234 materiam
1367 2194 1542 2234 crudam
1562 2195 1609 2235 in

149 2264 368 2305 cerebrum
408 2263 663 2316 impingens,
705 2264 845 2305 oleum
886 2263 1052 2304 camino
1093 2263 1244 2303 addat:
1298 2268 1439 2316 atque,
1481 2269 1608 2316 prout

149 2332 250 2372 alias
285 2332 445 2385 [Tract.
467 2332 502 2370 I.
528 2332 549 2385 ξ
579 2331 667 2384 27]
702 2330 830 2370 etiam
856 2330 991 2380 innui,
1016 2329 1340 2370 saluberrimum
1367 2329 1473 2369 illud
1501 2330 1607 2383 Hip-

148 2399 329 2451 pocratis
351 2398 574 2447 monitum,
605 2396 802 2451 [Πὲπονα
832 2397 1113 2452 φαρμακεύειν
1138 2396 1209 2438 καὶ
1234 2396 1390 2445 κινέειν,
1413 2396 1471 2449 μὴ
1502 2396 1607 2449 ὠμά,

147 2467 175 2506 1.
205 2467 260 2519 0.]
301 2468 436 2517 Cocta,
460 2481 538 2507 non
565 2466 705 2515 cruda,
727 2470 821 2506 sunt
846 2465 1097 2515 medicanda,
1128 2465 1255 2518 [Aplz.
1278 2465 1304 2504 i.
1333 2466 1401 2505 22.
1424 2469 1456 2504 t.
1484 2465 1543 2505 iii.
1566 2480 1606 2518 p.

151 2536 268 2589 711.]
307 2550 392 2575 11011
419 2540 509 2575 tam
534 2534 761 2585 catharsin,
785 2549 913 2587 quam
945 2533 1227 2586 diaphoresin,
1251 2547 1301 2573 ex
1320 2533 1426 2572 Arte
1457 2532 1607 2572 sollici-

149 2602 325 2643 tandam
351 2607 539 2656 spectare
566 2602 746 2643 videtur.
808 2601 983 2642 Etenim
1012 2601 1229 2641 neminem
1262 2600 1307 2639 111
1336 2598 1470 2650 aegris
1498 2602 1607 2638 trac-

148 2670 289 2710 tandis
320 2670 385 2711 vel
415 2670 683 2711 mediocriter
712 2674 926 2710 versatum
961 2668 1107 2720 fugere
1138 2670 1290 2720 potest,
1324 2678 1450 2717 quam
1482 2664 1607 2704 multi

148 2739 284 2780 indies
307 2739 416 2780 male
437 2739 673 2780 multentur
694 2754 719 2780 a
737 2739 890 2779 vetulis
911 2742 952 2778 et
974 2736 1180 2790 imperitis
1204 2732 1466 2775 medicastris
1487 2746 1606 2786 prae-

193 2856 205 2874 ⁴¹
223 2853 336 2889 fluctus
352 2854 440 2881 art-it.
458 2853 486 2879 in
504 2849 607 2890 simp]
625 2850 644 2880 i.
656 2860 680 2880 e.
699 2852 728 2879 in
747 2861 777 2879 rc
796 2851 851 2879 levi
869 2851 972 2878 turbas
991 2852 1142 2877 ηιυυοηίιέ.
1186 2845 1235 2876 Cf.
1255 2845 1321 2875 Cic.
1340 2846 1385 2874 De
1404 2845 1477 2884 Leg.
1492 2844 1534 2874 iii.
1553 2844 1605 2877 16;

154 2893 282 2924 Erasmi
299 2896 400 2933 Adag.
418 2893 448 2923 ii.
468 2895 495 2923 2.
515 2893 566 2924 73.
