1985 3308
281 155 802 197 OBSERVATIONUM
833 155 1211 197 MEDICARUM
1243 163 1285 195 V.
1315 166 1348 197 2.
1457 161 1539 200 211

87 262 283 303 calefiant
313 266 440 316 atque
470 261 750 315 exagitentur,
782 276 807 302 a
836 262 988 316 quibus
1019 266 1060 303 et
1089 263 1380 304 vehementior
1409 265 1543 306 cordis
1592 276 1722 306 Faunis

86 330 264 371 vibratio
285 334 328 371 et
350 329 493 370 Febris
515 333 809 383 augmentum.
1559 318 1743 390 ,fssfflffflh

151 396 260 450 [13.]
300 396 628 438 Quantumlibet
667 400 811 437 autem
851 396 986 450 aegris
1026 397 1235 439 conducat
1270 398 1316 438 in
1355 398 1542 440 febribus
1586 403 1721 434 ’73-'75·

87 463 286 503 omnibus
314 477 421 516 quae
450 463 798 504 inflammationis
827 463 1070 504 intensioris
1101 469 1203 505 sunt
1232 466 1470 520 participeS,
1491 472 1542 507 ut
1560 460 1746 533 Ξᾘὲἓῆξθω

86 544 176 570 11011
196 543 360 583 semper
380 530 489 571 lecto
515 530 843 582 incarcerentur,
867 531 1290 573 animadvertendum
1312 539 1375 574 est
1395 539 1541 574 tamen
1557 545 1679 575 diutius

87 597 269 647 eosdem,
287 598 320 638 si
341 598 499 638 diutius
514 612 641 652 quam
652 612 729 651 par
743 602 833 638 erat
849 611 925 651 pro
938 612 1026 638 una
1040 598 1128 640 vice
1149 613 1173 639 a
1189 599 1298 640 lecto
1315 600 1542 651 abfuerint,
1561 597 1731 659 ἓζῗζζξζζῑ

87 665 328 705 declinante
348 665 595 718 praesertim
616 664 776 716 morbo,
793 665 839 705 111
861 664 1024 706 dolores
1036 679 1175 719 vagos,
1195 666 1267 719 qui
1286 667 1332 707 in
1347 667 1544 709 rheuma·
1563 683 1580 702 a
1597 654 1682 720 lecti}

86 733 215 773 tismo
237 733 427 773 desinere
454 733 629 786 possint,
651 747 960 786 nonnunquam
983 733 1034 773 de
1061 733 1175 774 facili
1200 734 1382 776 incidere
1395 752 1408 786 ς
1438 750 1545 776 non-
1563 715 1707 745 abfuerst‘

86 815 309 854 nunquam
331 800 459 841 etiam
481 800 743 853 superficiem
759 800 940 854 corporis
962 801 1091 842 ictero
1113 801 1350 856 deturpari:
1384 818 1490 857 quae
1512 804 1547 844 si

87 870 157 910 cui
178 869 443 923 contingant,
464 869 574 909 lecto
601 868 858 909 addicendus
879 873 956 919 est,
978 883 1074 922 quo,
1097 870 1254 923 apertis
1283 871 1391 911 cutis
1418 871 1546 925 spira-

87 938 205 987 culis,
238 936 456 979 commode
497 936 645 976 difflari
684 936 845 990 possint
886 937 1126 977 istiusmodi
1160 938 1406 991 particulae,
1440 953 1547 992 quae

86 1005 295 1046 malorum
318 1003 510 1045 alterutri
525 1003 717 1044 fomitem
738 1004 943 1057 praebent
950 1022 961 1054 3
993 1005 1074 1046 hoc
1090 1019 1186 1046 vero
1203 1006 1256 1046 ad
1278 1007 1390 1047 diem
1410 1021 1547 1048 unum

87 1077 162 1112 aut
203 1073 383 1113 alterum
423 1075 608 1121 tantum,
651 1071 802 1112 sudore
843 1086 930 1112 non
970 1078 1207 1125 provocato.
1286 1074 1546 1128 Hujusmodi
1566 1087 1606 1117 In
1622 1089 1724 1118 morbi

87 1144 231 1181 autem
254 1140 487 1181 accidentia
509 1139 661 1193 oppido
681 1154 775 1180 rara
792 1145 904 1190 sunt,
927 1154 1007 1181 nec
1027 1141 1107 1181 nisi
1127 1141 1173 1181 in
1195 1142 1340 1183 Febris
1362 1143 1545 1185 declina·
1564 1129 1741 1203 (ἐξῗῗζῇξζε

85 1208 202 1249 tione
235 1211 482 1261 comparent
517 1220 704 1259 unquam
718 1223 729 1255 3
772 1220 854 1258 quo
884 1211 1086 1260 tempore,
1119 1221 1216 1248 cum
1253 1209 1343 1261 jam
1373 1209 1546 1250 morbus
1564 1215 1731 1264 aeger-in·

86 1275 229 1316 mitior
258 1279 335 1325 est,
367 1275 492 1327 longe
523 1273 658 1314 tutius
688 1287 814 1326 aegro
840 1274 1058 1326 permittes
1089 1279 1138 1315 ut
1164 1275 1211 1315 in
1241 1275 1349 1316 lecto
1380 1277 1546 1318 assidue
1564 1257 1752 1329 ἶὲξᾝέςᾚῗῑζ

87 1342 326 1392 decumbat,
360 1356 487 1395 quam
517 1341 582 1381 vel
616 1340 750 1390 initio,
782 1341 848 1381 vel
878 1341 924 1381 in
955 1346 1070 1382 statu
1083 1359 1094 1391 ;
1137 1343 1326 1395 quinimo
1361 1358 1436 1397 per
1466 1345 1546 1386 hoc
1565 1342 1620 1376 bit’
1639 1353 1736 1390 (1113111

85 1414 255 1463 tempus
282 1409 325 1449 id
350 1409 485 1462 magis
513 1408 677 1449 confert
698 1407 752 1448 ad
778 1408 1000 1449 materiam
1021 1409 1232 1450 Febr-ilem
1259 1410 1545 1463 digerendam,
1563 1384 1614 1456 {Z}
1630 1389 1732 1457 lixtlo'

88 1491 207 1531 quae,
230 1477 264 1517 si
285 1491 409 1531 aeger
434 1476 644 1517 maturius
669 1476 778 1516 lecto
804 1477 1012 1530 affigatur,
1036 1476 1236 1518 efferatur
1258 1477 1394 1532 magis
1420 1483 1547 1533 atque
1566 1472 1710 1552 35²ssth

86 1544 341 1586 incenditur.

151 1612 259 1666 [14]
299 1612 384 1653 Hic
424 1611 459 1652 si
495 1611 587 1666 quis
629 1611 844 1666 objecerit,
867 1612 1025 1653 dictam
1060 1613 1324 1664 methodum,
1359 1614 1457 1655 licet
1494 1615 1547 1655 ad

87 1680 305 1734 sanguinis
344 1680 553 1733 impetum
594 1694 619 1720 a
657 1680 794 1733 capite
841 1680 1129 1721 amoliendum
1188 1681 1548 1736 reficiendumque

86 1762 262 1802 aegrum
302 1748 402 1788 satis
438 1747 716 1798 commodam,
752 1748 893 1788 minus
926 1752 1070 1790 tamen
1107 1749 1315 1802 expedire,
1350 1764 1399 1791 eo
1436 1751 1548 1804 quod

88 1815 351 1857 evacuationi
382 1829 457 1868 per
487 1815 674 1865 sudores,
703 1829 786 1868 qua
820 1816 999 1857 materia
1026 1816 1203 1857 Febrih's
1223 1817 1314 1871 jam
1346 1822 1549 1858 concocta

89 1883 348 1924 eliminanda
369 1884 542 1924 omnino
564 1888 667 1933 erat,
690 1883 843 1924 officiat
860 1901 871 1933 ;
903 1884 1150 1937 respondeo,
1172 1885 1282 1925 nihil
1303 1899 1427 1938 agere
1448 1899 1546 1926 con-

88 1951 444 2000 tra-sentientem,
475 1950 558 1990 nisi
593 1951 709 2003 prius
741 1952 1003 2004 argumentis
1039 1952 1268 1994 confecerit
1303 1953 1548 2007 hujusmodi
1567 1963 1745 2011 Diaphore-

89 2018 405 2059 evacuationem
432 2018 549 2058 omni
583 2017 690 2057 febri
726 2017 880 2068 deberi,
913 2019 1025 2071 quod
1059 2019 1175 2059 haud
1208 2020 1269 2060 ita
1298 2020 1345 2060 in
1374 2021 1548 2073 proclivi
1566 2016 1664 2077 Ξζζῃῗιο
1666 2017 1715 2078 1ξο-

90 2091 217 2139 atquc
242 2086 363 2126 facile
394 2089 471 2126 est.
531 2086 666 2126 Docet
698 2085 812 2125 em'm
843 2087 1114 2139 experientia,
1135 2101 1224 2127 non
1252 2092 1395 2128 autem
1425 2089 1545 2139 ratio,
1566 2091 1613 2120 bri
1630 2091 1723 2121 debe-

91 2168 299 2207 quaenam
319 2152 502 2194 febrium
523 2153 678 2206 species
698 2166 774 2206 per
795 2153 1074 2206 diaphoresin,
1097 2159 1139 2194 et
1162 2168 1268 2207 quae
1288 2169 1363 2208 per
1383 2155 1547 2196 cathar-
1565 2138 1627 2163 tur.

90 2222 156 2263 sin
180 2223 233 2262 sit
264 2222 597 2273 exterminanda,
620 2228 698 2263 etc.
763 2221 967 2263 Quinimo
995 2227 1057 2263 est
1079 2237 1153 2263 cur
1174 2223 1428 2265 arbitremur
1458 2225 1549 2266 dari

90 2290 292 2343 quasdam
312 2290 494 2331 febrium
516 2291 686 2344 species,
709 2305 812 2344 quas
833 2292 1002 2332 Natura
1025 2292 1225 2332 methodo
1247 2292 1327 2333 sibi
1347 2293 1549 2346 peculiari

91 2358 182 2398 sine
204 2357 355 2398 xisibili
379 2357 519 2412 aliqua
549 2359 820 2399 evacuatione
849 2359 1029 2412 ablegat,
1051 2359 1291 2400 reducendo
1325 2361 1481 2402 scilicet
1502 2362 1548 2401 in

91 2426 309 2478 sanguinis
339 2440 521 2466 massam
552 2426 673 2479 eique
705 2426 975 2466 assimilando
1006 2426 1227 2466 materiam
1254 2426 1371 2466 illam
1391 2427 1547 2468 morbi-

93 2492 216 2532 ficam
247 2506 354 2546 quae
384 2506 481 2533 cum
512 2493 659 2534 eodem
694 2493 836 2533 minus
867 2493 1113 2546 quadrabat.
1189 2494 1285 2534 Qua
1315 2509 1393 2548 ego
1423 2496 1548 2536 nixus

90 2559 266 2610 ratione,
289 2574 591 2614 saepenumero
621 2565 710 2601 tam
740 2560 786 2600 in
806 2560 885 2600 hac
906 2559 1106 2601 Febrium
1136 2561 1272 2613 specie
1294 2575 1421 2614 quam
1443 2562 1547 2613 aliis,

94 2626 255 2679 (modoe
276 2627 609 2669 intermittentes
630 2642 718 2668 non
739 2628 909 2680 essent,)
930 2641 1027 2667 mox
1049 2642 1073 2667 a
1092 2628 1228 2681 primo
1245 2628 1420 2680 insultu,
1437 2635 1548 2670 toto-

90 2709 172 2748 que
193 2695 399 2749 sanguine
426 2696 619 2737 nondum
646 2696 883 2749 inquinato,
907 2695 1074 2735 easdem
1101 2696 1147 2735 in
1175 2695 1367 2737 ordinem
1391 2697 1547 2751 redegi,

89 2762 296 2816 imperato
323 2768 494 2804 tantum
515 2760 757 2804 cerevisiaef
774 2762 1060 2813 tenuissimae,
1084 2763 1247 2816 quoties
1269 2777 1316 2805 ac
1340 2770 1547 2818 quantum

135 2915 146 2930 ‘
170 2913 409 2953 modo-essent]
428 2924 488 2944 om.
508 2914 554 2944 ed.
574 2915 634 2946 ⁰76.
797 2911 805 2931 ¹
828 2913 1081 2953 vernn—desid]
1100 2916 1187 2944 Ιασίὶδ
1201 2926 1264 2945 cum
1283 2927 1361 2954 aqua
1376 2916 1422 2945 cd.
1442 2917 1504 2947 '702
