1985 3308
355 135 439 175 612
770 133 1028 175 THOMAE
1063 131 1404 173 SYDENHAM

165 250 218 279 Dt:
236 249 326 279 Pon-
356 244 428 280 tur
459 239 689 292 Podagrae,
723 239 964 280 diuturnior
994 238 1209 279 breviorve
1239 251 1315 291 pro
1346 235 1462 290 aegri
1492 240 1655 286 aetate;
1686 235 1733 275 in
1763 235 1814 275 iis

198 301 301 322 AGRA.

156 339 340 357 *φῖ-κὴ
359 307 430 361 qui
458 307 691 359 vegetiores
723 311 835 356 sunt,
869 311 912 346 et
943 319 1046 359 quos
1077 305 1272 358 Podagra
1300 304 1437 345 rarius
1467 303 1634 354 invasit,
1667 302 1816 344 diebus

155 351 340 423 (Ilpvissxsvgrffls
360 389 483 428 saepe
520 374 839 428 quatuordecim
854 391 864 423 ;
901 373 947 413 in
983 373 1231 422 senioribus,
1266 377 1394 425 atque
1425 371 1475 411 iis
1510 385 1613 424 quos
1649 370 1815 424 saepius

155 441 297 509 {Zssjli't‘ffre
361 443 519 492 afflixit,
543 443 707 483 duobus
738 442 957 482 mensibus
982 441 1068 482 fere
1094 441 1272 491 desinit;
1303 440 1354 480 iis
1379 453 1476 480 vero
1505 439 1575 493 qui
1604 439 1670 479 vel
1695 438 1818 479 annis
1878 497 1882 499 ‚

153 531 306 562 paroxys-
359 512 426 552 vel
457 510 723 551 diutiu¹niore
752 509 891 550 morbi
921 524 1040 550 mora
1069 509 1194 550 fracti
1225 513 1337 559 sunt,
1359 522 1448 549 non
1478 507 1594 561 prius
1625 506 1818 548 valedicit

156 574 238 594 mus.
362 594 489 633 quam
511 582 626 619 aetas
643 578 733 631 jam
756 577 939 618 adultior
961 591 1053 618 eam
1074 577 1297 631 fugaverit.
1727 586 1729 588 '

427 646 504 700 [2.]
544 645 613 686 Ad
651 645 967 697 quatuordecim
999 645 1157 698 primos
1200 645 1288 685 dies
1327 644 1453 684 mina
1487 643 1709 685 coloratior
1741 646 1818 694 est,

361 729 458 754 cum
490 713 726 753 sedimento
756 712 885 753 rubro
922 717 964 753 et
995 712 1113 766 quasi
1148 711 1332 752 arenulis
1362 710 1541 760 referto,
1587 710 1703 750 alvus
1732 710 1820 750 fere

361 782 599 834 constipata
620 784 706 829 est;
739 780 950 833 appetitus
978 780 1218 833 prostratio,
1239 779 1354 833 rigor
1376 779 1509 820 totius
1531 778 1712 831 corporis
1741 778 1819 818 sub

362 862 590 902 vesperam,
622 848 840 900 integrum
880 862 1180 902 paroxysmum
1221 849 1502 898 comitantum
1551 846 1821 887 recedentem

360 929 660 969 paroxysmum
691 915 845 968 excipit
880 915 999 968 pedis
1036 916 1176 956 affecti
1204 915 1317 956 inter
1347 915 1500 968 digitos
1535 915 1723 968 pruritus
1753 913 1822 954 vix

361 983 574 1033 ferendus,
597 982 712 1023 unde
735 983 936 1023 decidunt
957 983 1153 1034 fiu·fures,
1177 988 1218 1024 et
1240 983 1367 1037 pedes
1389 983 1733 1036 desquamantur.

160 1064 199 1094 In
218 1065 318 1094 Poda-
428 1051 506 1104 [3.]
546 1051 769 1091 Hactenus
796 1051 913 1091 dolor
933 1051 1111 1104 pedibus
1135 1055 1306 1091 tantum
1332 1050 1468 1091 fuerat
1490 1050 1669 1090 infestus
1682 1066 1693 1099 3
1725 1062 1823 1090 cum

158 1108 345 1186 {qrffaifffgl‘e'
363 1132 460 1159 vero
491 1118 556 1158 vel
587 1118 639 1158 ab
670 1118 862 1159 indebita
898 1118 1178 1159 medicatione
1208 1119 1406 1159 turbatur
1437 1117 1642 1172 Podagra,
1673 1117 1739 1157 vel
1769 1117 1822 1158 ob

158 1193 297 1222 indebita
365 1186 614 1226 diuturnam
648 1186 786 1226 morbi
821 1186 1098 1239 pertinaciam
1134 1187 1317 1240 corporis
1354 1185 1593 1226 substantia
1629 1184 1747 1238 quasi
1777 1184 1825 1226 in

159 1236 345 1313 ζζξξῖξζὲιῑζ
364 1253 503 1294 morbi
548 1253 741 1293 fomitem
785 1253 1053 1306 pervertitur,
1095 1254 1185 1308 jam
1230 1268 1395 1303 manus,
1438 1267 1597 1306 carPOS,
1645 1252 1824 1302 cubitos,

159 1321 266 1369 variae
279 1331 344 1379 ⁰05·
367 1336 518 1375 genua,
543 1321 727 1374 aliasque
747 1321 940 1374 regiones
962 1326 1153 1375 occupat.
1188 1322 1455 1375 Quandoque
1477 1335 1613 1361 unum
1632 1321 1825 1374 pluresve

161 1374 334 1436 ἓξὲξ-’31
368 1390 522 1443 digitos
551 1389 831 1442 distorquens,
854 1389 1053 1430 fasciculo
1082 1390 1274 1430 radicum
1301 1389 1543 1443 pastinacae
1571 1388 1727 1429 similes
1755 1401 1826 1429 eos

159 1454 285 1488 pantur.
366 1457 519 1504 reddit,
542 1462 665 1497 motu
685 1457 891 1510 paulatim
912 1457 1094 1510 privans,
1117 1457 1375 1510 tandemque
1400 1456 1688 1498 concretiones
1716 1455 1828 1497 circa

368 1525 643 1565 articulorum
664 1524 897 1577 ligamenta
923 1525 1150 1577 tophaceas
1173 1537 1391 1576 generans,
1415 1527 1574 1564 cretam
1593 1522 1658 1563 vel
1684 1522 1825 1562 oculos

368 1606 617 1633 cancrorum
649 1592 925 1632 aemulantes.
986 1590 1312 1643 Nonnunquam
1343 1590 1388 1629 in
1424 1589 1577 1630 cubitis
1613 1593 1825 1629 tumorem

369 1660 594 1700 subalbum
615 1659 709 1708 ciet,
732 1659 819 1699 fere
841 1658 894 1699 ad
916 1659 981 1698 ovi
1008 1658 1364 1711 magnitudinem,
1388 1657 1460 1711 qui
1481 1657 1638 1697 sensim
1660 1656 1825 1697 inflam-

367 1733 510 1768 matur
537 1741 634 1768 cum
665 1726 830 1767 rubore.
893 1726 1219 1779 Nonnunquam
1247 1726 1386 1766 femur
1416 1739 1625 1778 occupans
1654 1738 1827 1764 sensum

369 1794 539 1835 exhibet
572 1794 691 1847 quasi
720 1794 908 1847 ingentis
940 1793 1137 1847 ponderis
1169 1793 1354 1846 appensi,
1388 1793 1477 1833 sine
1509 1793 1651 1833 dolore
1680 1797 1827 1833 tamen

369 1862 571 1911 notabili3
604 1866 647 1902 at
671 1875 784 1914 genu
815 1861 967 1902 exinde
996 1866 1145 1914 petens
1175 1860 1220 1901 id
1251 1861 1387 1901 acrius
1413 1865 1561 1914 urget:
1594 1864 1711 1901 artus
1737 1859 1827 1913 jam

369 1929 497 1970 habet
520 1943 644 1982 aeger
670 1929 756 1969 fere
784 1929 1068 1982 undequaque
1096 1932 1334 1969 contractos
1363 1933 1405 1969 et
1432 1927 1670 1982 impeditos,
1692 1927 1754 1968 ita
1779 1931 1828 1968 ut

369 1997 589 2046 claudicet,
613 2001 655 2037 et
675 1996 928 2050 permoleste
954 1995 1154 2050 prorepit.
1217 1996 1355 2036 Urina
1381 1996 1499 2036 illam
1527 1996 1664 2036 colore
1688 1995 1828 2036 imitae

369 2070 442 2105 tur
463 2078 569 2118 quae
589 2064 635 2104 in
657 2064 824 2105 diabete
853 2064 1094 2105 excernitur
1108 2080 1120 2114 3
1153 2063 1325 2104 dorsum
1354 2063 1542 2117 aliaeque
1572 2067 1712 2117 partes
1739 2076 1828 2104 mo·

369 2133 475 2173 leste
496 2132 708 2185 pruriunt,
730 2133 913 2172 maxime
936 2132 1013 2172 sub
1035 2132 1183 2172 horam
1205 2131 1356 2172 somni.

169 2210 343 2258 Doloribus
429 2199 506 2253 [4]
530 2200 632 2239 Post
648 2199 806 2239 multos
821 2199 1015 2252 dirosque
1032 2199 1256 2248 cruciatus,
1270 2199 1510 2253 paroxysmi
1526 2199 1830 2253 subsequentes

165 2253 340 2283 ''ecedffln‘
376 2268 560 2321 (Natura
586 2267 741 2320 partim
774 2281 901 2308 onere
932 2266 1133 2307 materiae
1163 2267 1388 2320 peccantis,
1419 2268 1575 2321 partim
1606 2267 1736 2319 senio,
1758 2281 1831 2320 op-

215 2307 249 2325 ς(
281 2306 344 2324 0-1-

167 2297 311 2386 iiiiii-5123,1
371 2334 543 2387 pressa,)
569 2347 742 2386 aegrum
769 2333 907 2387 quoad
932 2333 1120 2374 dolorem
1145 2334 1394 2374 clementius
1419 2339 1605 2375 tractant
1619 2351 1630 2385 ς
1663 2340 1718 2385 at,
1739 2335 1832 2376 loco

169 2382 352 2464 ὲῗᾷζὶἓξξᾉ
374 2402 527 2443 doloris
550 2402 754 2452 consueti,
778 2401 998 2454 aegritudo
1021 2401 1227 2454 quaedam
1249 2416 1346 2442 cum
1368 2402 1509 2443 dolore
1529 2403 1698 2453 ventris,
1714 2402 1831 2444 lassi-

170 2467 345 2539 ssfigssqffiar'
373 2470 478 2510 tudo
505 2473 751 2523 spontanea,
782 2470 1035 2522 quandoque
1063 2469 1192 2510 etiam
1218 2470 1441 2523 propensio
1470 2469 1523 2511 ad
1554 2471 1831 2522 diarrhoeam,

170 2529 349 2592 propensio,
376 2537 680 2591 superveniunt
693 2554 704 2586 3
738 2551 845 2590 quae
867 2541 1151 2590 symptomata
1171 2542 1427 2578 evanescunt
1450 2539 1612 2591 quoties
1635 2538 1833 2579 articulos

171 2596 357 2625 succedunt.
377 2605 494 2646 dolor
513 2605 688 2657 fatigat:
722 2609 849 2657 atque
870 2604 942 2653 ita,
965 2617 1077 2643 nuuc
1099 2603 1253 2653 dolore,
1275 2618 1391 2645 nunc
1413 2605 1691 2658 aegritudine,
1715 2604 1833 2658 quasi

376 2671 619 2712 alternatim
640 2671 958 2722 lacessentibus,
980 2685 1255 2725 paroxysmus
1276 2672 1423 2725 longas
1444 2687 1582 2713 moras
1603 2673 1749 2713 nectit.

442 2740 520 2793 [5.]
561 2739 785 2779 Calculum
804 2753 956 2778 renum
976 2738 1022 2778 in
1045 2752 1171 2791 quam
1192 2739 1385 2792 plurimis
1406 2739 1516 2792 parit
1537 2739 1606 2780 hic
1627 2739 1816 2780 affectus.

434 2807 658 2847 Foeminas
678 2820 849 2860 perraro
878 2807 1065 2856 infestat,
1088 2820 1241 2860 easque
1268 2821 1356 2848 non
1377 2807 1459 2847 nisi
1483 2807 1571 2861 jam
1596 2807 1769 2857 vetulas,
1791 2811 1834 2848 et

378 2874 610 2927 viragines3
643 2889 793 2928 pueros
817 2889 995 2928 quoque,
1019 2879 1060 2914 et
1077 2874 1304 2927 juvenibus
1324 2875 1520 2925 minores,
1543 2875 1610 2915 vix
1632 2874 1831 2915 adoritur.

1898 984 1913 1022 ²0¹·
1899 931 1919 972 “g·
1896 878 1914 899 Φ
1896 788 1918 863 'Nm

1880 2302 1912 2656 §mnne—32*
1889 2237 1894 2244 ·
