1985 3308
208 247 397 277 Vmuomu:

212 290 396 321 Resona.

213 333 396 362 ANNORUM

236 376 370 407 ’67-’69.

211 926 399 957 Cavendum

210 970 329 1009 pariter
343 980 361 999 a

211 1012 344 1051 frigore:
370 1023 387 1041 a

211 1064 274 1094 quo
289 1055 385 1084 etiam

209 1096 356 1137 pustula—

210 1150 283 1169 rum
301 1150 395 1180 erup-

211 1183 256 1212 tio
273 1182 374 1222 impe-

213 1225 307 1255 ditur.

213 1280 340 1310 Gradus

210 1322 324 1353 caloris
344 1333 395 1353 ea-

210 1375 281 1395 rum
298 1376 352 1395 ex-

211 1408 351 1449 pulsioni

209 1461 398 1491 promoven-

213 1494 270 1523 dae
285 1504 338 1524 ac-

211 1537 394 1567 commoda-

211 1579 365 1615 tissimus,

210 1622 367 1652 naturalis

210 1665 340 1695 omnino

211 1712 266 1737 est.

419 132 503 172 134
833 114 1091 172 THoMAE
1125 128 1467 171 SYDENHAM

415 239 703 295 expulsionem
728 238 1000 290 interturbat,
1023 243 1065 280 et
1096 242 1342 280 contentam
1370 236 1595 278 materiam
1624 235 1877 290 exagitando

414 323 571 350 noxam
596 308 719 362 parit.
780 307 862 348 Vel
888 307 1031 360 itaque
1057 311 1198 360 partes
1223 307 1314 360 jam
1339 310 1535 355 secretae,
1558 309 1685 358 atque
1710 304 1758 344 in
1787 318 1876 346 cor-

415 375 527 429 poris
549 374 634 427 ἕξιν
661 374 887 428 depositae,
910 374 1152 415 vehementi
1172 374 1244 414 illo
1264 373 1495 427 rapidoque
1517 372 1736 426 sanguinis
1761 371 1878 412 ebul-

413 443 556 484 lientis
583 457 710 484 cursu
741 442 950 495 abreptae,
981 442 1028 481 in
1055 441 1245 495 ejusdem
1275 455 1457 482 massam
1486 441 1759 482 resorbentur
1770 457 1782 490 ;
1812 440 1880 481 vel

413 516 554 565 partes
586 524 798 560 carnosae,
834 509 947 550 ultra
977 509 1158 563 gradum
1193 509 1488 562 suppurationi
1515 509 1708 550 debitum
1744 508 1877 549 excal-

413 580 562 629 factae,
589 579 732 618 minus
763 577 982 618 commode
1012 577 1128 617 illam
1159 582 1428 630 exequuntur
1439 594 1451 627 3
1483 577 1550 617 vel
1580 577 1763 630 denique
1793 576 1878 617 for-

413 648 549 698 tassis,
572 647 720 688 oborta
739 646 818 686 hac
838 659 947 685 nova
968 644 1245 698 aegritudine,
1264 645 1482 698 sanguinis
1503 644 1750 686 oeconomia
1768 644 1878 698 ipsa-

414 729 593 768 rumque
621 714 812 754 carnium
842 718 970 753 tonus
1000 712 1266 766 pervertitur,
1288 726 1422 765 usque
1447 712 1550 752 adeo
1580 717 1629 752 ut
1655 712 1879 753 materiam

413 783 529 823 illam
564 782 780 835 expulsam
819 780 998 830 vincere,
1031 793 1208 833 eamque
1249 778 1412 819 solenni
1450 791 1568 818 more
1608 777 1880 819 abscessuum

415 864 606 903 coquere,
629 853 825 902 nequeat.

481 917 587 972 [39.]
626 917 820 966 Interim,
836 930 925 956 11011
945 929 1079 968 usque
1101 914 1204 955 adeo
1224 928 1302 955 uos
1322 914 1422 954 illuc
1441 914 1630 954 intentos
1647 927 1737 955 esse
1757 928 1878 968 opor-

414 991 489 1036 tet,
513 999 595 1038 quo
626 984 917 1026 ebullitionem
944 983 1122 1023 nimiam
1152 983 1198 1022 in
1229 982 1437 1035 sanguine
1466 987 1793 1036 praevertamus,
1814 988 1877 1034 ut,

415 1067 589 1106 aegrum
609 1052 775 1105 frigoris
797 1051 963 1105 injuriis
985 1050 1248 1104 exponendo,
1269 1050 1537 1104 pustularum
1558 1049 1725 1104 eruptio
1744 1050 1878 1105 impe-

416 1121 568 1160 diatur.
632 1119 799 1159 Gradus
820 1118 890 1158 ille
911 1118 1059 1159 caloris
1076 1117 1130 1158 ad
1150 1117 1302 1157 harum
1320 1117 1610 1170 expulsionem
1630 1132 1879 1171 promoven-

415 1189 513 1229 dam
535 1187 1006 1237 accommodatissimus,
1021 1186 1226 1227 naturalis
1243 1186 1297 1226 sit
1319 1192 1497 1240 oportet,
1521 1193 1648 1242 atque
1669 1189 1878 1243 ejusmodi

416 1270 522 1310 quae
544 1269 815 1296 carnosarum
845 1254 1031 1308 partium
1052 1254 1273 1308 temperiei
1300 1254 1522 1295 conveniat
1536 1272 1547 1305 3
1580 1255 1737 1309 quique
1762 1256 1880 1298 hunc

417 1324 592 1374 excedit,
615 1328 688 1364 aut
712 1322 763 1363 ab
787 1322 935 1363 eodem
957 1322 1110 1373 deficit,
1133 1322 1334 1375 utrinque
1354 1322 1614 1376 periculosus
1636 1328 1712 1364 est.

481 1391 589 1445 [40]
627 1390 693 1430 Ex
723 1389 845 1430 dictis
871 1389 1014 1442 itaque
1046 1389 1146 1429 satis
1174 1389 1449 1430 manifestum
1479 1390 1645 1432 videtur
1674 1391 1720 1432 in
1752 1406 1880 1445 quam

415 1460 577 1501 incerto
597 1459 842 1511 lubricoque
865 1458 918 1498 sit
945 1458 1037 1499 loco
1057 1464 1152 1498 tum
1178 1458 1352 1498 morbus
1372 1459 1442 1499 ille
1467 1459 1519 1500 de
1541 1473 1623 1513 quo
1652 1459 1879 1514 loquimur,

414 1534 519 1570 tum,
543 1527 683 1582 praxis
713 1526 877 1567 medica
907 1540 1013 1579 quae
1045 1526 1181 1566 eidem
1212 1527 1569 1568 accommodanda.
1598 1532 1674 1568 est.
1735 1528 1881 1582 Atque

417 1597 572 1638 etiamn
593 1595 743 1637 exinde
774 1594 1053 1648 pronunciare
1074 1595 1209 1635 ausim
1230 1595 1342 1635 illius
1363 1595 1533 1646 famam,
1560 1596 1632 1649 qui
1658 1596 1726 1637 1110
1747 1597 1880 1638 medi-

417 1664 551 1705 cando
572 1664 651 1704 1100
671 1662 818 1703 morbo
838 1662 1082 1715 frequenter
1103 1676 1192 1703 sese
1220 1669 1397 1713 exercet,
1420 1663 1466 1703 in
1496 1670 1679 1717 angusto
1699 1665 1855 1706 versari
1866 1682 1880 1716 3

418 1732 760 1786 quandoquidem
794 1745 882 1771 non
916 1730 1067 1784 vulgus
1099 1730 1362 1772 solummodo
1392 1732 1539 1772 mortis
1571 1746 1741 1773 causam
1771 1738 1880 1775 sata-

418 1800 537 1854 genti
567 1800 694 1840 nimis
729 1798 900 1839 Medico
930 1797 1210 1839 transcribere
1240 1805 1436 1852 paratum
1472 1799 1539 1850 sit,
1572 1815 1719 1841 verum
1751 1801 1880 1842 etiam

418 1869 607 1923 ejusdem
648 1867 748 1909 artis
788 1866 1041 1921 professores
1081 1866 1369 1908 calumniandi
1409 1882 1556 1909 ansam
1590 1869 1690 1910 inde
1729 1870 1882 1924 cupide

462 1986 475 1998 ¹¹
498 1982 599 2020 Atque
612 1982 701 2010 etiam
716 1977 785 2019 [Sc]
812 1978 900 2008 Haec
917 1977 1035 2007 habent
1047 1978 1116 2008 edd.

1178 1981 1257 2009 latus
1267 1983 1471 2019 supervenerit
1482 1993 1491 2010 :
1516 1983 1546 2011 in
1559 1983 1606 2011 his
1622 1979 1786 2022 (inquam,)
1799 1985 1879 2014 casi-

419 2024 483 2059 ⁷66,
500 2024 550 2053 ’68
574 2028 645 2063 post
666 2024 819 2052 clauderet
835 2024 849 2059 ξ
868 2022 918 2057 86,
935 2021 1119 2060 praemissis

1179 2024 1241 2058 bus,
1257 2024 1302 2052 rel
1315 2025 1445 2053 secanda
1461 2035 1533 2054 vena
1549 2029 1604 2061 est,
1616 2027 1663 2055 vel
1673 2027 1806 2065 regimen
1822 2028 1880 2056 im-

419 2076 500 2105 quae
525 2066 815 2105 sequunturz—Es
833 2065 1001 2103 praedietis
1017 2066 1118 2103 itaque

418 2114 544 2145 constat,
568 2110 768 2139 ebullitionem
793 2109 821 2137 in
847 2108 941 2136 morbi
966 2109 1118 2145 principio

418 2156 561 2191 coeptam,
578 2162 672 2190 neque
689 2153 777 2180 nimis
792 2151 874 2180 evelti
887 2151 1002 2185 debere,
1026 2160 1118 2189 neque

419 2197 506 2224 nimis
523 2196 626 2224 minui.
669 2194 775 2223 Verum
791 2194 854 2222 alia
869 2194 984 2221 omnino
1001 2203 1047 2222 res
1062 2198 1116 2228 est,

418 2238 614 2276 Metuensque
629 2238 671 2266 ad
685 2247 757 2266 nova
773 2236 897 2265 consilia
915 2237 1074 2275 redigitur,
1091 2238 1118 2265 si

417 2292 482 2310 sero
506 2282 593 2309 nimis
616 2284 808 2312 accersatur,-
837 2283 993 2317 postquam
1017 2289 1119 2316 nempe

419 2325 464 2352 cel
478 2324 628 2352 cardiacis
648 2323 793 2351 adhibitis
810 2323 961 2350 immodice
984 2322 1119 2351 ebullitio

417 2371 517 2395 erecta
534 2371 588 2401 est,
600 2367 644 2395 vel
655 2366 853 2404 phlebotomia
866 2365 1029 2393 inconsulto
1041 2365 1117 2393 cele-

419 2410 516 2443 brata,
542 2410 587 2438 rel
616 2410 719 2447 quaeis
749 2409 811 2436 alia
841 2418 932 2435 caasa
961 2408 1119 2442 mediante,

417 2453 518 2480 eadem
541 2453 628 2480 nimis
649 2452 836 2488 deprimitur,
856 2451 987 2488 adeoque
1007 2451 1049 2478 ad
1070 2460 1116 2478 se-

418 2496 575 2523 cretionem
593 2496 690 2532 impar
707 2497 796 2532 atque
813 2493 956 2521 inhabilis
971 2493 1117 2521 redditur.

422 2538 534 2567 Quodsi
555 2539 655 2575 itaque
674 2537 805 2575 primum
828 2536 881 2564 hoc
904 2536 1011 2563 malum
1036 2536 1119 2563 nobis

418 2589 473 2607 non
498 2581 632 2613 consciis,
659 2580 785 2607 nondum
813 2579 927 2607 scilieet
952 2579 1117 2613 accersitis,

418 2623 580 2660 aliquando
595 2623 776 2660 coutigerit;
807 2622 877 2655 sire,
895 2631 930 2650 eu·
956 2629 1116 2659 aegrorum

419 2666 650 2702 intemperantia
666 2668 718 2693 aut
734 2665 861 2693 calidori
877 2667 1115 2701 temperamento,

417 2709 542 2745 sanguis
558 2708 816 2743 inflammatoriam
839 2707 988 2735 diatliesin
1013 2710 1118 2735 nactus

410 2747 510 2786 suerit
524 2761 533 2781 ,·
557 2751 627 2784 sice,
645 2760 681 2778 ea·
697 2750 859 2778 astantiam
876 2749 1118 2778 muliercularum

419 2796 471 2820 aut
495 2792 619 2820 aliorum
644 2802 879 2830 quorumcunque
900 2792 1033 2825 consilio,
1049 2802 1116 2820 ear-

419 2835 570 2862 diacorum
584 2835 859 2872 ususphrenitidem
875 2835 1020 2863 inre-terit
1033 2846 1042 2867 ,·
1058 2835 1118 2863 sive

419 2886 455 2905 em
476 2877 611 2914 pletliora
627 2878 772 2905 circuitus
787 2878 944 2915 sanguinis
960 2877 1119 2915 impeditus

410 2916 523 2955 fuerit,
535 2923 623 2956 atque
640 2920 730 2947 totins
745 2929 857 2948 ”nissae
874 2921 959 2957 [μισεῖ
974 2924 1117 2958 strangu-

1173 2067 1351 2104 perandum‚
1375 2069 1432 2096 etsi
1456 2078 1511 2096 non
1534 2078 1658 2106 prorsus
1683 2067 1878 2109 refrigerans,

1176 2113 1255 2138 certe
1279 2113 1376 2138 tamen
1400 2120 1584 2149 nequaquam
1608 2109 1799 2149 calefaciens,
1818 2114 1880 2142 sive

1176 2152 1307 2181 diaetam
1316 2153 1520 2190 respiciamus,
1527 2155 1588 2183 sive
1596 2155 1819 2185 medicamenta.
1836 2155 1881 2185 Et

1177 2195 1293 2233 quidem
1307 2197 1336 2224 in
1353 2197 1504 2234 angustiis
1519 2198 1568 2226 hic
1583 2201 1719 2226 versatur
1728 2197 1880 2234 Medicas,

1174 2239 1288 2275 partim
1304 2238 1373 2266 dum
1389 2248 1441 2267 suo
1455 2238 1576 2277 judicio
1591 2237 1768 2277 satisfacere
1784 2242 1880 2279 cupit,

1174 2281 1288 2318 partim
1304 2281 1372 2309 dum
1386 2280 1588 2320 praejudiciis
1603 2283 1728 2311 aliorum
1748 2283 1879 2322 andt'qae

1177 2323 1324 2361 cingitur,
1348 2325 1408 2360 qui,
1433 2325 1579 2362 siquidem
1608 2334 1700 2363 aegro
1723 2326 1878 2364 quippiam

1177 2375 1261 2393 secus
1280 2367 1436 2401 acciderit,
1455 2367 1538 2395 illius
1554 2371 1675 2396 mortem
1691 2367 1880 2398 Medicorum

1179 2409 1342 2437 temeritati
1357 2413 1507 2447 acceptam
1525 2407 1638 2447 referre
1652 2411 1755 2440 solent.
1783 2410 1879 2442 Quam

1178 2451 1213 2478 ob
1229 2460 1358 2485 causam,
1375 2456 1464 2489 atque
1479 2453 1570 2481 etiam
1591 2453 1670 2491 quod
1684 2454 1747 2491 ipse
1763 2454 1880 2483 morbus

1177 2494 1333 2522 admodum
1355 2495 1506 2523 versatilis
1521 2497 1636 2533 ingenii
1658 2497 1698 2524 sit
1721 2500 1811 2535 atque
1829 2497 1877 2525 ἰη-

1177 2537 1336 2572 certissimi
1352 2538 1459 2572 witus,
1474 2541 1506 2565 ut
1523 2539 1568 2567 rel
1582 2539 1732 2567 minimum
1748 2549 1877 2568 errorem
1923 2553 1931 2557 ‘

1177 2580 1226 2607 ris
1239 2583 1302 2607 tuto
1317 2580 1472 2615 admittat,
1485 2580 1616 2609 Medicis
1628 2582 1805 2619 quibusdam
1820 2591 1877 2611 non

1176 2622 1247 2650 vitio
1258 2623 1426 2650 vertendam
1436 2633 1538 2652 censeo
1547 2634 1629 2652 suam
1644 2624 1726 2652 illam
1736 2625 1797 2654 sive
1804 2634 1878 2663 pru-

1175 2665 1319 2699 dentiam,
1333 2666 1394 2694 sire
1413 2667 1567 2700 astutiam,
1585 2665 1778 2703 (charitatem
1800 2668 1878 2696 enim

1167 2704 1252 2745 sorte
1268 2708 1379 2745 aliquis
1391 2709 1421 2736 in
1434 2709 1473 2737 iis
1487 2707 1730 2746 desideraverit‚)
1744 2710 1796 2748 qai
1811 2713 1875 2739 sta-

1177 2751 1229 2778 tim
1240 2754 1329 2788 atque
1344 2754 1501 2789 erumpunt
1519 2751 1668 2787 Variolae,
1685 2762 1808 2791 aegrum
1823 2762 1878 2781 nu·

1177 2793 1284 2821 tric-um
1300 2802 1390 2822 curae
1405 2794 1588 2832 relinquunt.
1627 2795 1729 2833 Atque
1739 2804 1874 2833 pronun-

1177 2836 1259 2864 eiare
1275 2834 1327 2874 ὅτ.

1221 2874 1235 2887 ⁰
1258 2879 1309 2916 qai
1326 2880 1356 2907 in
1373 2875 1442 2917 «3ωο]
1460 2880 1490 2908 in
1507 2880 1568 2908 loco
1583 2880 1668 2908 valde
1685 2880 1797 2910 lubrico
1808 2889 1875 2909 ver·
1925 2882 1933 2907 Α]

1177 2921 1240 2949 sari
1256 2922 1307 2959 qm·
1322 2922 1353 2950 in
1370 2921 1418 2960 18¹(-
1437 2920 1507 2950 edd.
1524 2921 1588 2957 ‘66,
1605 2922 1667 2951 '68.
