1985 3308
403 156 489 196 358
819 153 1075 195 THOMAE
1109 151 1450 194 SYDENHAM

203 279 258 308 DE
276 276 386 306 Vam-
403 276 492 303 non
521 261 604 301 m'si
629 264 724 314 post
755 260 925 314 aliquod
951 274 977 300 a
1007 259 1074 300 die
1101 259 1228 300 tertio
1254 258 1456 311 temporis
1487 257 1671 311 spatium
1698 271 1742 299 se
1767 272 1862 300 exe-

197 320 389 392 οζἑῖξξῗ·
404 335 513 371 rant.
575 329 756 382 Eruptio
777 334 920 369 autem
941 333 990 368 ut
1017 327 1247 380 plurimum
1274 326 1320 365 in
1342 326 1455 365 diem
1474 325 1651 366 tertium
1671 326 1723 367 ab
1743 327 1862 368 inva-

201 432 265 462 ΡΕΓ,
284 387 336 451 3110
348 422 387 451 ab
405 398 522 439 sione
538 397 685 438 incidit
698 413 710 446 3
736 401 779 436 et
799 400 848 436 ut
869 396 1115 448 plurimum,
1133 393 1206 446 qui
1226 393 1421 446 (exempli
1442 393 1606 446 gratia,)
1628 393 1694 434 die
1710 394 1861 436 Lunae

202 464 365 513 invasione
406 464 730 507 Confluentibus
750 463 933 504 Variolis
960 462 1146 516 primum
1165 460 1356 501 laborare
1382 460 1544 514 incipit,
1567 461 1635 502 die
1656 462 1864 503 Mercurii

203 507 371 590 {iifnifum'
403 533 599 587 sequenti
628 532 898 586 pustularum
925 529 1130 583 primitias
1161 528 1208 568 in
1238 533 1335 568 cute
1365 542 1532 569 summa
1562 529 1861 582 deprehendet,

405 609 448 643 et
471 603 497 642 J
500 602 586 642 ovis
608 601 696 641 dies
718 600 770 640 ab
795 599 867 639 1110
890 598 956 638 (116
979 597 1128 637 Lunae
1150 596 1373 646 secundus,
1396 596 1649 638 undecimus
1674 597 1745 639 iHe
1766 598 1862 648 erit,

405 670 579 724 periculi
598 667 880 722 plenissimus,
900 665 985 705 nisi
1003 664 1304 717 interposuerit
1326 678 1369 704 se
1390 664 1600 706 Medicus.

205 753 324 782 Omnia
471 736 579 790 [48]
617 737 761 788 Atque
782 734 851 773 hic
877 733 1033 772 iterum
1053 736 1211 784 repeto,
1232 731 1497 772 theoremata
1515 732 1620 773 haec
1647 732 1790 773 omnia
1810 733 1865 774 ad

202 795 383 867 haecssheod-
409 804 682 844 Confluentes
709 806 881 842 tantum
907 799 1100 840 Variolas
1130 799 1276 839 referri
1306 798 1470 850 debere,
1498 814 1605 853 quae
1634 800 1680 840 in
1711 815 1864 854 genere

204 848 378 910 {fflffiess
407 871 622 912 Distincto
652 870 820 909 nullum
851 881 1022 921 prorsus
1052 881 1179 907 usum
1209 866 1383 917 habent,
1415 881 1494 908 nec
1525 867 1578 908 ab
1612 868 1686 909 ino
1718 882 1863 923 expos-

203 928 388 1006 {ffirttffiffn
408 944 576 980 cuntur.
632 939 689 978 Et
710 943 800 977 tam
822 936 901 976 sibi
923 950 1050 989 quam
1071 935 1162 975 aliis
1182 935 1423 988 imponunt,
1447 936 1519 989 qui
1539 936 1743 978 attollunt
1764 937 1864 978 cris-

405 1012 470 1047 tas
493 1006 657 1059 quoties
678 1019 748 1046 eos
777 1003 1016 1044 sanaverint
1039 1003 1191 1056 quibus
1213 1003 1513 1044 exanthemata
1532 1018 1711 1045 numero
1731 1019 1867 1058 pauca

407 1088 539 1127 eaque
560 1073 830 1113 interstincta
851 1071 1181 1112 efflorescebant.
1246 1071 1290 1110 Si
1311 1076 1478 1111 tentare
1505 1071 1634 1112 libeat
1657 1078 1863 1125 quantum

406 1142 452 1182 in
472 1142 580 1182 Arte
605 1141 787 1190 valeant,
809 1140 854 1180 in
877 1139 1062 1180 Variolis
1090 1138 1416 1179 Confluentibus
1440 1139 1549 1180 vires
1579 1140 1864 1193 experiantur,

407 1210 589 1250 maxime
623 1209 786 1262 quoties
819 1208 886 1248 vel
919 1208 1118 1248 florentes
1151 1212 1302 1257 aetate,
1333 1207 1399 1247 vel
1429 1220 1499 1248 eos
1535 1207 1607 1260 qui
1640 1207 1868 1249 immodica.

406 1278 493 1318 vini
512 1277 846 1330 ingurgitatione
867 1276 1047 1316 nimium
1068 1274 1334 1324 incaluerint,
1355 1274 1424 1315 hic
1448 1275 1621 1316 morbus
1642 1276 1865 1326 invaserit3

406 1360 474 1395 ne,
497 1346 542 1386 in
570 1344 796 1386 levioribus
825 1343 1056 1393 exercitati,
1079 1343 1139 1382 ita
1160 1347 1251 1383 toto
1279 1343 1394 1382 coelo
1427 1342 1636 1393 aberrent,
1657 1349 1706 1384 ut
1728 1358 1771 1384 se
1797 1357 1867 1384 eos

409 1428 590 1454 servasse
612 1412 867 1461 existiment,
891 1425 994 1464 quos
1016 1410 1095 1463 ipsi
1116 1410 1334 1450 adstantes
1356 1424 1444 1450 non
1465 1410 1708 1451 occiderint.

475 1482 583 1535 [49]
612 1481 775 1521 Verum
797 1479 1227 1520 Dissertatiunculam
1255 1477 1415 1518 hancce
1443 1492 1531 1518 non
1557 1478 1673 1532 prius
1704 1479 1865 1531 finiam,

409 1564 537 1603 quam
565 1549 639 1590 ubi
664 1549 850 1589 retulero
879 1561 986 1601 quae
1015 1547 1134 1596 mihi,
1165 1546 1268 1586 dum
1295 1546 1398 1586 haec
1423 1546 1662 1597 scriberem,
1692 1561 1768 1588 suo
1796 1561 1867 1588 ore

409 1618 595 1658 narravit
636 1616 913 1657 amicissimus
949 1615 1044 1656 D¹¹¹¹s
1081 1614 1255 1655 Carolus
1292 1613 1484 1663 Goodall,
1516 1614 1653 1665 M.D.,
1691 1615 1869 1670 collegii

409 1686 678 1726 Medicorum
722 1684 880 1733 Socius,
917 1688 1044 1736 atque
1084 1681 1480 1736 impraesentiarum
1517 1682 1700 1723 Censor:
1755 1684 1868 1737 quod

409 1754 513 1794 mihi
546 1753 639 1793 ideo
670 1752 912 1793 faciendum
944 1751 1056 1800 diuzi,
1092 1764 1175 1803 quo
1205 1749 1356 1789 melius
1390 1749 1438 1789 iis
1472 1749 1600 1790 fidem
1633 1751 1866 1802 conciliem,

410 1835 517 1874 quae
533 1826 626 1861 tum
647 1820 728 1870 hic,
747 1825 841 1860 tum
863 1818 976 1868 alibi,
991 1822 1032 1859 et
1055 1818 1107 1858 de
1128 1817 1330 1870 petechiis
1353 1822 1394 1857 et
1412 1816 1463 1857 de
1483 1818 1618 1858 mictu
1633 1819 1868 1872 sanguineo

409 1889 610 1929 affirmavi
618 1906 628 1938 3
650 1893 881 1941 utrumque
896 1900 1048 1940 nempe
1063 1886 1143 1927 hoc
1161 1891 1411 1940 symptoma,
1430 1887 1594 1940 quoties
1609 1888 1743 1928 acutis
1756 1903 1867 1930 mor-

408 1961 473 2001 bis
488 1961 660 2009 acccdit,
677 1960 870 2000 atrociori
887 1974 959 1999 san
967 1959 1107 2012 guinis
1120 1958 1447 1999 inflammationi
1461 1959 1635 2001 omnino
1649 1959 1805 2012 deberi,
1820 1976 1868 2003 ac

408 2028 586 2081 proinde
601 2027 894 2081 refrigerantia
906 2027 1092 2067 indicare
1108 2026 1308 2067 remedia.
1353 2027 1485 2067 Casus
1502 2027 1561 2068 ita
1578 2043 1620 2070 se
1633 2029 1784 2071 habuit
1799 2047 1868 2071 :—-

210 2110 351 2140 Historia
481 2098 588 2151 [50.]
634 2097 849 2137 α,13161113
895 2111 1105 2137 annorum
1147 2096 1265 2149 quasi
1305 2096 1454 2149 viginti
1501 2102 1675 2150 septem,
1716 2098 1869 2140 habitu

209 2153 364 2191 5¹¹S³g¹¹³⁰r
410 2166 593 2219 corporis
621 2170 863 2215 extenuato,
893 2170 934 2205 et
967 2163 1101 2204 calido
1131 2168 1467 2216 temperamento
1497 2164 1725 2216 praeditus,
1751 2165 1868 2206 febre

209 2196 395 2277 gepqexgggiffffi
415 2235 593 2275 violenta
623 2239 665 2274 et
694 2234 897 2274 continua
927 2236 1143 2285 correptus
1173 2236 1236 2271 est
1266 2243 1412 2270 mense
1440 2230 1583 2281 Junio,
1606 2245 1718 2272 anno
1742 2233 1865 2272 1681.

209 2287 382 2359 ξξῇἓζῇξζὲο
413 2302 582 2355 Lingua
614 2308 703 2342 crat
740 2302 849 2342 sicca
884 2306 925 2340 et
962 2299 1120 2349 scabra,
1158 2299 1248 2338 sitis
1281 2298 1520 2350 vehemens,
1552 2300 1699 2353 pulsus
1732 2301 1866 2347 celer:

208 2365 360 2438 sfficligttgr
413 2370 530 2409 dolor
546 2370 761 2423 regionem
783 2369 918 2410 cordis
936 2367 1168 2408 scrobiculo
1181 2367 1360 2407 xicinam
1384 2367 1676 2419 discruciabat,
1695 2369 1867 2410 dorsum

340 2432 346 2438 ’
411 2450 508 2476 vero
528 2436 748 2489 imprimis,
766 2437 810 2476 111
828 2451 910 2489 (1110
927 2436 1087 2490 jugiter
1103 2435 1389 2485 desaeviebat3
1420 2436 1671 2490 sanguinem
1688 2437 1867 2478 subinde

410 2502 618 2552 meiebat3
650 2509 744 2543 tum
780 2509 821 2543 et
858 2502 1073 2556 petcchiae
1107 2502 1254 2542 coloris
1291 2503 1477 2543 subfusci
1508 2504 1677 2554 collum,
1703 2509 1866 2558 pectus,

411 2577 451 2610 ct
481 2585 639 2624 carpos,
670 2572 799 2612 dense
823 2571 1079 2611 insidebant.
1142 2571 1222 2611 Dic
1254 2577 1371 2612 sexto
1401 2573 1626 2613 accersitus
1657 2573 1866 2624 Medicus,

411 2643 452 2676 ct
484 2651 659 2689 aegrum
686 2638 737 2678 (16
762 2639 849 2678 vita
873 2638 1100 2691 periclitari
1125 2652 1148 2678 a
1174 2639 1306 2679 nimia
1335 2640 1484 2680 urinae
1515 2641 1867 2693 sanguinolentae

411 2708 648 2748 cxci-ctione
677 2709 951 2761 comperiens,
980 2708 1259 2748 indicationes
1292 2709 1498 2749 curativas
1531 2709 1584 2749 ad
1617 2710 1867 2763 sanguinem

410 2774 747 2826 refrigerandum
774 2775 1194 2829 incrassandumque,
1223 2782 1316 2816 tum
1345 2777 1473 2817 etiam
1502 2777 1555 2817 ad
1576 2792 1770 2818 vasorum
1801 2793 1865 2819 os-

411 2841 516 2889 cula,
541 2856 646 2893 quac
674 2843 718 2882 111
749 2843 922 2883 renibus
954 2844 1139 2884 relaxata
1171 2844 1455 2895 dehiscebant,
1488 2845 1739 2894 obturanda,
1767 2845 1865 2886 diri-

413 2908 569 2957 gendas
592 2910 803 2950 censebat.
