1985 3308
309 127 832 171 OBSERVATIONUM
864 129 1239 172 MEDICARUM
1272 138 1301 171 I.
1327 141 1359 171 5.
1501 137 1551 176 71

94 238 277 285 retusus,
300 234 384 275 sive
405 234 724 287 refrigeratione
744 235 990 286 intensiore,
1013 236 1097 277 sive
1119 237 1248 277 etiam
1269 239 1551 279 evacuationi-
1592 254 1731 285 Fanum

94 301 175 341 bus
206 306 373 354 praeter
393 302 568 342 modum
599 302 766 342 effusis:
798 302 845 342 in
864 302 945 343 hoc
966 317 1063 344 vero
1091 317 1204 354 casn,
1227 318 1324 344 eum
1352 319 1550 359 paroxys-
1570 296 1752 370 Alssjssfffigw

93 381 189 407 mus
211 367 468 408 adventitius
488 368 736 421 primarium
763 369 1015 422 insequitur,
1038 371 1184 411 mitius
1205 371 1390 425 insuper,
1412 386 1550 425 neque
1595 381 1729 412 ‘fil-¹64.

92 434 154 474 ita
182 449 352 487 prorsus
384 435 457 474 diu
493 439 620 488 atque
653 436 760 476 alter
795 450 970 489 aegrum
1001 438 1162 490 affligit.
1225 439 1280 478 In
1312 439 1450 491 priore
1485 439 1549 479 in-
1569 435 1755 509 ‘'irffteff'tssla

94 502 253 542 stantia
286 503 488 543 materiae
524 504 814 556 turgescentia
850 504 934 544 sive
968 503 1182 560 ὀρνγασμός
1216 506 1381 546 tardius
1412 521 1549 547 rever·
1567 486 1739 557 {egula-lis-

91 574 255 610 tentem
272 574 339 610 etq
356 570 435 610 sibi
457 570 645 611 debitam
660 571 882 624 periodum
898 585 1169 625 nequaquam
1185 575 1481 626 praestolatur,
1501 589 1549 615 ac
1566 560 1753 639 ξίἳῗιξξοξίιζμ

90 637 267 690 proinde
289 637 506 691 aliquanto
522 639 831 691 praematurius
847 639 1169 692 despumatione
1186 655 1263 681 sua
1278 641 1546 695 defungitur:
1565 644 1625 674 hoc
1642 657 1719 677 casu

89 704 136 744 in
156 705 386 758 posteriore
415 709 571 756 autem,
595 720 693 747 cum
715 706 887 759 sanguis
909 721 997 747 non
1020 707 1110 760 jam
1132 722 1181 748 ea
1201 709 1241 748 vi
1261 709 1418 762 polleat
1440 724 1547 762 quae
1565 697 1720 761 ΞῘζΞ-’Χξᾱῗ

88 772 292 812 materiae
313 772 470 813 Febrili
490 787 577 813 uno
597 773 760 827 impetu
782 774 1058 815 excutiendae
1079 775 1272 826 sufficiat,
1294 790 1393 816 mox
1414 777 1545 817 alium
1563 774 1717 822 ventitius

90 839 142 879 de
163 854 272 880 novo
293 854 592 894 paroxysmum
614 841 848 891 substituit,
873 856 955 894 quo
977 842 1066 895 ejus
1087 843 1284 896 reliquias
1306 857 1328 883 e
1350 844 1446 884 sinu
1468 858 1543 885 suo
1560 824 1750 897 iiisnelissriltliii}

89 907 296 948 exturbet.
359 908 563 950 Quinimo
580 922 602 948 e
624 908 787 948 duabus
808 909 922 949 hisee
939 910 1075 950 causis
1097 910 1177 951 sibi
1196 911 1377 951 invicem
1399 911 1542 951 adver-
1560 900 1746 974 Ξῗὶζὲξθξὲζη

87 974 280 1015 santibus
311 975 418 1015 forte
451 976 580 1015 etiam
610 975 767 1029 pendet
794 980 884 1016 tam
915 990 1264 1030 paroxysmorum
1293 979 1541 1032 anticipatio
1562 970 1740 1034 Utriusque

86 1041 133 1080 in
153 1041 287 1082 Febre
309 1043 630 1083 Intermittente
652 1043 863 1083 ordinaria
880 1049 1006 1097 atque
1027 1045 1224 1097 regulari,
1240 1059 1367 1098 quam
1390 1059 1541 1087 corun·
1560 1036 1735 1109 {Zttil‘l'rffndi‘

86 1107 184 1148 dem
213 1109 374 1149 tardior
405 1110 608 1159 aeeessio3
642 1124 821 1164 quarum
851 1115 1030 1164 utraque
1061 1112 1107 1151 in
1138 1112 1202 1151 his
1225 1112 1430 1152 Febribus
1461 1113 1542 1153 fre-

86 1180 266 1228 quenter
305 1177 499 1226 occurrit,
541 1183 668 1230 quaer
699 1176 958 1232 νυχθήμερον
1001 1192 1126 1219 omne
1166 1184 1435 1232 percurrunt,
1476 1180 1543 1220 vel

85 1243 256 1283 solitum
285 1243 526 1297 paroxysmi
556 1249 724 1297 tempus
756 1244 1051 1298 anticipantes,
1083 1246 1149 1286 vel
1180 1260 1229 1287 eo
1261 1247 1393 1287 serius
1425 1260 1540 1288 aece-

86 1309 247 1351 dentes.

149 1378 227 1431 [8.]
266 1378 465 1419 Febrium
491 1383 635 1419 autem
657 1379 1046 1420 Intermittentium
1069 1381 1276 1434 quaedam
1296 1381 1403 1422 veris
1425 1385 1538 1431 sunt,
1560 1395 1743 1427 Febres1n-

84 1445 290 1498 quaedam
326 1447 546 1487 autumni:
589 1448 778 1500 quamvis
814 1448 929 1488 enim
964 1449 1010 1488 in
1045 1449 1371 1502 tempestatibus
1406 1449 1538 1490 inter-
1556 1439 1743 1512 ξξξᾟξξὶῃᾶζ

82 1513 232 1553 mediis
253 1514 485 1554 nonnullae
512 1513 761 1554 oboriantur
773 1532 784 1565 3
818 1515 1019 1568 quoniam
1040 1520 1186 1556 tamen
1212 1517 1310 1557 illae
1332 1521 1374 1557 et
1394 1516 1537 1556 minus
1556 1523 1602 1553 les
1619 1529 1705 1560 sunt,

81 1579 325 1635 frequentes
346 1586 460 1631 sunt,
478 1585 521 1621 et
542 1581 596 1621 ad
616 1582 851 1634 praedictas
872 1583 1018 1623 reduci
1038 1588 1229 1636 possunt,
1256 1584 1363 1636 (illas
1385 1598 1538 1637 nempe
1556 1566 1736 1643 {335¹}ng

85 1647 238 1701 quibus
278 1649 413 1702 magis
449 1648 820 1703 appropinquant,)
854 1650 1011 1691 ideireo
1047 1657 1215 1691 omnesS
1260 1651 1338 1692 sub
1373 1651 1538 1692 duobus

79 1714 195 1756 hisce
216 1716 456 1769 generibus,
486 1717 727 1757 Vernalibus
746 1731 913 1771 nempe,
931 1722 1059 1771 atque
1079 1719 1408 1769 Autumnalibus,
1426 1733 1539 1759 eom-

79 1782 251 1835 pleetar.
312 1783 538 1836 Temporat
561 1783 614 1824 ad
635 1798 741 1837 quae
771 1785 1084 1837 partieulariter
1106 1784 1160 1829 ὡς
1183 1784 1253 1825 ἐπὶ
1273 1784 1320 1826 τὸ
1341 1785 1455 1825 πολύ
1473 1800 1538 1826 re-

80 1849 290 1900 feruntur,
314 1864 479 1891 menses
502 1856 603 1891 sunt
626 1851 856 1902 Februarii,
880 1857 1007 1905 atque
1029 1853 1216 1905 Augusti
1229 1870 1240 1902 3
1271 1853 1371 1893 lieet
1405 1867 1536 1906 quan-

81 1916 217 1970 doque
239 1918 446 1958 maturius
467 1918 684 1969 invadant,
706 1919 869 1959 tardius
892 1920 1020 1960 etiam
1041 1934 1352 1973 nonnunquam
1367 1937 1379 1970 3
1410 1925 1538 1974 prout

81 1984 238 2024 seilicet
270 1985 450 2035 uberior,
480 1985 694 2038 parcior-ve
723 1986 770 2026 in
801 1990 898 2027 ae're
932 1991 1159 2040 apparatus
1186 1987 1253 2027 vel
1284 1987 1338 2027 ad
1369 1987 1539 2027 easdem

78 2051 371 2104 producendas
398 2051 512 2102 facit,
534 2052 599 2092 vel
627 2052 767 2103 officit,
791 2058 832 2093 et
859 2067 909 2093 ex
939 2054 1216 2106 consequenti
1240 2054 1376 2107 magis
1408 2055 1537 2094 etiam

77 2118 271 2159 minusve
293 2119 523 2172 epidemice
545 2119 870 2172 depraedantur.
914 2120 1047 2173 Cujus
1060 2121 1121 2160 rei
1143 2121 1385 2174 exemplum
1405 2121 1536 2162 habe-

78 2200 173 2226 mus
190 2186 291 2226 satis
312 2187 482 2227 obvium
499 2186 545 2226 in
566 2187 772 2227 Febribus
789 2187 1184 2228 Intermittentibus
1200 2188 1537 2228 Autumnalibus

79 2254 181 2294 anni
213 2255 337 2305 1661,
370 2269 453 2308 quo
488 2269 601 2296 anno
633 2255 810 2295 memini
845 2255 1075 2295 foeminam
1107 2255 1322 2307 quandam
1360 2255 1536 2295 aedibus

77 2322 183 2362 meis
203 2322 385 2363 vicinam
411 2323 547 2376 primo
575 2322 821 2364 Quartanae
850 2336 949 2363 suae
980 2336 1243 2376 paroxysmo,
1266 2322 1356 2376 ipso
1378 2322 1536 2363 scilicet

79 2389 288 2430 Johannis
319 2390 428 2430 festo
464 2395 701 2444 correptam
737 2390 904 2430 fuisseu.
965 2391 1022 2430 Et
1056 2390 1292 2444 complures
1324 2389 1395 2430 alii
1426 2389 1536 2430 eirea

75 2455 189 2497 idem
208 2462 377 2511 tempus
398 2463 717 2512 praematurum
739 2458 945 2498 Febribus
966 2458 1048 2498 illis
1070 2458 1252 2511 correpti
1272 2457 1404 2507 fuere,
1428 2471 1535 2509 quae

76 2525 347 2578 postmodum
369 2526 473 2567 adeo
500 2526 757 2580 epidemicae
779 2530 1002 2566 evaserunt
1015 2543 1026 2575 3
1060 2525 1173 2578 quod
1195 2528 1449 2578 argumento
1471 2529 1535 2564 est

76 2606 282 2646 magnum
311 2599 406 2634 tum
431 2594 560 2635 fuisse
590 2594 636 2634 in
660 2595 743 2635 ista
770 2608 876 2647 quae
902 2599 1007 2635 tune
1037 2593 1259 2634 obtinebat
1287 2593 1395 2633 aeris
1425 2596 1533 2632 tem-

76 2661 190 2714 perie
221 2662 274 2702 ad
307 2662 410 2703 istos
442 2662 612 2703 morbos
644 2668 907 2716 apparatum,
940 2662 1013 2715 qui
1046 2662 1242 2715 deinceps
1277 2659 1533 2715 procedente

77 2741 189 2769 anno
210 2729 446 2783 stipatiores
468 2729 784 2783 grassabantur.

120 2805 132 2824 ‘¹
154 2801 204 2842 et]
222 2812 282 2833 om.
300 2803 346 2833 ed.
366 2803 427 2834 ¹76.
877 2805 885 2821 ²
914 2804 1055 2841 Tempora
1086 2802 1155 2842 Se]
1186 2802 1323 2842 Reliqua
1353 2802 1468 2833 desunt
1499 2803 1531 2833 in

119 2847 131 2861 ¹
153 2845 247 2884 quae]
266 2845 375 2884 zztjam
393 2848 506 2876 dietum
523 2846 594 2876 add.
615 2847 662 2876 cd.
681 2847 743 2878 ’76-
836 2846 903 2876 edd.
922 2847 984 2882 'o'b',
1003 2846 1063 2875 ’68.
1084 2855 1186 2884 usque
1203 2845 1241 2875 ad
1255 2847 1485 2885 grassabantur.

121 2889 132 2903 ⁸
155 2887 267 2927 omnes]
286 2890 355 2918 illas
367 2900 463 2918 omnes
477 2889 545 2919 edd.
564 2889 626 2924 wie,
643 2890 706 2919 '68.
881 2893 894 2906 ⁸¹
924 2888 972 2918 Cf.
991 2898 1058 2928 sup.
1078 2898 1106 2928 p.
1125 2888 1174 2920 (57.
