1985 3308
411 126 732 167 SCIIEDULA
763 122 1112 167 MONITORIA
1144 127 1232 167 III.
1466 130 1548 169 527

95 232 439 288 chalybeatarum
463 232 623 286 potatio
643 231 854 273 liberalior
874 245 949 286 per
969 232 1157 285 singulas
1185 235 1365 272 aestates
1388 232 1548 285 jugiter
1567 241 1750 273 Dneru

94 300 336 354 repetenda.
1581 284 1734 357 ἰᾨξέζζ

159 368 268 422 [11.]
306 368 414 408 Cum
445 381 540 408 vero
572 381 693 420 saepe
724 366 898 417 accidat,
926 371 975 407 ut
1006 367 1264 420 Paroxysmo
1296 366 1547 420 Ncphritico
1569 370 1700 423 cin-atio

96 436 190 489 quis
231 435 479 488 corripiatur
519 435 687 488 quando
726 434 970 488 hujusmodi
1009 434 1232 474 minerales
1266 448 1398 487 aquae
1435 434 1549 474 haud
1567 445 1721 490 141‘0358-

94 507 262 556 praesto
293 503 392 552 sint,
413 502 478 542 vel
506 502 634 542 ctiam
664 506 893 555 tempestas
918 501 1020 542 anni
1050 501 1158 542 adsit
1181 515 1287 554 quae
1318 502 1549 542 earundem
1569 479 1724 559 &mxc-51

95 570 304 623 potationi
339 569 479 609 minus
514 569 675 618 faveat;
716 569 795 609 hac
826 569 968 622 itaque
1004 569 1301 622 compendiosa
1336 569 1550 619 methodo,

96 637 186 677 sine
207 636 406 677 ulteriore
433 636 717 676 remediorum
748 641 966 689 apparatu,
989 636 1286 677 insistendum.
1352 636 1397 676 Si
1428 650 1553 689 aeger

95 707 431 757 temperamento
453 703 687 755 sanguineo
713 703 928 755 praeditus
950 703 1090 753 fuerit,
1114 707 1156 743 et
1178 707 1362 743 aetatem
1383 717 1551 756 provec-

95 772 248 812 tiorem
274 770 391 811 haud
421 770 558 811 adhuc
589 771 789 823 attigerit,
813 771 985 823 sanguis
1007 786 1055 811 ex
1076 771 1247 811 brachio
1270 771 1380 811 Reni
1401 771 1552 813 affecto

96 838 371 892 respondenti
406 838 459 879 ad
493 839 639 879 uncias
680 839 826 879 decem
867 840 1113 880 extrahatur
1129 852 1156 889 ;v
1186 840 1338 880 deinde
1377 840 1552 894 liquoris

96 906 303 960 possetici‚
335 906 404 947 cui
432 907 582 947 radicis
613 907 804 947 althaeae
839 907 989 947 unciae
1020 908 1127 947 duae
1158 908 1349 948 incoctac
1381 908 1552 958 fuerint,

97 973 272 1026 congius
303 988 416 1014 unus
452 989 579 1027 quam
613 974 811 1015 citissime
846 974 1081 1024 devoretur,
1119 980 1161 1016 et
1193 989 1372 1029 sequens
1403 990 1554 1016 enema

97 1041 313 1095 injiciatur
329 1058 397 1082 :—
1420 1031 1442 1051 x

103 1143 234 1189 [For-m.
251 1148 345 1189 1172]
356 1153 376 1166 ¹¹¹
412 1144 451 1186 R
473 1144 614 1179 Radicis
630 1145 808 1185 Althaeae,

432 1192 435 1195 ¹
474 1202 652 1245 [Radicis]
672 1202 851 1241 Liliorum,
869 1213 936 1235 ana
952 1202 1093 1235 unciam
1111 1213 1229 1242 unam,

475 1260 650 1293 Foliorum
670 1259 821 1299 Malvae,

474 1316 686 1360 [Foliorum]
708 1315 929 1355 Parietariae‚

473 1373 687 1414 [Foliorum]
709 1373 868 1406 Brancae
889 1373 1049 1412 Ursinae,

472 1430 615 1464 Florum
633 1429 884 1469 Chamaemeli,
901 1440 968 1462 aua
986 1429 1206 1473 manipulum
1225 1441 1346 1470 uuum,

474 1488 654 1521 Seminum
672 1487 764 1527 Liui,

475 1544 695 1589 [Seminum]
716 1544 964 1589 Foenugmeci,
981 1555 1049 1578 ana
1066 1544 1292 1578 semiunciam
1307 1557 1313 1583 ;

288 1604 409 1648 Coque
439 1603 628 1637 sufficiente
662 1602 857 1647 quantitate
891 1612 1001 1646 aquae
1034 1601 1079 1635 ad
1112 1603 1349 1646 sesquilibram
1364 1615 1371 1641 ς
1405 1603 1559 1636 colatura

288 1660 431 1695 dissolve

477 1717 641 1751 Sacchari
659 1718 833 1757 culinaris,

477 1775 603 1820 Syrupi
621 1774 839 1813 Diahhaeae,
857 1785 925 1808 ana
940 1774 1061 1808 uncias
1080 1774 1184 1815 duas3

290 1832 422 1871 Misce3
447 1832 508 1866 fiat
524 1843 657 1865 enema.

107 1922 110 1923 ⁷
162 1921 490 1975 Quamprimum
511 1935 585 1974 per
600 1920 872 1960 vomitionem
895 1933 1018 1972 aeger
1033 1924 1174 1960 totum
1195 1919 1425 1960 reddiderit
1447 1920 1560 1973 quod

103 2004 178 2043 per
210 2004 255 2030 os
285 1989 500 2042 ingestum
540 1988 679 2037 fucrit,
711 1992 760 2027 ut
792 1987 920 2027 etiam
962 2001 1112 2027 enema
1151 1988 1355 2041 rejecerit,
1387 1988 1561 2028 laudaui

104 2057 254 2110 liquidi
294 2057 394 2096 satis
440 2070 598 2109 magna
637 2055 747 2095 dosis
788 2055 1047 2108 propinetur,
1088 2054 1281 2094 videlicet
1323 2055 1375 2094 ad
1416 2060 1560 2108 guttas

104 2124 255 2176 viginti
279 2124 476 2178 quinque,
499 2124 564 2163 vel
593 2123 819 2176 pilularum
841 2121 1054 2162 Matthaei
1081 2136 1214 2175 grana
1235 2121 1474 2174 quindecim
1495 2123 1560 2162 vel

105 2191 300 2232 sedecim.

163 2259 218 2299 In
249 2258 420 2299 senibus
450 2272 547 2299 vero
587 2257 735 2298 morbo
766 2257 905 2310 aliquo
941 2256 1144 2296 diuturno
1173 2255 1331 2306 fractis,
1364 2261 1414 2296 ut
1444 2262 1486 2297 et
1517 2257 1561 2296 in

105 2326 258 2367 vetulis
287 2327 504 2379 vaporibus
538 2326 678 2378 (vulgo
715 2325 865 2376 dictis,)
901 2324 1103 2373 obnoxiis,
1140 2323 1377 2376 (praecipue
1413 2323 1447 2363 si
1483 2323 1560 2363 sub

105 2393 275 2434 initium
296 2394 537 2448 paroxysmi
552 2393 720 2433 urinam
742 2406 814 2433 cac
835 2391 1015 2432 reddant
1036 2391 1203 2444 nigram
1225 2404 1272 2430 ac
1287 2390 1557 2443 sabulosam,)

106 2460 387 2501 venae-sectio
418 2460 664 2509 omittatur3
709 2464 751 2499 at
783 2457 921 2512 quoad
950 2457 1123 2510 reliqua,
1157 2457 1304 2497 eadem
1341 2471 1445 2509 quae
1471 2457 1562 2510 jam

107 2527 220 2568 dicta
237 2527 319 2567 fuit
340 2528 407 2567 via
427 2526 602 2568 omnino
622 2524 949 2579 procedendum.

172 2594 280 2647 [12]
322 2594 407 2635 Sed
433 2600 481 2634 ut
505 2594 557 2634 ad
579 2594 812 2642 Calculum,
836 2592 907 2645 qui
934 2591 1062 2644 hujus
1086 2591 1167 2631 loci
1195 2595 1271 2640 est,
1295 2590 1563 2643 grandiorem

108 2668 384 2703 revertamur.
432 2662 558 2703 Quod
594 2661 628 2700 si
660 2661 905 2701 Calculosus
936 2659 1054 2698 nullo
1089 2672 1275 2711 unquam
1307 2659 1564 2712 Paroxysmo

109 2730 359 2784 Nephritico
380 2730 507 2770 fucrit
528 2734 732 2779 tentatus,
756 2743 851 2769 cum
878 2729 967 2781 jam
988 2728 1123 2780 major
1144 2727 1197 2767 sit
1219 2727 1416 2768 Calculus
1438 2741 1565 2780 quam

109 2802 158 2838 ut
189 2812 240 2839 ex
269 2798 378 2852 pelvi
407 2797 537 2850 possit
569 2797 700 2846 elabi;
733 2810 819 2837 non
848 2796 984 2836 solum
1016 2795 1120 2835 nihil
1148 2795 1380 2848 proderunt
1407 2795 1566 2835 ferreae

197 2881 206 2902 ¹
230 2883 280 2913 Cf.
297 2885 429 2914 Proress.
449 2885 509 2913 Int.
526 2894 550 2913 c.
569 2884 622 2913 20.
1076 2885 1097 2898 ¹¹¹
1123 2881 1171 2910 Cf.
1189 2881 1315 2910 formm.
1338 2881 1389 2916 96,
1409 2882 1478 2912 191.
