1985 3308
423 165 712 206 EPISTOLA
744 165 779 205 I.
813 164 1244 205 RESPONSORIA.
1470 165 1552 203 283

99 271 342 313 audiebant.
405 271 464 312 At
495 285 592 313 vero
622 285 711 312 non
740 272 802 312 ita
831 271 968 325 multo
995 275 1184 324 tempore
1212 270 1364 323 elapso,
1389 269 1552 309 duabus
1572 275 1626 325 Dr,
1639 275 1756 305 Mona.

99 340 151 380 de
182 341 330 390 causis,
359 354 446 381 non
483 339 653 393 quidem
682 339 858 389 len'bus,
881 339 1122 389 damnatus,
1146 338 1191 378 in
1228 336 1552 378 desuetudinem
1588 318 1739 392 ᾞὲῐῖἓῧ·

98 421 268 460 prorsus
290 407 393 449 abiit
409 425 416 448 :
450 408 606 458 Primo,
625 407 723 461 quia
742 407 886 460 paucis
903 407 1018 447 horis
1035 411 1135 447 ante
1153 406 1383 446 adventum
1404 418 1551 458 parox-
1574 405 1665 451 lffah
1678 404 1753 451 causs

97 476 208 530 ysmi
233 477 322 529 (pro
343 480 512 530 recepto
532 476 575 516 id
596 476 798 529 temporis
825 476 971 527 more,)
997 474 1222 524 exhibitus,
1245 487 1420 526 aegrum
1446 486 1552 512 non·
1572 474 1755 535 ᾗξγξίῐᾟξᾞζ

97 557 319 596 nunquam
351 558 373 584 e
404 544 542 585 medio
562 544 742 594 tolleret,
765 543 878 597 quod
906 548 948 583 et
977 543 1056 583 civi
1087 542 1255 583 cuidam
1277 539 1552 588 Londinensi‚
1573 549 1699 588 quasin

98 610 319 664 eidemque
338 612 533 653 Senatori
555 611 746 662 Urbano,
765 611 1037 652 Underwood
1057 610 1244 660 nomine,
1262 614 1305 650 et
1323 609 1555 662 Capitaneo
1574 591 1724 662 ζῖᾗζῖζξω

97 678 272 719 nomine
300 679 460 729 Potter,
488 679 533 719 in
561 679 651 720 vico
677 679 804 732 vulgo
833 679 945 720 dicto
971 679 1100 719 Black
1120 679 1278 731 Fryars
1302 677 1555 717 Pharmaeo-
1574 675 1701 706 abierat.

97 747 230 800 polae,
252 747 428 787 memini
451 747 651 788 accidisse
664 765 674 798 ς
706 747 914 788 funestior
934 747 1003 788 hic
1033 746 1215 800 pulveris
1238 746 1387 795 exitus,
1411 759 1555 798 quam-

97 814 158 854 vis
175 814 328 868 oppido
344 829 476 866 rarus,
495 815 686 857 Medicos
702 820 847 856 tamen
868 815 994 869 paulo
1016 815 1271 855 cordatiores
1294 813 1345 854 ab
1364 814 1455 867 ejus
1475 827 1557 852 usu

97 882 250 923 merito
280 883 456 923 retraxit
470 900 481 933 ς
515 883 712 933 secundo,
745 883 844 936 quia
874 896 1008 936 aeger,
1031 896 1109 935 ope
1139 882 1321 936 pulveris
1353 895 1378 921 a
1409 895 1556 934 parox-

97 964 217 1004 ysmo
249 950 350 990 alias
381 950 578 992 invasuro
613 951 830 1001 liberatus,
867 950 995 1003 (quod
1023 951 1273 1004 plerumque
1304 948 1554 1000 eveniebat)

96 1022 243 1058 tamen
263 1018 378 1058 intra
405 1018 492 1059 dies
515 1019 835 1072 quatuordecim
861 1018 1086 1059 recidivam
1113 1023 1162 1058 ut
1183 1017 1414 1071 plin'imum
1440 1022 1556 1070 pate-

97 1090 227 1135 retur,
244 1086 290 1126 in
306 1086 453 1127 morbo
471 1086 628 1127 scilicet
645 1086 816 1136 recenti,
835 1086 1019 1126 necdum
1036 1085 1235 1138 temporis
1252 1098 1377 1125 eursu
1399 1097 1558 1136 suoque

97 1153 241 1193 Marte
262 1154 566 1206 commitigato.
619 1154 813 1194 Maxima
833 1167 930 1206 pars
953 1152 1177 1193 hominum
1193 1152 1260 1192 his
1280 1156 1473 1205 permota
1493 1166 1558 1191 ra-

97 1221 286 1262 tionibus
308 1235 424 1275 spem
441 1221 492 1261 de
513 1221 593 1262 hoc
614 1221 784 1274 pulvere
800 1221 890 1274 jam
911 1220 1075 1274 pridem
1095 1226 1343 1273 conceptam
1363 1219 1558 1273 protinus

99 1288 348 1342 abjiciebat3
392 1302 530 1342 neque
563 1289 678 1329 enim
709 1288 822 1329 tanti
855 1288 1138 1329 aestimabant
1172 1302 1473 1342 paroxysmum
1506 1287 1560 1327 ad

97 1370 252 1410 paucos
284 1356 372 1397 dies
402 1357 626 1410 protelare,
663 1361 712 1397 ut
743 1370 787 1397 se
823 1370 872 1398 eo
903 1357 1077 1397 nomine
1112 1357 1158 1397 in
1188 1357 1299 1396 vitae
1332 1356 1560 1396 discrimen

99 1438 124 1464 a
157 1424 328 1478 pulvere
365 1425 629 1465 intentatum
658 1425 804 1465 induci
840 1429 1101 1478 paterentur.
1181 1423 1290 1479 [18.]
1333 1424 1427 1477 Ego
1461 1437 1560 1464 vero

94 1493 184 1546 jam
205 1492 258 1533 ab
284 1492 444 1545 aliquot
465 1497 579 1533 retro
601 1492 724 1533 annis
750 1492 866 1533 haud
885 1492 1104 1546 vulgarem
1125 1492 1252 1546 hujus
1275 1491 1454 1532 Corticis
1474 1491 1559 1531 vim
1578 1502 1735 1533 Hercule-

100 1560 207 1601 serio
233 1560 512 1614 perpendens,
536 1561 763 1614 animoque
789 1561 1018 1611 revolvens,
1040 1575 1129 1601 non
1157 1561 1238 1601 alio
1266 1560 1401 1613 magis
1429 1573 1559 1614 quam
1577 1555 1633 1574 um
1649 1551 1697 1575 est

1578 1588 1717 1618 medica-

98 1628 178 1670 hoc
208 1628 422 1670 Herculeo
448 1628 760 1670 medicamento
792 1628 930 1669 febres
960 1628 1296 1669 intermittentes
1328 1627 1558 1668 debellatas
1577 1636 1735 1666 mentum,

97 1696 150 1737 iri
177 1696 455 1747 confidebam,
479 1697 526 1747 si,
550 1711 633 1750 qua
653 1711 729 1750 par
757 1701 860 1747 erat,
883 1711 984 1737 cura
1006 1696 1224 1737 accederet
1252 1701 1294 1737 et
1323 1695 1556 1749 diligentia.
1578 1683 1766 1751 {ssssqffirgar

100 1763 188 1804 Diu
219 1764 363 1818 itaque
395 1765 667 1820 multumque
701 1765 814 1818 apud
841 1779 910 1806 me
942 1765 1134 1818 agebam,
1162 1770 1211 1806 ut
1243 1770 1286 1805 et
1318 1764 1504 1818 periculo
1536 1778 1560 1804 a
1577 1759 1726 1831 {xpina-

98 1831 280 1885 pulveris
310 1846 392 1872 usu
420 1832 698 1886 impendenti,
721 1839 763 1874 et
789 1833 996 1874 recidivae
1023 1833 1138 1873 intra
1158 1847 1314 1886 paucos
1345 1832 1433 1872 dies
1461 1831 1560 1872 sub·
1632 1826 1639 1833 ⁸

101 1904 335 1950 secuturae,
362 1901 485 1953 (quae
516 1900 600 1942 duo
636 1906 758 1942 erant
793 1901 1032 1942 amolienda
1061 1901 1360 1954 ineommoda,)
1394 1914 1561 1954 possem

100 1980 332 2018 occurrere,
370 1974 497 2020 atque
533 1982 708 2022 aegrum
743 1969 872 2022 hujus
913 1983 991 2022 ope
1032 1969 1085 2009 ad
1120 1969 1331 2023 perfectae
1368 1967 1562 2009 sanitatis

101 2036 281 2089 gradum
302 2050 559 2090 promovere.

167 2104 274 2158 [19.]
314 2104 469 2155 Primo,
503 2105 737 2158 periculum
779 2104 892 2158 quod
931 2105 1224 2155 minitabatur,
1261 2118 1350 2145 non
1384 2109 1475 2144 tam
1511 2117 1562 2144 ex
1582 2112 1712 2162 Quibus

102 2171 193 2225 ipso
215 2171 383 2212 Cortice
408 2177 560 2212 natum
591 2172 841 2222 arbitrabar,
868 2187 995 2226 quam
1024 2187 1074 2213 ex
1103 2187 1151 2213 eo
1180 2172 1293 2226 quod
1320 2171 1462 2212 minus
1489 2185 1560 2224 op·
1580 2160 1753 2228 Ξὲἕὲζῗίς

101 2245 284 2294 portune
315 2254 441 2293 aegro
472 2240 762 2293 ingereretur:
810 2254 907 2281 eum
941 2241 1055 2281 enim
1084 2241 1144 2281 vis
1171 2241 1323 2293 ingens
1359 2239 1561 2280 materiae
1581 2241 1697 2271 ductus
1720 2246 1769 2271 est

100 2307 260 2348 febrilis
289 2307 436 2349 diebus
458 2323 483 2348 a
502 2322 752 2362 paroxysmo
780 2308 921 2349 vacuis
949 2309 995 2349 in
1019 2322 1191 2362 corpore
1219 2307 1347 2348 fuerit
1373 2311 1560 2360 aggesta,
1581 2284 1767 2357 {ffifffissaffil

100 2376 235 2429 pulvis
255 2376 507 2429 praedictus,
524 2377 558 2416 si
578 2376 824 2417 immediate
848 2381 947 2417 ante
967 2391 1267 2431 paroxysmum
1285 2376 1560 2429 deglutiat-ur,
1580 2369 1769 2452 ἕζῗέἓῗέηὶ

102 2443 203 2484 facit
244 2458 327 2497 quo
367 2444 509 2485 minus
545 2445 723 2485 materia
758 2444 978 2486 morbifica
1012 2446 1103 2499 ipsa
1138 2445 1331 2486 Naturae
1360 2443 1562 2484 methodo
1580 2436 1636 2486 ret.

106 2512 360 2566 (paroxysmi
390 2512 546 2553 scilicet
576 2513 770 2567 impetu,)
805 2513 936 2567 possit
968 2513 1203 2563 eliminari,
1247 2526 1353 2566 quae
1383 2511 1563 2565 proinde

102 2584 268 2633 praeter
287 2579 350 2620 fas
370 2579 536 2621 inclusa
556 2594 733 2634 aegrum
753 2581 800 2621 in
820 2581 931 2621 vitae
960 2580 1189 2621 discrimen
1211 2580 1318 2621 solet
1339 2579 1561 2633 conjicere.

106 2647 201 2688 Hoc
222 2661 300 2701 ego
321 2661 390 2688 me
411 2648 572 2688 malum
598 2649 843 2702 propulsare
864 2662 985 2702 posse
1011 2648 1319 2697 existimabam,
1342 2647 1562 2688 materiae-

105 2728 186 2767 que
206 2715 366 2768 pariter
386 2715 525 2756 febrili
547 2716 599 2756 de
620 2731 729 2757 novo
751 2716 1020 2770 generandae
1042 2716 1206 2757 obicem
1227 2729 1396 2769 ponere,
1419 2715 1466 2765 si,
1488 2715 1563 2755 ubi

102 2783 289 2836 primum
309 2798 657 2838 paroxysmorum
679 2799 790 2824 unus
812 2785 997 2837 affligere
1019 2784 1202 2834 desierit,
1225 2783 1448 2824 confestim
1469 2783 1561 2836 pul-

103 2865 244 2892 verem
271 2851 513 2892 exhiberem
541 2867 625 2907 quo
652 2853 920 2894 insecuturus
949 2853 1319 2901 suffiaminaretur,
1342 2856 1384 2892 et
1413 2851 1562 2892 diebus

103 2918 440 2971 intermissionis,
465 2921 585 2962 statis
616 2921 795 2962 subinde
819 2921 992 2971 vicibus,
1015 2920 1197 2961 eundem
1224 2925 1469 2974 repeterem,
1492 2933 1561 2958 us-
