1985 3308
371 164 455 203 202
785 165 1040 206 THOMAE
1074 165 1413 207 SYDENHAM

196 277 328 308 Coch
370 270 546 324 produci
573 271 763 322 dictabit,
793 272 827 313 si
855 273 1142 327 expendamus
1170 287 1322 326 nempe
1352 271 1691 313 circumstantias
1718 270 1824 319 illas,

167 320 350 394 Αξιζέἰὶζί
371 339 524 393 quibus
553 345 600 381 ut
621 341 850 394 plurimum
881 342 1089 395 originem
1111 356 1231 383 suam
1260 342 1409 382 debet:
1442 340 1688 395 hujusmodi
1709 344 1822 388 sunt,

193 406 328 439 ’ΤΟ-’72
369 422 551 461 magnae
579 413 705 462 atque
732 409 948 450 indebitae
976 409 1196 463 sanguinis
1223 409 1499 462 profusiones,
1522 412 1664 449 motus
1692 407 1824 447 animi

368 476 433 516 uti
463 476 592 517 etiam
623 481 666 517 ct
701 477 884 530 eorporis
915 477 1194 526 violentioreS,
1224 481 1266 517 et
1298 476 1380 516 alia
1414 475 1457 515 id
1493 489 1640 528 genus.
1703 474 1824 516 Quae

368 544 522 594 omnia,
554 545 741 586 remedia
776 545 847 585 illa
883 545 1063 585 suadent
1099 544 1410 598 proscribenda,
1442 558 1467 584 a
1502 544 1655 597 quibus
1690 543 1825 596 major

367 613 594 666 spirituum
621 612 885 666 perturbatio
913 613 1044 666 possit
1073 612 1258 662 excitari,
1282 617 1409 665 atque
1437 626 1583 652 corum
1603 612 1695 652 loco
1723 625 1824 651 ano-

367 680 480 734 dyna
501 694 589 721 esse
618 680 874 734 usurpanda,
896 681 991 721 licet
1013 680 1156 720 viridis
1184 694 1231 720 ac
1259 694 1411 733 pravus
1438 680 1640 720 materiae
1662 679 1823 719 vomitu

364 749 544 802 rejectae
575 749 688 790 color
720 749 980 790 contrarium
1014 749 1201 789 indicare
1231 748 1448 789 videatur:
1482 748 1677 789 subtilior
1707 748 1822 788 enim

363 820 427 856 est
458 822 585 869 atquc
615 817 821 856 minutior
852 817 1040 857 colorum
1072 817 1316 870 speculatio,
1347 831 1474 869 quam
1505 821 1553 856 ut
1585 815 1821 856 evacuatio-

361 884 500 934 nibus,
524 898 627 937 quas
648 884 739 937 ipso
760 884 873 924 facto
895 889 1097 925 nocentes
1127 885 1495 938 deprehendimus,
1518 883 1821 924 authoritatem

361 951 584 992 conciliare
604 951 752 992 valeat.
773 975 777 978 -
815 951 1056 1005 Nullusque
1085 952 1233 993 dubito
1256 952 1453 993 morbum
1474 952 1589 992 hunc
1615 950 1702 1004 (qui
1723 950 1821 991 lieet

360 1019 679 1060 acerbissimum
715 1019 916 1070 dolorem,
949 1021 1117 1060 nullum
1153 1025 1299 1061 tamen
1329 1021 1439 1061 vitae
1475 1019 1714 1069 discrimen,
1749 1033 1819 1072 ap-

358 1087 529 1140 portat,)
555 1086 608 1127 ob
630 1101 790 1127 errores
816 1087 896 1128 hoc
917 1088 1091 1129 nomine
1120 1088 1363 1129 commissos
1385 1088 1585 1128 lethalem
1616 1100 1819 1140 saepenu-

154 1156 300 1205 Ernetiea
359 1168 475 1195 mero
497 1155 684 1195 evadere.
731 1154 867 1205 Adde,
892 1155 1016 1208 quod,
1035 1156 1069 1195 si
1092 1156 1184 1209 quis
1206 1156 1434 1197 emeticum
1456 1156 1521 1196 vel
1541 1155 1818 1196 fortissimum

153 1201 339 1284 ξὲἃρηζέζῗ
358 1222 483 1263 hodie
504 1223 801 1276 propinaverit,
828 1224 892 1275 (ut
913 1224 1071 1264 seilicet
1093 1238 1200 1274 eam,
1220 1239 1348 1278 quam
1368 1229 1505 1278 putat,
1528 1223 1663 1264 morbi
1685 1223 1817 1263 mine-

150 1291 275 1316 ¹²³¹¹t¹¹¹²
357 1307 448 1333 ram
479 1293 728 1346 exhauriat)
763 1307 889 1347 aegra
919 1299 1087 1348 postero
1119 1295 1186 1335 die
1217 1295 1440 1335 materiam
1476 1308 1608 1347 acque
1639 1293 1815 1334 viridem

358 1366 431 1401 aut
452 1361 567 1414 pravi
589 1362 762 1402 alterius
784 1362 945 1412 eoloris,
969 1367 1097 1416 atque
1120 1368 1209 1404 erat
1232 1363 1345 1416 prior
1364 1363 1450 1413 illa,
1473 1367 1651 1403 evomet.

153 1433 192 1483 Ιῃ
210 1435 321 1467 foemi-
422 1430 529 1483 [21]
568 1429 892 1471 Observandum
913 1436 977 1471 est
1007 1436 1166 1481 tamen,
1190 1445 1283 1472 eam
1314 1431 1566 1485 quandoque
1596 1429 1816 1482 sanguinis

150 1483 323 1560 ἓξὲξ-’1
358 1500 485 1550 atque
521 1497 750 1538 humorum
788 1499 951 1552 copiam
988 1499 1173 1552 reperiri,
1207 1514 1313 1553 quae
1349 1499 1552 1540 narcotici
1582 1498 1817 1552 operationi

152 1565 252 1610 menti
270 1575 337 1595 ma-
358 1578 406 1605 eo
427 1579 560 1619 usque
589 1566 778 1616 obsistat,
800 1571 863 1615 ut,
887 1567 1119 1619 quamlibet
1149 1568 1391 1621 saepissime
1420 1572 1650 1621 repetatur,
1673 1580 1815 1619 ergas-

149 1615 318 1686 ἕνιιῗῑέἓῑῗ-ρῑ
355 1647 474 1674 mum
502 1638 648 1675 tamen
679 1634 874 1675 cohibere
902 1640 1098 1688 nequeat,
1126 1635 1207 1675 nisi
1239 1641 1352 1676 secta
1380 1636 1495 1689 prius
1525 1648 1674 1688 aegrae
1695 1648 1814 1684 vena,

150 1692 315 1770 {ffssg¹⁵]¹c¹)in·-
357 1706 430 1741 aut
462 1702 552 1742 alvo
584 1702 816 1752 subducta,
862 1703 974 1755 quod
1009 1703 1053 1743 in
1084 1703 1280 1744 foeminis
1316 1703 1645 1756 temperamenti
1679 1702 1814 1755 magis

148 1785 314 1816 nunquam
357 1770 591 1822 sanguinei,
615 1775 741 1823 atque
762 1771 1035 1823 viraginibus,
1060 1772 1163 1812 mihi
1186 1772 1313 1812 subiit
1336 1778 1496 1812 notare.
1537 1772 1580 1811 Si
1602 1771 1662 1811 ita
1684 1785 1727 1811 se
1748 1785 1814 1811 res

149 1819 304 1899 ἷὲῐὲζξζξζζ
354 1838 521 1889 habeat,
554 1840 618 1879 vel
648 1839 947 1893 phlebotomia,
979 1841 1044 1880 vel
1080 1840 1275 1890 catharsi,
1307 1841 1416 1880 forte
1452 1840 1581 1880 etiam
1617 1845 1812 1892 utraque,

147 1904 333 1977 gielff'fflthar·
355 1907 552 1960 anodyno
586 1907 650 1946 via
680 1907 906 1960 aperienda
936 1913 1024 1958 cst3
1067 1908 1278 1949 celebrata
1309 1908 1421 1948 enim
1458 1907 1610 1947 harum
1641 1907 1812 1957 utravis,

148 1957 306 2028 tr’agssffiu'
353 1975 627 2025 narcoticum,
661 1975 772 2028 quod
812 1976 928 2029 prius
965 1991 1132 2016 summa
1165 1977 1265 2018 lieet
1302 1976 1393 2016 desi
1431 1975 1667 2016 exhibitum
1707 1975 1813 2015 nihil

145 2033 315 2114 ῗῗὲᾞὲἵί-
353 2043 577 2096 quicquam
616 2043 802 2096 profecit,
845 2044 935 2096 jam
977 2044 1105 2084 etiam
1146 2044 1192 2084 in
1231 2044 1433 2084 mediocri
1483 2044 1572 2084 (losi
1613 2043 1812 2084 effectum

147 2118 227 2147 enda
244 2124 298 2148 est„
351 2109 559 2151 obtinebit
582 2111 650 2151 cui
672 2111 976 2151 destinabatur.
1030 2113 1142 2152 Raro
1165 2117 1308 2152 autem
1330 2112 1409 2152 1100
1432 2111 1655 2164 contingit,
1673 2125 1812 2164 neque

349 2182 443 2218 tum
472 2178 711 2218 reiteranda
742 2184 843 2218 sunt
871 2178 974 2219 haee
1003 2179 1202 2220 remedia.
1267 2179 1432 2221 Quibus
1460 2179 1713 2232 praemissis,
1735 2178 1809 2219 ubi

350 2260 453 2299 opus
475 2246 523 2286 iis
545 2246 685 2296 fuerit,
702 2246 748 2286 in
770 2246 977 2300 anodynis
995 2261 1045 2287 ea
1061 2247 1262 2288 methodo
1280 2262 1406 2301 quarn
1423 2247 1468 2287 111
1490 2247 1633 2287 Colica
1655 2247 1810 2287 Biliosa

349 2314 643 2367 proposuimus
673 2315 715 2369 [ξ
739 2314 798 2367 6.]
828 2314 1075 2355 exhibendis
1106 2315 1462 2368 progrediendum
1488 2320 1564 2364 est,
1589 2329 1695 2368 quae
1723 2329 1809 2355 ere-

150 2380 237 2410 Haec
254 2392 320 2412 11¹0-
349 2382 465 2422 l)1·ius
487 2383 702 2436 parciusve
725 2387 824 2423 sunt
846 2383 1079 2436 ingerenda
1102 2398 1177 2436 pro
1200 2383 1352 2424 doloris
1374 2383 1610 2424 recedentis
1632 2383 1808 2424 ratione.

146 2423 333 2508 iloirofqhslgss‘}
352 2450 472 2491 Quae
509 2451 679 2504 quidem
714 2451 953 2501 methodus,
985 2465 1183 2505 praesens
1220 2456 1347 2504 atque
1382 2452 1548 2491 instans
1585 2451 1808 2492 vehemen-

145 2512 329 2592 {ffffjfrfjssl'ss-
350 2519 501 2558 tissimi
523 2519 675 2559 doloris
705 2525 944 2573 symptoma
969 2524 1140 2560 tantum
1166 2519 1333 2572 respicit
1347 2537 1358 2568 3
1393 2534 1489 2560 cum
1518 2534 1606 2559 non
1633 2519 1701 2560 1110
1728 2519 1807 2560 1001

146 2593 197 2625 cit.
215 2603 278 2624 non
350 2585 478 2635 illam,
502 2601 585 2639 qua
608 2586 746 2626 morbi
775 2600 925 2627 causae
954 2587 1205 2637 occurritur,
1226 2587 1494 2627 tractandam
1524 2587 1571 2626 in
1601 2600 1669 2627 me
1694 2600 1807 2626 rece-

147 2645 277 2666 causam
428 2654 434 2659 -

145 2678 255 2709 morbi.
349 2667 481 2706 perun
489 2685 496 2692 ·

148 2737 211 2768 Hic
230 2750 314 2770 mo„
415 2721 545 2774 [22]v
578 2721 687 2761 Cum
705 2736 800 2762 vero
821 2721 890 2762 hic
910 2721 1083 2762 morbus
1100 2726 1189 2762 tam
1206 2722 1251 2762 in
1267 2721 1659 2776 hypoehondriacis,
1678 2735 1805 2775 quam

142 2780 201 2810 bus
223 2781 254 2811 5¹¹
272 2784 316 2813 ³⁰·
349 2787 581 2841 hystoricis,
608 2790 723 2840 (nam
750 2789 988 2843 utrobique,
1006 2794 1054 2829 ut
1076 2789 1158 2830 alio
1179 2790 1270 2831 1000
1298 2790 1496 2843 [Dissert.
1511 2791 1646 2842 Epist.
1668 2791 1690 2844 ξ
1708 2790 1797 2843 59.]

145 2828 157 2851 t

144 2825 304 2904 ᾱῖὲῗηὸἒέξ
349 2854 524 2904 dicetur,
557 2871 631 2908 par
661 2862 724 2898 est
755 2858 893 2910 ratio‚)
928 2858 1170 2911 saepissime
1200 2858 1246 2898 in
1275 2858 1406 2899 ictero
1437 2858 1628 2898 desinere
1659 2857 1802 2908 soleat,

600 2946 611 2957 ‘⁷
638 2941 761 2971 Desunt
779 2942 811 2972 in
827 2942 876 2972 ed.
897 2943 948 2973 '76
966 2943 999 2980 ἐξ
1018 2944 1068 2973 22.
1087 2943 1139 2975 23.
1155 2948 1280 2982 practer
1295 2945 1394 2982 Atque
1411 2945 1482 2972 haec
1499 2943 1548 2982 ιςϊ.
